1984 3309
116 164 145 211 bt
312 172 372 209 rins
387 173 410 220 ι,
427 170 520 216 osser.
537 172 608 222 um,
623 171 679 209 err.
696 174 715 210 ι,

112 251 226 315 recipiens
246 249 366 313 quemdam
377 246 545 298 distinctionem
560 251 585 297 et
606 248 725 310 ordinem3
740 249 774 299 ite
788 247 850 313 qrrbd
873 252 925 305 snb

111 323 202 373 nomine
213 334 277 383 equo
286 320 355 371 etiem
364 318 408 369 eliu
419 319 684 382 comprehenderimus
693 320 859 385 supradictum
869 331 922 377 est.

111 390 187 443 'lertid
200 390 255 443 verb
268 392 305 441 die
320 392 439 441 formatum
454 391 489 441 est
503 390 609 441 mtimnm
622 406 719 455 mous,
734 390 820 443 olbeet
838 397 921 461 terra,

111 476 154 526 per
171 464 214 513 boe
228 464 288 525 qrrod
303 463 445 525 discooperta
455 464 495 513 est
508 458 587 526 uquis3
602 467 626 513 et
635 464 694 513 lucta
710 466 746 514 est
759 464 878 516 distinctio
893 467 922 517 in

111 532 201 594 intimo,
214 548 264 598 que
283 534 367 585 dieitur
379 538 446 585 terrm
461 538 486 584 et
502 534 580 585 meris.
594 535 658 585 Unde
669 536 726 585 satis
744 535 843 597 congrue
855 538 922 588 sicut

111 604 272 655 informitatem
288 608 353 657 terrae
362 611 518 670 expresserat,
528 604 617 668 dmens,
629 607 690 670 quod
700 609 784 657 «term
795 609 922 659 eratinvi-

111 677 184 729 sibilis
192 677 229 727 rel
242 677 318 727 innuis
329 676 378 742 (t):
389 694 402 725 o
416 677 448 727 ite
463 676 514 741 ejus
525 678 684 729 lormutienem
696 678 804 742 exprimit
816 693 859 744 per
869 682 920 733 bne

112 750 171 812 quod
183 748 252 810 dicit,
265 766 279 797 u
293 753 317 799 et
334 754 441 813 appareat
454 750 526 800 eddo.
539 766 554 797 o

142 821 281 884 ltprimum
291 834 344 884 erge
355 821 483 882 dicendum,
491 820 551 884 qubd
562 822 687 872 secuudum
698 822 850 884 locusticum
858 823 919 876 idec

110 889 135 939 in
148 904 217 955 opere
227 893 299 942 tertie
311 890 357 941 diei
371 904 416 941 non
428 892 499 941 utitur
510 892 625 957 Scriptura
636 894 706 946 verbo
720 892 839 957 laedonis,
850 895 918 947 sicut

110 964 136 1013 in
154 963 333 1027 precedentibus
355 962 461 1027 operibus
471 1000 479 1027 ‚
497 967 523 1013 ut
545 964 677 1015 ostendetur
701 966 761 1028 quod
781 966 918 1028 superiores

110 1035 201 1097 terme,
216 1032 300 1085 scilicet
319 1034 448 1098 spirituales
463 1035 594 1099 angelorum
610 1040 634 1086 et
649 1035 775 1086 wlestinm
790 1048 918 1100 corporum

109 1110 164 1157 sunt
176 1107 283 1171 perlecto
295 1110 318 1157 et
331 1106 424 1158 stabiles
439 1106 464 1158 in
479 1122 542 1164 esse,
554 1104 696 1159 tormererb
705 1108 841 1159 interiorum
857 1114 916 1161 sunt

109 1178 249 1245 imperfecte
267 1182 291 1229 et
301 1179 395 1230 mobiles
409 1195 415 1229 :
433 1183 457 1231 et
470 1180 523 1230 ideo
534 1193 577 1244 per
591 1180 790 1244 congregationem
800 1194 917 1245 uquarum

109 1253 134 1299 et
146 1250 300 1314 apperentium
315 1251 392 1315 uite,
406 1251 525 1315 impressio
541 1250 623 1302 talium
635 1252 758 1302 lemanum
769 1252 915 1314 designetur.

109 1324 174 1386 Aque
185 1322 246 1372 enim
263 1326 298 1374 est
307 1323 388 1373 labiter
398 1324 473 1384 ilum,
487 1328 548 1373 terre
561 1322 673 1373 stabiliter
681 1322 742 1386 lixa,
752 1326 777 1372 nt
789 1322 842 1387 ipse
855 1325 916 1376 dicit

109 1394 163 1443 inll
176 1395 258 1459 Super
269 1401 327 1445 deo.
341 1392 377 1444 od
394 1396 436 1445 lit.
451 1396 517 1459 (περ.
535 1395 590 1459 li).
601 1395 730 1445 Secundum
742 1394 796 1446 rerd
811 1396 868 1446 alios
877 1398 916 1450 ‹li-

109 1467 207 1516 cendum
226 1468 334 1531 estquod
350 1480 407 1531 opus
429 1465 503 1517 tertie
523 1466 570 1516 dici
586 1470 622 1516 est
641 1467 767 1530 perlectum
784 1469 916 1521 secundum

109 1538 182 1588 solnm
196 1542 282 1589 motum
304 1539 408 1589 localem.
425 1540 454 1588 Et
471 1538 524 1588 ideo
540 1551 588 1587 nou
605 1537 705 1601 oportuit
714 1539 775 1601 quod
793 1538 917 1603 scriptura

109 1612 211 1660 uteretur
224 1610 294 1661 verbo
306 1609 419 1661 ieetmnis.

139 1681 174 1732 Ad
188 1683 313 1731 secundnm
324 1682 388 1745 putet
402 1680 484 1734 solutio
493 1680 617 1729 secuudum
627 1679 791 1744 Augustianos,
801 1681 857 1744 quie
865 1693 917 1731 nom

108 1755 198 1815 oportet
211 1752 298 1816 dicere,
312 1751 373 1816 quod
384 1756 446 1803 terre
458 1749 532 1815 primb
541 1754 604 1801 esset
611 1758 719 1815 cooperte
726 1752 800 1817 uqub,
810 1757 835 1804 et
844 1758 919 1817 post-

108 1824 201 1875 modnm
210 1837 274 1888 eque
289 1828 343 1875 sunt
354 1826 496 1887 congregate
504 1837 511 1886 3
520 1823 561 1873 sed
574 1824 634 1887 qnod
644 1823 669 1873 in
682 1824 724 1874 tuli
735 1826 918 1889 wngregatione

109 1895 201 1945 luerunt
217 1898 343 1959 producte.
359 1895 489 1945 decumum
508 1892 565 1945 rerb
582 1894 641 1945 elios
652 1894 773 1960 tripliciter
787 1898 918 1961 responde-

107 1970 158 2027 tur,
170 1972 195 2017 ut
211 1967 349 2031 Augustinus
368 1965 422 2017 dicit
436 1964 543 2029 isuper
557 1968 617 2018 Gen.
630 1967 665 2016 ud
680 1967 721 2017 lo.
735 1966 797 2031 (cop.
812 1966 846 2030 t).
861 1970 917 2019 Uno

108 2040 188 2101 modo,
202 2044 227 2091 ut
237 2054 301 2104 eque
311 2040 336 2089 in
346 2040 455 2100 majorem
467 2038 608 2089 altitudinem
619 2040 666 2089 sint
675 2042 770 2091 elevato
781 2041 806 2089 iu
814 2040 865 2091 loeo
874 2042 918 2092 ubi

109 2116 161 2160 sunt
176 2116 326 2175 congregate.
343 2111 400 2161 Nem
419 2115 531 2161 moreest
548 2110 616 2161 aluus
627 2115 699 2170 term,
711 2114 737 2160 ut
756 2112 918 2176 experimento

107 2188 248 2247 compertum
265 2186 300 2236 est
314 2182 337 2231 in
350 2182 407 2232 mari
421 2182 513 2245 Rubro,
525 2187 552 2231 ut
571 2182 668 2232 Basilius
681 2182 745 2233 dicit.
764 2182 871 2234 Secundo
887 2188 918 2233 ut

107 2254 195 2304 dicatur
204 2256 264 2317 quod
276 2253 348 2303 remor
356 2266 419 2316 equa
428 2255 492 2305 velut
501 2255 585 2304 nebula
595 2258 668 2305 reuss
678 2254 783 2317 tegebat,
793 2268 844 2317 que
857 2268 917 2308 uun·

107 2326 238 2389 gregalibus
255 2326 349 2374 densata
365 2328 408 2375 est.
426 2323 503 2375 Tertio
520 2326 604 2386 modo,
622 2328 649 2374 ut
667 2325 756 2375 dicatur
774 2325 834 2387 qnod
850 2329 914 2377 terre

108 2398 182 2461 potuit
191 2397 277 2458 siquas
286 2398 361 2459 partes
368 2398 470 2459 prebere
477 2410 591 2447 concavas
598 2396 682 2459 quibus
691 2396 835 2446 conduentes
843 2410 913 2461 uquae

107 2468 269 2531 reciperentur.
285 2468 347 2517 luter
361 2481 419 2531 prus
430 2467 504 2533 prime
515 2469 604 2519 ridetur
616 2468 762 2531 probabilior.

139 2540 173 2589 ld
190 2537 282 2588 tertium
295 2538 432 2604 dicendum,
450 2539 510 2604 qnbd
529 2554 687 2603 omues-nque
701 2553 773 2589 unum
787 2538 914 2593 murmuro

108 2610 206 2672 babent,
222 2609 308 2661 seilicet
320 2624 396 2675 mare‚·
410 2612 433 2662 in
445 2608 507 2675 qnod
522 2612 641 2661 mnduuut
658 2613 696 2663 rel
708 2612 859 2662 manducetis
872 2614 914 2665 rel

143 2744 177 2807 (1).
187 2747 324 2800 inuisibilis
334 2750 427 2807 quidem
438 2751 505 2805 luite
519 2750 645 2796 editionem
657 2748 697 2792 70.
712 2751 866 2806 interpretum
880 2763 911 2797 eu

108 2822 183 2867 gresso
196 2810 302 2881 ἀόρατος.
318 2813 405 2859 looo'is
415 2819 491 2857 nutem
505 2812 639 2870 invulgata
652 2812 754 2859 editione
762 2845 768 2872 ,
776 2813 842 2869 justo
852 2826 911 2870 gra·

109 2892 160 2927 cum
171 2914 177 2943 ‚
189 2883 283 2953 κένωμα
294 2896 334 2931 seu
349 2881 459 2929 vacuitas.
