1984 3309
295 192 327 229 nu
343 192 421 229 ornas
437 191 551 229 sueonum
567 194 625 229 ursr.
832 186 860 231 tt

54 274 98 325 siut
110 271 235 323 rationales
245 273 359 320 oreaturae
368 306 374 328 ,
384 268 423 319 sed
431 268 484 332 quia
491 270 642 319 consideratio
651 282 729 320 earum
738 271 862 334 prudenter

54 346 168 396 aseneum
179 342 323 393 habentibus
333 342 486 404 contemplata
497 340 682 402 glorificationem
693 342 782 406 perlicit
792 344 861 393 Crea-

54 418 120 465 toris.
134 415 226 466 »Unde
240 413 328 463 ibidem
343 412 405 462 idem
416 412 497 462 dieitur
511 412 539 462 de
549 412 601 475 igne
612 418 637 463 et
646 414 769 476 grandine,
784 418 807 464 et
817 416 862 464 bu-

54 488 162 550 possedi,
172 488 202 537 de
216 484 303 549 quibus
315 486 406 533 consul
415 482 475 546 qudd
486 498 532 534 non
542 489 595 534 sunt
606 485 727 537 rationales
739 491 860 536 creaturae.

56 558 174 608 Dicendum
183 561 221 607 est
230 569 296 619 ergo,
305 554 367 617 qubd
376 557 431 604 suut
439 568 504 619 aque
512 556 655 619 corporales,
663 559 702 607 sed
710 558 789 620 quales
796 570 861 621 aque

55 628 113 689 sint,
127 631 219 692 oportet
231 624 387 676 diversimode
403 625 503 675 dillinire
518 626 641 676 seeundirm
656 627 767 678 diversam
780 629 808 678 de
822 629 861 677 dr-

54 706 166 751 momento
186 697 338 749 sententiam.
357 697 382 745 Si
400 696 462 747 enim
477 711 520 761 per
539 697 705 748 firmamentum
722 698 862 761 intelligatur

55 772 134 821 cutum
147 772 280 831 sidereum,
288 769 350 832 quod
359 768 452 832 ponitur
461 780 511 819 esse
526 770 554 819 de
563 774 644 819 natura
654 775 751 832 quatuor
760 772 864 820 elemen-

53 848 134 905 torum,
146 842 199 907 pari
215 841 306 890 ratione
317 843 414 903 utaque
424 854 473 903 quae
484 855 552 905 super
561 842 631 891 coelos
641 845 703 903 sunt,
711 841 814 905 ejusdem
824 854 864 892 na·

55 920 110 965 tura
125 919 240 979 poterunt
253 913 316 963 uredi
336 926 390 963 cum
409 913 586 964 elementaribus
597 913 669 978 aquis.
686 914 712 963 Si
730 918 806 964 autem
823 928 865 978 per

57 986 223 1037 firmamentum
232 984 375 1046 intelligatur
386 985 469 1035 uoelum
479 985 605 1047 sidereum,
615 986 675 1048 quod
685 999 730 1036 nun
743 986 773 1036 sit
782 986 810 1035 de
822 999 863 1035 ua-

55 1060 105 1107 tura
117 1062 217 1121 quatuor
230 1057 410 1119 elementorum,
425 1060 479 1106 tuno
490 1060 514 1105 et
528 1069 593 1119 aquo
607 1057 652 1107 illae
666 1070 718 1120 quar
733 1060 786 1106 suut
797 1070 865 1121 supra

56 1128 238 1190 firmamentum,
249 1140 297 1177 uun
307 1130 376 1177 erunt
385 1128 414 1177 de
423 1131 503 1177 natura
513 1127 687 1177 elementarium
695 1142 812 1192 aquarum.
820 1129 865 1179 Sed

56 1200 112 1249 siout
130 1198 259 1251 seeundum
280 1199 388 1248 Strabum
406 1198 488 1248 dieitur
505 1200 587 1249 eoelum
607 1212 770 1263 empyreum,
787 1199 812 1249 id
830 1204 867 1249 est

57 1271 160 1333 igneum,
176 1275 275 1335 pmpter
293 1272 368 1320 solum
382 1269 540 1332 splendorem,
554 1271 588 1319 ita
604 1270 692 1320 dicetur
707 1271 770 1320 aliud
781 1273 864 1321 omium

57 1356 161 1404 aqueum
176 1346 275 1407 propter
283 1342 356 1391 solam
364 1340 569 1404 diapbaneitatem,
584 1342 645 1405 quod
657 1345 693 1391 est
705 1355 773 1405 supra
783 1343 865 1392 uoelnm

57 1413 174 1465 sidereum.
187 1413 271 1464 Posito
287 1412 358 1463 etiam
373 1410 435 1475 quod
447 1412 613 1463 firmamentum
629 1412 660 1462 sit
673 1412 765 1462 alterius
782 1416 867 1464 nature

58 1490 137 1545 prater
149 1490 251 1550 quatuor
266 1486 394 1544 elementa,
411 1485 483 1535 adbuc
500 1489 576 1548 potest
593 1485 639 1534 diei
652 1484 713 1548 qubd
727 1498 797 1547 aquas
807 1484 867 1534 diui-

62 1557 105 1619 dit,
114 1557 134 1606 si
142 1572 184 1621 per
198 1570 285 1623 aquam
298 1570 346 1606 non
360 1557 501 1606 elementum
511 1570 577 1621 aquae
583 1592 592 1619 ,
606 1557 648 1606 sed
660 1556 777 1607 materiam
795 1556 866 1607 intur·

60 1641 118 1677 mem
128 1642 250 1693 corporum
256 1627 429 1691 intelligamus,
440 1630 465 1675 ut
473 1628 613 1691 Augustinus
619 1626 676 1677 dicit
685 1628 768 1691 Super
778 1628 864 1677 Gener.

59 1699 94 1747 od
106 1699 158 1757 tit„
167 1701 268 1751 Contra
279 1699 391 1751 Mooied.
400 1698 448 1763 (lib.
459 1700 478 1763 1,
487 1705 562 1763 capti
574 1704 598 1749 et
609 1699 640 1761 7)
656 1715 663 1747 :
675 1699 728 1762 qnia
742 1698 868 1749 seeundum

58 1770 99 1820 boe
109 1770 221 1834 quioquid
231 1774 267 1820 est
283 1771 344 1820 inter
358 1782 466 1833 corpora,
480 1770 562 1820 diuidit
576 1783 647 1834 aquas
657 1771 686 1820 ab
700 1771 774 1833 aquis.
784 1770 809 1818 Si
819 1783 863 1819 au-

58 1844 104 1891 tem
115 1856 156 1904 per
166 1843 339 1891 firmamentum
353 1839 493 1903 intelligatur
502 1854 556 1905 pars
568 1841 628 1891 aeris
635 1840 661 1889 in
672 1854 717 1903 qua
731 1841 804 1891 nubes
814 1854 869 1890 eon·

60 1912 189 1974 demantur,
200 1912 236 1963 sie
250 1926 317 1975 surra
332 1925 386 1975 quae
400 1924 468 1975 supra
479 1912 643 1962 firmamentum
659 1917 720 1975 suut,
730 1915 782 1961 sunt
794 1924 869 1975 aqua,

60 1996 109 2045 quar
122 1984 289 2047 vaporabiliter
301 1982 426 2042 resoluta,
441 1996 508 2046 supra
523 1982 622 2045 aliquam
639 1986 727 2045 partem
745 1981 804 2033 aeris
823 1983 869 2031 ela-

59 2058 152 2116 uautur,
167 2068 197 2104 ex
213 2054 298 2117 quibus
311 2053 398 2119 pluvia
410 2057 553 2115 generantur.
568 2054 647 2104 llioere
657 2054 720 2104 enim
732 2052 791 2116 qndd
803 2065 868 2116 aque

60 2126 220 2188 vaporabiliter
229 2126 336 2176 resolute
347 2124 467 2175 eleventur
474 2139 543 2189 supra
551 2127 634 2175 omium
642 2125 755 2175 sidereum
765 2123 774 2187 (
783 2128 809 2174 ut
817 2124 868 2188 qui-

62 2196 110 2245 dam
118 2197 239 2254 dixerunt.
249 2210 349 2261 quonum
357 2194 490 2258 opinionem
498 2197 638 2259 Augustinus
645 2194 869 2259 tangitinllSuper

18 2260 24 2282 '
66 2269 147 2319 dees.
162 2268 199 2319 od
212 2268 278 2332 lit),
289 2272 326 2317 est
337 2266 435 2317 omnino
446 2266 757 2332 impossibile31nmpropter
770 2268 871 2319 solidita·

67 2344 108 2389 tem
116 2341 168 2391 eceli
173 2378 184 2405 ‚
193 2344 246 2390 tum
256 2342 353 2403 propter
361 2336 479 2399 regionem
489 2338 550 2403 iguis
558 2339 667 2402 mediam,
679 2352 730 2403 qua
742 2339 872 2403 hujusmodi

67 2423 156 2473 sapores
168 2414 325 2473 consumeret,
336 2414 388 2459 tum
398 2408 451 2471 quia
458 2410 530 2472 lucus,
540 2409 586 2474 qub
596 2412 699 2461 teruntur
709 2411 769 2460 levia
780 2414 803 2462 et
810 2424 869 2473 rara,

67 2488 98 2531 en
109 2483 169 2533 iutra
182 2496 309 2533 uonmvnm
328 2481 392 2533 orbis
408 2480 481 2545 lunae,
496 2486 546 2532 tum
562 2482 647 2543 etiam,
664 2486 717 2548 qula
733 2483 872 2533 sensibiliter

66 2558 156 2616 apparet
169 2567 269 2619 vapores
287 2567 334 2603 nou
350 2552 438 2603 elevari
455 2566 527 2616 usque
546 2555 573 2604 ad
591 2555 711 2604 eacumina
724 2556 872 2618 quorumdam

67 2626 184 2675 montium.
200 2624 265 2683 Quod
281 2624 352 2675 etiam
366 2623 448 2674 dicum
464 2622 492 2674 de
506 2624 655 2683 rarolautioue
672 2625 772 2688 eorporis
785 2624 810 2674 in
819 2624 873 2674 intl-

22 2742 23 2749 ,
69 2696 134 2745 uitum
146 2699 243 2760 propter
249 2697 294 2746 boo
306 2695 369 2759 quod
381 2707 465 2756 eorpus
478 2699 515 2745 est
525 2696 549 2744 in
560 2696 676 2746 infinitum
691 2694 817 2759 divisibile,
831 2710 873 2746 va-

22 2786 23 2798 *
69 2780 117 2817 num
132 2772 185 2817 est:
202 2768 321 2817 nonenim
329 2779 416 2829 oorpus
426 2768 527 2817 naturale
539 2767 565 2817 in
574 2768 690 2819 inlinitum
702 2768 818 2829 diuiditur,
833 2772 872 2817 aut

23 2842 26 2911 t
68 2838 150 2900 uult,
162 2840 204 2889 sed
218 2840 333 2901 usquead
348 2840 439 2888 eertum
451 2838 583 2889 terminum.

24 2926 26 2962 r
97 2908 127 2959 ld
140 2911 241 2975 primum
255 2922 309 2973 ergo
324 2908 464 2969 dioendmu,
478 2910 538 2974 quod
554 2910 689 2974 quibusdam
706 2910 796 2958 uidetur
815 2909 873 2956 ratio
