1984 3309
222 195 254 232 bit
269 192 419 233 vaunnam
433 193 464 232 Ιῗ
481 193 669 234 murmuro.
802 187 849 234 739

55 273 206 323 iuuentute.
225 271 260 321 lb
275 271 351 335 abqrro
361 274 439 323 autem
455 272 539 324 dieitur
553 286 604 324 esse
619 271 702 337 aliquid
720 271 847 338 dupliciter.

56 345 104 395 llno
115 343 182 394 morlo
190 342 286 404 duecte
300 341 360 407 qubrl
369 343 457 394 scilieet
467 343 569 408 procedit
580 344 607 394 ab
619 343 694 408 abono
705 343 849 408 inquantum

55 420 88 466 est
104 427 187 478 agens,
204 413 262 464 sieut
277 414 394 466 calefactio
407 414 421 466 i
434 415 516 466 onore.
532 415 581 466 llio
596 415 662 468 modo
680 413 806 478 indireolb,
820 427 850 466 ex

55 489 96 538 buu
108 486 158 552 ipso
175 485 236 550 quod
249 499 296 536 nou
305 484 365 549 agit,
378 485 438 537 sium
452 485 576 537 submersio
590 485 656 538 navis
671 485 753 538 dieitur
769 499 819 539 erse
837 485 850 536 l

55 559 203 623 gubernatore
217 556 243 607 in
253 561 362 621 quantum
378 557 468 609 demetit
481 558 495 608 l
508 559 661 622 gubernando.

83 630 128 681 Seri
140 629 258 680 solendum
269 629 332 693 qubrl
345 642 393 681 non
402 641 494 694 semper
507 629 532 680 id
548 631 608 693 quod
620 629 722 694 seqnitur
732 629 761 680 ad
773 629 849 680 neruu-

55 699 220 762 murmuris,
234 698 349 751 reducitur
366 699 426 750 rirrut
439 700 464 750 in
478 712 570 751 eausam
583 699 607 750 in
620 713 691 763 epuns
705 713 736 751 ex
748 713 776 750 eo
790 700 852 764 qubrl

57 786 101 825 nou
111 773 170 836 agite
183 771 224 823 sed
235 771 308 823 solim
316 774 386 836 tune,
396 771 448 822 utum
458 775 537 837 potest
548 776 573 823 et
583 772 651 823 dubet
661 785 736 836 apere.
749 772 773 821 Si
788 772 848 824 euim

53 847 188 908 gubernator
203 857 250 895 non
260 846 338 908 pomet
351 856 434 894 narem
445 844 559 908 dirigere,
574 844 612 894 uel
623 856 670 895 non
681 846 741 894 esset
755 843 777 894 ei
788 855 851 894 com·

53 916 122 966 missa
136 915 273 980 gubernatio
285 915 366 979 narb,
381 928 428 966 non
437 914 588 980 imputaretur
600 913 622 966 ei
634 914 701 966 navis
715 915 851 978 submersio,

54 1003 102 1052 pue
117 1001 161 1052 per
174 987 303 1039 absentiam
315 985 473 1050 gubernatoris
485 987 633 1052 contingeret.
650 987 707 1046 Quia
726 985 795 1049 igitur
810 997 852 1037 ro·

54 1060 128 1112 lunas
139 1058 237 1110 volendo
253 1061 278 1109 et
295 1058 382 1122 agendo
398 1061 475 1121 potest
489 1059 600 1123 impedire
617 1059 661 1110 boe
677 1057 739 1121 quod
756 1059 792 1106 est
804 1071 853 1107 uon

54 1131 114 1182 uelle
127 1134 153 1182 et
169 1145 218 1180 oon
234 1144 322 1194 opere,
338 1133 361 1181 et
381 1129 502 1193 aliquando
520 1130 603 1192 debet,
615 1130 660 1180 bue
678 1130 739 1193 quod
757 1131 793 1180 est
805 1141 853 1178 uuo

54 1202 114 1253 uelle
123 1203 148 1253 et
161 1216 209 1252 nou
218 1215 293 1266 apere
301 1201 425 1266 imputatur
437 1201 548 1265 ei,quasi
557 1201 643 1265 abipsa
653 1200 754 1252 existens
765 1215 770 1248 ε
786 1199 853 1249 etsie

54 1274 230 1324 uoluntarium
252 1275 327 1336 potest
347 1285 399 1324 esse
416 1271 501 1335 absque
521 1275 587 1333 autu;
604 1272 739 1335 quandoque
758 1269 852 1333 quidem

56 1347 141 1410 ubsque
153 1346 208 1395 autu
222 1343 343 1407 exteriori,
357 1357 410 1394 unm
420 1347 473 1395 aetn
485 1343 601 1406 interiori,
611 1343 669 1394 siout
680 1341 731 1393 oium
742 1341 792 1390 vult
808 1353 855 1391 nun

55 1430 138 1481 agere3
153 1416 277 1479 Quanto
294 1419 371 1466 auteur
390 1415 460 1466 etiam
483 1415 568 1478 absque
587 1419 638 1465 autu
662 1411 779 1474 interiori,
795 1410 855 1461 siout

54 1488 106 1539 uim
119 1501 170 1539 nou
185 1487 243 1537 vult.

85 1561 118 1611 bd
133 1559 233 1624 primurn
243 1572 298 1623 ergo
311 1558 430 1610 diensium
439 1597 446 1621 ,
456 1557 703 1622 quolvotuutarlum
712 1553 794 1606 rlioitm
808 1565 854 1604 nun

55 1633 129 1682 solinu
139 1632 202 1696 qnod
213 1629 314 1695 prooeriit
325 1630 339 1680 l
349 1630 464 1681 voluntate
475 1628 575 1691 rlireuti,
588 1629 648 1679 sieut
660 1628 689 1678 ab
699 1627 794 1690 agente,
813 1625 853 1676 sei

53 1703 124 1754 etiam
136 1703 199 1766 quod
211 1704 248 1753 est
259 1702 288 1752 ab
300 1715 329 1753 ea
338 1700 458 1762 indirecte,
469 1701 530 1751 sieut
543 1700 557 1751 i
568 1712 614 1752 non
624 1701 717 1763 agente.

87 1775 121 1825 llrl
134 1774 261 1825 aeorrndum
274 1773 407 1835 rlioeurlum,
422 1771 482 1835 qubri
493 1788 541 1822 nou
553 1771 616 1822 uelle
628 1770 711 1824 dieitur
727 1767 855 1832 dupliciter.

56 1847 107 1897 b'no
118 1845 187 1896 morlo
200 1847 269 1908 prout
278 1843 375 1894 sumitur
385 1843 441 1893 invi
451 1843 520 1894 unius
529 1842 649 1907 dictionis,
662 1839 786 1893 seeundum
796 1839 857 1903 quod

54 1920 92 1968 est
106 1914 225 1966 infinitum
239 1915 308 1978 buius
320 1913 398 1977 uerbi,
408 1913 473 1964 noto.
485 1915 549 1965 llnrle
564 1914 623 1964 siout
636 1912 688 1963 oium
699 1910 765 1962 diuo:
777 1909 857 1960 «Nolo

55 1990 311 2053 legere,ueenmeest:
320 1987 453 2037 «tolonen
463 1988 572 2050 legerem
581 1984 733 2048 itabouquorl
741 1985 776 2032 est
788 1995 858 2032 ‹rnou

55 2061 119 2113 velle
127 2061 218 2123 legem,
234 2058 371 2122 »signifieat
382 2074 396 2105 u
406 2058 465 2108 velle
474 2071 522 2108 uon
532 2059 623 2121 leper03
633 2073 647 2103 u
661 2059 683 2107 et
694 2054 728 2105 sio
738 2067 786 2103 noo
796 2051 859 2100 uelle

55 2134 139 2181 causat
155 2130 368 2180 involuntarium.
380 2128 430 2179 llio
443 2128 511 2178 modo
526 2127 621 2178 sumitur
631 2126 655 2176 in
664 2125 688 2174 ui
698 2122 822 2181 orationis,
834 2123 859 2171 et

56 2207 116 2253 tune
127 2213 176 2253 nun
191 2200 317 2252 affirmatur
330 2203 393 2250 aetus
407 2197 544 2262 noluntatia3
560 2200 584 2248 et
596 2195 726 2260 hujusmodi
735 2208 783 2244 uon
797 2191 859 2242 nette

55 2288 106 2326 non
117 2275 196 2326 oaumt
207 2271 419 2322 irwolunturtam.

89 2344 126 2394 bd
140 2342 234 2394 tertium
246 2342 379 2406 dicendum,
394 2341 454 2406 qubrl
470 2353 499 2391 eo
513 2339 579 2390 modo
596 2337 716 2403 requiritur
729 2336 757 2388 arl
773 2336 861 2386 voluu-

56 2417 161 2467 turium
179 2418 243 2465 nutus
253 2412 405 2477 cognitionis,
418 2412 479 2463 sieut
488 2413 513 2462 et
526 2414 590 2464 autre
604 2410 729 2462 voluntatis
736 2446 745 2473 ,
759 2412 786 2460 ut
798 2408 861 2458 uide-

55 2490 116 2539 licet
132 2486 164 2536 sit
175 2485 199 2534 in
214 2488 326 2550 potestate
338 2484 434 2548 alicujus
442 2483 594 2546 oonsiderure,
604 2485 628 2533 et
638 2482 696 2532 velle
707 2484 730 2531 et
742 2493 822 2545 agure;
837 2483 870 2530 et-

57 2565 133 2620 tunu,
146 2556 208 2608 sieut
225 2569 272 2607 nou
286 2556 344 2607 velte
360 2559 385 2605 et
401 2567 540 2617 nonageno,
556 2553 608 2608 olum
623 2556 713 2617 tempus
732 2550 814 2614 luerit,
829 2553 864 2602 est

58 2627 233 2691 voluntarium,
247 2627 280 2677 ita
291 2626 360 2678 etiam
373 2639 419 2676 non
433 2625 584 2677 considerare.
