1984 3309
262 188 293 227 on
309 189 435 231 rornnrns
451 194 639 235 mrmrnerrsrr.
808 190 854 239 dol

337 343 497 428 inmensus
514 347 565 397 xrr.
590 333 599 355 ’

76 464 164 509 Uirium
176 466 317 523 modernis
326 468 360 513 ait
368 470 598 577 ᾳιὲιᾱὲοηίερεοὶαἱὶε
605 476 711 529 potentio
721 476 750 523 ud
762 478 820 525 olia's

409 545 430 577 es
450 546 479 576 nc
490 547 514 578 α,

68 645 103 696 id
116 646 283 698 duodecimum
295 647 330 699 sie
343 649 474 712 proceditur
484 649 528 718 (l).
541 650 636 703 Videtur
645 653 706 717 qudd
719 658 854 722 synderesis

35 716 66 764 sit
78 718 185 780 quedam
198 720 312 784 specialis
325 721 430 783 potentia
441 720 469 770 ab
484 721 536 772 aliis
545 722 661 775 *distincta
674 726 707 777 Ea
726 729 787 779 enirn
802 744 853 795 quae

38 790 120 839 radunt
131 791 176 840 sols
185 804 234 841 una
248 791 376 855 diuisione,
389 791 497 842 ridentur
512 806 563 845 esse
575 794 645 845 unios
658 798 757 859 generis.
769 800 812 851 Sed
826 801 852 851 in

38 860 116 911 Glossa
132 860 286 928 Hieronymi,
307 862 412 920 street,
432 864 451 914 1.
474 863 584 915 dividitur
607 868 751 931 synderesis
773 876 852 925 eontra

38 932 211 990 irascibilem,
226 936 252 984 et
265 934 540 998 concupiscemus
556 937 727 1000 rationalem,
738 948 852 1007 quaesunt

38 1005 140 1065 medam
154 1005 280 1070 powndn
297 1006 499 1071 Ergospnderesis
509 1008 658 1072 estquedun
675 1012 787 1075 potentia.

73 1080 97 1124 t.
111 1078 237 1142 Praeterea,
246 1077 352 1142 opposita
363 1082 418 1128 sunt
431 1079 499 1129 onius
513 1080 602 1142 generis
611 1080 649 1147 (ex
663 1094 716 1147 cap.
727 1085 765 1133 De
774 1100 854 1150 oppo-

38 1148 101 1196 silis
107 1162 180 1213 prope
187 1148 252 1215 lin).
263 1150 309 1200 Sed
319 1150 452 1215 synderesis
461 1156 485 1201 et
493 1152 631 1203 sensualitas
639 1154 725 1218 opponi
733 1156 849 1220 videntur,

36 1219 89 1279 quia
101 1221 239 1285 synderesis
252 1234 346 1286 semper
363 1221 460 1272 inclinat
472 1223 502 1272 ad
512 1224 610 1287 bouum,
626 1226 764 1278 sensualitas
774 1230 850 1278 autem

38 1303 126 1355 semper
138 1293 169 1343 ad
182 1293 287 1356 malum3
304 1294 366 1343 unde
379 1306 422 1357 per
437 1298 567 1357 serpentem
584 1294 740 1360 significatur,
752 1303 777 1349 ut
788 1302 851 1363 patet

36 1375 76 1422 per
87 1364 259 1428 leguminum,
269 1364 319 1415 llll.
330 1364 369 1414 De
382 1365 461 1426 Trio„
473 1370 533 1430 (rap.
547 1370 578 1417 lt
592 1368 678 1431 etit).
690 1368 784 1421 Videtur
796 1384 851 1435 ergo

37 1435 93 1494 quod
108 1436 248 1500 synderesis
258 1436 290 1486 sit
301 1436 415 1500 potentia,
427 1436 486 1486 sieut
496 1441 520 1486 et
530 1437 673 1489 sensualitas.

69 1511 92 1553 d.
106 1508 245 1571 Praeterea,
262 1508 406 1571 rugosum
426 1508 483 1558 dicit
501 1508 526 1559 in
542 1508 583 1560 lio.
602 1508 734 1562 Delibero
753 1509 848 1563 arbitr.

55 1576 92 1625 lib.
100 1579 126 1640 ll,
135 1592 192 1643 esp.
202 1578 245 1643 n),
257 1580 319 1643 qnod
328 1596 342 1628 u
350 1580 377 1629 in
390 1580 493 1629 naturali
503 1580 643 1643 judicatorio
653 1582 737 1632 adsunt
745 1583 849 1645 medam

37 1650 129 1715 mente,
140 1654 167 1702 et
178 1649 273 1701 semina
284 1651 397 1701 virtutum
411 1654 435 1701 et
450 1664 505 1701 sera
517 1655 540 1703 et
554 1652 757 1704 incommutabilia.
771 1670 785 1701 »
795 1652 849 1705 lieo

34 1725 105 1771 uriom
117 1722 223 1773 diuinum
236 1722 390 1786 synderesim.
406 1723 464 1772 Cum
481 1736 536 1787 ergo
550 1725 635 1787 regule
648 1722 850 1776 incommutabiles

34 1794 110 1852 poribus
122 1794 276 1857 judicemur,
287 1795 420 1859 pertineant
431 1796 459 1846 ad
469 1796 581 1847 rationem
591 1798 715 1847 seeundum
728 1798 765 1849 sui
776 1810 846 1865 supe·

34 1864 111 1915 riorem
122 1869 235 1931 mrtem,
254 1869 279 1915 ot
297 1866 440 1931 Augustinus
458 1866 574 1918 dieitllll.
594 1868 627 1918 de
642 1870 710 1919 Trio.
732 1870 792 1935 (cap.
810 1868 845 1935 2),

33 1937 119 1987 videtur
127 1938 341 2003 qnodsynderesis
352 1939 386 1989 sit
395 1939 457 1989 idem
466 1940 527 2003 quod
536 1940 603 1993 ratio.
613 1942 641 1991 nt
650 1940 682 1991 ita
692 1945 728 1992 est
739 1941 846 2007 quasdam

32 2011 138 2068 mentia.

58 2082 100 2132 Sed
113 2084 215 2142 eontra,
228 2096 244 2128 u
254 2082 366 2146 potentin
379 2082 504 2135 rationales
517 2096 542 2135 se
555 2082 642 2137 habeut
659 2084 687 2135 ad
701 2083 843 2149 opposita‚u

32 2154 153 2204 mondum
174 2152 345 2217 Philosophum
360 2154 416 2218 (IX.
434 2156 554 2220 lietopd„
570 2159 629 2206 text.
650 2154 692 2220 d).
707 2154 842 2220 synderesis

32 2230 158 2277 autemnon
167 2238 196 2275 se
203 2224 275 2275 habet
284 2227 313 2277 ad
324 2226 440 2291 opposita,
449 2228 491 2277 sed
500 2228 528 2277 ad
536 2227 622 2278 bonum
633 2232 722 2278 tautum
733 2227 838 2277 inclinat.

33 2295 81 2359 Erro
89 2296 230 2363 synderesis
237 2310 285 2348 uon
298 2297 454 2363 estpotentia.
467 2299 491 2348 Si
505 2299 567 2349 euim
577 2302 638 2350 esset
649 2298 762 2364 potentia,
771 2312 840 2365 opor-

31 2367 80 2481 }Jeret
99 2370 167 2434 qnod
185 2372 250 2419 esset
265 2368 385 2421 rationalis
400 2371 519 2435 potentia3
535 2384 580 2421 noo
601 2370 662 2421 onim
679 2370 795 2421 inuenitur
816 2371 840 2421 in

44 2441 104 2490 ruiis.

57 2512 222 2574 (Coronosro.
239 2535 271 2549 —-
281 2510 420 2576 Synderesis
434 2526 480 2564 nou
493 2514 599 2577 quaedam
619 2514 723 2581 specialis
738 2513 840 2579 potentia

34 2589 60 2630 est
73 2585 165 2636 ratione
182 2583 264 2645 altior,
278 2586 344 2635 velut
359 2586 453 2655 naturu3
465 2586 506 2635 sed
523 2586 615 2635 habitos
627 2587 717 2651 quidam
732 2586 840 2636 naturalis

35 2655 191 2721 principiorum
207 2655 375 2720 operabilium3
390 2656 451 2705 sieut
469 2657 600 2707 intellectus
614 2658 705 2708 habitus
719 2663 755 2708 est
770 2656 838 2722 prio-

35 2724 134 2786 ‘ipiorom
145 2727 340 2793 speculantium,
360 2732 385 2778 et
402 2740 449 2777 non
461 2727 564 2791 potentia
581 2728 679 2793 aliqua.)

59 2862 88 2921 ts)
105 2866 189 2911 Deliis
207 2864 318 2911 etimirr
330 2867 369 2926 11,
381 2864 461 2915 Serri„
473 2866 528 2911 dist.
541 2866 586 2925 st,
601 2876 642 2922 qn.
659 2866 690 2924 ἓ,
710 2872 753 2911 art.
772 2863 837 2919 thet

35 2926 115 2986 (ll-10,
128 2929 164 2974 De
178 2930 271 2979 serit„
285 2934 330 2974 art.
343 2927 357 2973 1
368 2934 395 2974 et
406 2928 423 2973 ἱ
435 2929 464 2973 ad
479 2927 505 2974 d.
