1984 3309
151 206 198 253 Μ
338 212 399 251 rans
412 214 430 262 1,
445 213 537 257 unser.
552 213 643 267 cxxxv,
657 214 712 251 aar.
727 214 762 251 ιιι.

444 362 605 415 laudunus
621 361 658 414 111.

179 483 266 529 Utricm
274 481 352 540 magis
361 480 509 587 universo&
516 479 655 588 ἷῖιιῑιρηέια
662 481 689 524 in
701 485 787 525 constan
794 486 952 541 cognitione

465 557 475 589 c
504 556 516 587 e
536 556 561 587 ec
572 556 605 587 oo
615 562 632 587 v.

179 666 213 716 ad
228 666 320 715 tertium
334 662 367 714 sic
383 654 520 727 proceditur.
540 661 634 713 Videtur
650 662 711 726 qudd
728 664 803 726 magis
815 668 979 725 universalia

148 752 194 789 non
208 737 254 787 sint
262 735 337 801 priora
349 734 375 785 in
389 739 465 785 nostra
478 734 610 797 cognitione
620 734 776 785 intellectuali.
790 738 855 796 Quia
869 756 901 793 ea
925 762 980 810 qua·

148 813 202 861 sunt
216 808 292 873 priora
306 810 329 858 at
343 806 432 857 notiora
445 804 570 855 secundini
587 808 704 871 naturam,
718 811 772 857 sunt
785 812 933 871 posteriora
958 826 978 868 et

147 880 223 931 minis
235 884 291 931 nota
300 877 426 931 secundnm
444 890 494 927 nos.
508 877 553 931 Sed
563 876 701 929 uriversalia
712 880 766 929 sunl
781 880 868 943 prior-a
884 901 980 941 secun-

148 953 203 1005 ddm
215 954 333 1014 naturam,
345 948 398 1013 qnia
413 947 502 1013 «prius
519 952 555 999 est
565 948 633 1013 aquo
644 962 691 999 non
705 952 854 1003 convertitur
873 965 979 1012 essenus

148 1021 320 1087 mnsequentia.
332 1038 346 1067 ιι
361 1021 422 1083 Ergo
437 1018 576 1071 universalia
587 1023 639 1072 sunt
650 1020 776 1085 materiam
786 1022 812 1071 in
821 1030 978 1090 cognitione

149 1094 221 1146 nostri
233 1092 373 1144 intellectis.

179 1171 203 1216 i.
219 1166 342 1226 Preterea,
354 1162 479 1227 composita
497 1168 552 1214 sunt
564 1162 640 1228 priora
654 1164 731 1227 quoad
744 1177 803 1225 nos,
817 1167 901 1230 qnam
914 1176 976 1226 sim.

148 1237 225 1302 plicia.
243 1236 289 1286 Sed
305 1234 443 1285 universalia
459 1239 514 1286 sunt
532 1234 678 1299 simpliciora.
693 1234 752 1299 Ergo
766 1240 820 1287 suut
843 1246 979 1303 posterius

148 1313 203 1360 nota
215 1308 290 1372 quoad
303 1320 353 1357 nos.

56 1442 62 1451 ⁶
181 1384 204 1430 3.
219 1377 512 1442 commanducamus
526 1378 582 1430 dicit
595 1374 620 1427 in
633 1378 651 1427 l.
668 1377 775 1442 ripato„
789 1378 887 1443 qnod«
909 1390 977 1441 disti.

148 1452 223 1503 nitnm
234 1450 297 1515 priis
310 1451 371 1500 cadit
384 1450 409 1502 in
424 1448 555 1513 cognitione
567 1452 646 1499 nostra
662 1449 730 1515 quim
740 1455 819 1515 partes
837 1455 978 1513 diffinitio

149 1524 193 1575 nis.
212 1539 226 1569 ιι
244 1522 288 1573 Sed
303 1520 467 1571 universaliora
485 1525 538 1571 sunt
556 1524 634 1585 partes
650 1520 792 1573 diffinitionis
810 1524 899 1578 minis
919 1535 977 1583 uni.

147 1595 287 1656 sersalium,
302 1592 361 1643 sicut
380 1593 464 1643 animal
478 1597 514 1645 est
531 1606 583 1657 pars
603 1592 743 1643 diffinitionis
762 1595 881 1649 hominis.
907 1604 975 1669 Ergo

146 1666 286 1719 universalia
298 1669 351 1715 sunt
360 1664 473 1729 posteritas
489 1669 544 1716 nota
557 1666 631 1729 quoad
645 1678 695 1715 nos.
725 1702 742 1721 ι.

181 1743 204 1787 t.
218 1740 343 1801 Praeterea,
357 1752 399 1802 per
408 1738 503 1788 edoctus
517 1738 651 1788 devenimus
662 1738 685 1787 in
697 1750 778 1787 causas
792 1742 816 1789 et
828 1742 973 1811 principia,

147 1810 193 1860 Sed
205 1808 342 1862 universalia
357 1813 411 1860 sunt
424 1810 527 1873 quedam
538 1809 657 1874 principia.
672 1810 730 1872 Ergo
743 1810 890 1864 universalia
912 1827 975 1871 sunt

148 1882 263 1947 posterius
274 1887 325 1932 nota
341 1883 416 1947 quoad
427 1895 478 1933 nos.

179 1955 226 2004 Sed
241 1958 320 2004 contra
336 1958 386 2017 est,
399 1954 461 2016 qnod
471 1952 553 2003 dicitur
566 1952 591 2003 in
602 1953 621 2002 l.
633 1952 746 2017 Phyma„
758 1952 820 2018 qudd
835 1974 852 2004 n
861 1972 894 2009 ex
916 1966 975 2013 unp.

147 2026 272 2078 versalibus
285 2024 310 2075 in
329 2025 452 2088 singularia
467 2028 556 2089 oportet
571 2024 686 2075 devenire.
697 2041 712 2073 ιι

182 2098 336 2158 (Cosmusro.
352 2124 384 2133 -
396 2095 466 2159 llagis
480 2096 619 2146 universalia
630 2100 652 2146 et
666 2096 794 2147 communia
810 2104 869 2150 snut
880 2106 974 2165 priora

90 2225 99 2241 ⁰
147 2167 171 2218 in
184 2172 262 2218 nostra
274 2166 424 2219 intellectuali
438 2170 463 2216 et
474 2166 585 2217 sensitiva
598 2166 754 2231 cognitione.)

179 2240 315 2304 Respondeo
328 2238 466 2300 dicendum,
478 2236 539 2299 quid
553 2238 577 2286 in
589 2238 718 2301 cognitione
735 2240 809 2290 nostri
820 2240 973 2299 intellectis

147 2310 289 2374 dnooportet
303 2309 454 2361 considerare.
463 2308 539 2359 Primd
551 2308 656 2373 qudem,
667 2311 726 2374 qudd
738 2311 840 2375 cognitio
849 2314 972 2369 intellec-—

148 2381 196 2432 tiva
206 2383 282 2445 aliquo
295 2382 363 2431 modo
374 2380 507 2431 iscnsitiva
515 2380 662 2444 primordium
675 2384 752 2433 sumit.
765 2384 794 2433 Et
803 2386 860 2449 qnia
872 2402 970 2443 sensus

148 2458 183 2503 cst
195 2452 359 2515 singularium,
374 2452 503 2504 intellectus
517 2458 592 2503 autem
611 2454 789 2515 universalium,
805 2470 906 2509 necesse
928 2470 970 2513 est

147 2524 209 2588 qudd
224 2522 324 2586 cognitio
339 2523 503 2587 singularium,
522 2526 597 2587 quoad
614 2540 669 2590 nos,
685 2527 746 2591 prior
762 2528 792 2578 sit
810 2529 882 2593 qnam
907 2536 969 2584 uni—

147 2596 271 2647 versalium
289 2595 400 2658 cognitio.
413 2595 518 2646 Secum'o
539 2600 627 2660 oportet
643 2598 787 2649 considerare
805 2599 870 2663 qudd
888 2602 967 2654 intel—

146 2669 220 2719 lectus
230 2670 309 2717 noster
317 2668 345 2717 de
353 2668 456 2733 potentia
469 2667 494 2717 in
506 2672 581 2718 actum
592 2670 701 2731 procedit.
716 2673 788 2721 Omne
800 2676 882 2723 autem
893 2678 963 2737 quod

146 2739 250 2805 procedit
263 2738 291 2788 dc
304 2738 405 2801 potentn
416 2739 441 2788 in
452 2743 536 2800 acum,
547 2737 611 2802 priris
620 2742 761 2804 pervenitad
774 2746 851 2793 actum
867 2744 966 2797 incom-

146 2812 248 2876 pletum,
263 2810 304 2873 qui
321 2814 356 2861 cst
372 2810 459 2860 medius
478 2810 539 2861 inter
554 2813 677 2873 potentiam
694 2818 717 2863 et
732 2818 823 2879 actum,
838 2816 906 2881 qnam
927 2819 963 2869 ad

146 2887 222 2933 actum
230 2881 369 2947 perlectum.
382 2885 450 2933 lotus
461 2886 536 2932 autem
546 2883 669 2947 perlectus,
679 2885 708 2936 ad
719 2898 787 2949 quem
794 2888 903 2952 pervenit
918 2891 963 2939 iu-

148 2954 261 3018 tellcctus,
271 2954 412 3007 detenentia
421 2955 546 3019 completa,
558 2968 677 3021 perquam
693 2956 799 3011 distincti
808 2964 833 3012 et
843 2961 961 3012 determi-
