1984 3309
333 202 366 243 lt!
378 202 529 245 thum'm
784 204 832 252 119

29 281 90 343 quiid
108 280 198 344 mquid
214 278 281 330 simul
293 285 316 331 et
328 281 454 333 violentum
469 286 494 333 et
513 286 628 350 mturale3
646 286 678 337 ita
690 286 831 352 impossihile

30 352 143 415 estquod
162 351 249 416 aliquid
269 352 400 417 simpliciter
412 355 444 404 sit
461 359 566 405 coactum
587 357 635 407 sive
655 358 793 424 violentum,
808 365 832 412 et

30 423 186 475 uoluntarium
197 423 241 488 (l).
250 424 380 475 Necessitas
389 429 465 476 autern
474 426 527 477 linis
535 442 581 479 non
589 434 702 493 repugnat
710 431 829 498 voluntati,
849 462 893 491 w·

31 497 119 558 quaudo
128 497 159 547 ad
169 496 239 546 men
251 508 298 546 non
307 500 383 561 potest
392 497 510 561 perueniri
521 498 566 563 pisi
576 514 622 550 nno
634 502 701 553 ruodo
713 518 719 551 :
730 504 791 554 sicut
801 518 830 555 ex

30 570 146 619 uoluntate
161 568 295 619 transeundi
308 582 384 632 mare,
398 571 424 619 tit
436 571 563 622 necessitas
575 571 726 624 inuoluptate
741 581 765 626 ut
777 578 832 629 velit

32 653 120 689 navem.
134 638 248 690 Similiter
262 639 329 690 etiam
344 654 388 691 nec
400 641 524 691 necessitas
537 644 647 695 naturalis
664 652 776 711 repugnat
786 663 830 699 vo·

33 709 124 774 luntati3
138 709 242 774 quinimo
254 724 348 762 neeesse
361 716 397 762 est
410 713 470 776 qnod
484 714 543 764 sicul
562 714 690 767 intellectus
704 731 733 768 ex
751 732 831 771 neces-

34 782 95 831 sitate
111 782 209 834 inheret
228 781 309 847 primis
323 782 457 847 principiis,
476 784 508 835 ita
527 786 633 839 uoluntas
653 800 682 839 ex
697 790 830 843 necessitate

35 853 139 904 inherent
151 854 233 904 ultimo
244 854 298 917 lini,
315 854 356 919 qui
373 858 410 905 est
424 855 548 907 beatitudo.
564 857 629 909 Finis
641 858 702 910 enim
718 874 743 911 se
762 862 831 912 habet

36 924 59 972 in
69 926 196 988 operatiuis,
207 925 269 976 sicut
282 925 421 991 principium
429 925 454 976 in
464 928 623 991 speculativis,
635 935 662 980 ut
673 931 754 982 dicitur
765 934 790 985 in
800 934 830 985 ll.

41 995 109 1056 Plpo.
125 999 195 1060 (text.
216 1001 247 1047 89
257 996 276 1063 ).
290 999 387 1063 Oportet
399 997 461 1049 enim
475 998 536 1063 quod
556 999 612 1051 illud
627 1003 688 1066 quod
698 1004 832 1055 naturaliter

39 1065 105 1115 alicui
115 1070 220 1120 conuenit
228 1073 252 1120 et
258 1069 420 1134 immobiliter,
432 1070 463 1121 sit
471 1071 646 1123 fundamentum
658 1079 682 1125 et
692 1074 831 1139 principium

39 1139 134 1189 omnium
148 1140 258 1203 aliorum,
271 1142 326 1205 quia
337 1145 420 1193 natum
434 1142 468 1193 rei
480 1146 516 1193 est
525 1144 625 1207 primum
639 1144 663 1195 in
677 1160 830 1211 unoquoque,

40 1214 60 1257 et
70 1212 139 1262 omnis
150 1216 226 1263 motus
241 1213 346 1278 procedit
359 1214 387 1264 ab
401 1214 477 1279 aliquo
488 1214 608 1266 immobili.

66 1284 96 1332 dd
108 1284 205 1347 primum
218 1298 273 1349 ergo
287 1285 408 1336 dicendum
412 1325 421 1351 ,
432 1285 493 1350 qudd
505 1288 600 1337 verdum
617 1289 737 1353 Augustini
748 1293 783 1341 est
795 1289 831 1339 iu-

38 1354 176 1417 indigendum
194 1356 223 1409 de
242 1358 373 1408 necessario
391 1358 527 1409 necessitate
551 1359 684 1411 coactionis.
702 1360 831 1412 Necessitas

38 1428 91 1476 euin
104 1429 212 1479 naturalis
224 1443 272 1480 non
285 1428 361 1480 auderi
372 1428 499 1482 incudm
510 1432 645 1497 uoluntatis,
658 1436 684 1482 ut
697 1432 796 1498 ipsemet
806 1431 830 1482 iu

38 1499 107 1549 codem
119 1500 179 1550 libro
193 1500 247 1552 dicit
258 1501 303 1567 (2).

68 1572 96 1620 ld
114 1574 238 1623 secuudum
258 1573 397 1638 dicentium,
417 1572 474 1639 quod
500 1574 605 1625 voluntas
625 1574 749 1626 secundum
770 1574 830 1641 quod

38 1641 109 1705 alonis
119 1644 257 1696 naturaliter
265 1646 331 1710 uult,
342 1645 416 1710 magis
423 1646 546 1710 respondet
555 1646 681 1698 intellectui
692 1646 829 1697 naturalium

36 1715 190 1779 principiorum
203 1716 273 1782 quim
284 1718 382 1782 rationi,
396 1732 447 1782 qne
460 1718 488 1768 ad
509 1718 614 1785 opposita
627 1732 652 1769 se
672 1720 749 1770 habet.
765 1718 829 1769 Unde

35 1786 149 1839 sandoro
157 1789 215 1854 hoc,
226 1789 301 1853 mag'm
315 1794 352 1841 est
364 1790 544 1840 intellectualis
556 1802 624 1855 quam
638 1790 776 1841 rationulis
788 1802 828 1854 po·

35 1861 104 1909 destas.

60 1932 91 1980 id
99 1931 193 1982 tertium
201 1932 337 1996 dicendum,
347 1932 409 1996 qnod
417 1947 495 1985 sumus
503 1934 589 1985 domini
599 1938 726 1985 uostrmum
736 1937 829 1984 actuum

35 2004 150 2053 mcnndum
165 2005 224 2067 quod
236 2018 362 2069 possumus
372 2004 417 2055 hoc
429 2006 467 2055 cel
480 2005 536 2056 illud
549 2005 642 2069 eligere.
655 2005 741 2055 Electio
752 2006 828 2054 autem

35 2087 73 2123 non
84 2077 155 2127 estde
166 2075 220 2142 fine,
230 2077 274 2127 sed
282 2077 312 2128 de
321 2077 359 2128 his
367 2078 521 2141 pracontal
535 2078 613 2142 finem,
624 2080 651 2128 ut
660 2076 742 2127 dicitur
752 2076 774 2125 in
786 2074 827 2124 lll.

36 2147 106 2198 illu.
124 2150 191 2200 Unde
206 2150 325 2215 appetitus
344 2150 421 2200 ultimi
436 2151 489 2201 finis
508 2164 554 2203 non
576 2155 612 2203 est
629 2151 657 2201 de
680 2149 717 2200 hie
733 2160 828 2212 quorum

36 2218 112 2270 donini
125 2234 213 2272 summ.

61 2337 89 2399 (l)
101 2341 181 2387 Etiam
191 2345 261 2397 prout
269 2340 443 2386 oolurm'm
452 2341 564 2398 aecipitur
572 2352 615 2397 pru
625 2344 753 2397 spontaneo
760 2340 827 2395 iuxta

36 2399 135 2448 inertum
149 2413 251 2461 presens
262 2421 269 2458 t
283 2404 439 2449 voluntarium
452 2404 514 2448 enim
524 2402 586 2460 quod
596 2403 684 2449 arbitrii
697 2403 826 2449 libertatem

36 2461 149 2524 inportat,
160 2478 208 2511 non
221 2473 306 2513 coacto
319 2467 357 2511 uel
371 2467 473 2511 violento
491 2466 594 2524 tantum,
603 2466 644 2511 sed
658 2471 682 2511 et
694 2465 826 2513 necessario

37 2526 173 2582 disemum
189 2535 215 2574 ut
227 2542 270 2576 suo
289 2532 343 2575 loco
362 2535 468 2592 notatam
481 2534 530 2587 cst,
546 2534 569 2573 et
589 2534 637 2573 tum
652 2528 713 2585 saepe
728 2528 828 2573 inculcet

38 2588 54 2629 S.
65 2593 173 2637 Thomas.

60 2658 88 2718 (2)
107 2663 137 2707 δι’
150 2668 230 2708 aetem
250 2659 351 2724 (inquit)
367 2662 415 2709 illo
435 2661 556 2721 definitur
574 2674 621 2707 ecee
638 2662 778 2709 securitas,
791 2672 826 2732 oe-

37 2725 131 2769 ‘todem
142 2737 214 2783 quom
224 2726 333 2771 dicimus
341 2738 434 2771 coemo
444 2737 491 2771 ecce
504 2729 532 2770 ot
542 2726 579 2769 ito
591 2725 624 2769 ait
636 2722 734 2781 aliquid
742 2723 780 2767 oei
791 2725 827 2767 etc

38 2783 80 2833 lat,
94 2792 176 2833 nescio
189 2800 236 2834 caer
249 2802 303 2834 eom
317 2791 446 2835 timeamus
459 2802 490 2833 oc
503 2786 572 2832 uobis
585 2786 717 2835 libertatem
728 2784 826 2843 auferat

38 2847 164 2896 nocetum.
