1984 3309
153 134 199 181 lat
340 143 401 181 vsvs
416 142 439 192 v,
455 140 555 187 nomer:
565 142 651 193 cxxvi,
663 142 718 181 ann.
733 142 766 182 nv.

151 224 186 271 est
200 220 309 271 sensitiva
321 223 422 282 lanmm,
436 218 590 283 corruptibilis
603 222 651 283 esl3
666 220 756 285 quando
767 220 824 273 voro
835 220 888 273 cino
898 234 968 273 sen·
981 238 982 241 ¹

150 291 390 342 sitivointelleotirum
399 293 482 353 babet,
494 296 531 341 est
544 290 730 355 incorruptibilis.
743 292 809 342 Licet
823 294 884 345 enirn
900 308 962 345 sen·
981 310 982 321 ¹

152 362 243 413 nurum
256 363 447 427 incorruptionem
460 377 507 413 non
518 362 556 414 det
563 400 572 427 ,
583 367 662 415 tamen
674 362 870 429 incorruptionem
884 366 960 419 intel-
981 386 982 393 ¹

150 434 232 485 lectivo
243 435 333 486 anferre
346 450 394 487 non
403 439 484 499 polest.

183 508 216 556 llll
231 508 494 570 secundnmrlieenvlnm,
505 504 565 571 quod
574 506 653 558 lonnae
664 520 709 557 non
723 506 898 559 collocantnrin
911 526 957 575 ge-

152 591 206 629 nere
216 579 252 628 vel
262 578 286 627 in
295 579 384 643 specie,
393 580 434 630 sed
443 580 576 643 composita.
587 579 658 629 Homo
667 582 742 629 aulem
752 578 912 644 corruptibilis
924 589 965 632 est

151 649 209 700 sient
220 655 244 700 et
257 650 299 699 alia
314 650 429 700 animalia.
446 651 510 701 Unde
526 650 651 700 differentia
663 652 788 701 secundum
801 654 962 717 corruptibile

152 727 176 772 et
192 721 376 786 incorruptibile,
390 737 440 786 que
454 726 490 773 est
509 736 537 772 ex
550 726 617 785 parte
623 722 825 789 *mmnmnpnon
843 725 900 775 lacit
913 728 962 776 bo-

152 793 237 845 minem
247 794 370 845 moundom
381 808 453 859 genus
465 794 494 844 ab
508 794 558 844 aliis
566 794 700 845 animalibus
707 795 811 846 llillerre.

183 866 217 917 nd
229 866 320 917 tertium
329 866 458 930 dicendum,
470 865 531 931 qobrl
540 864 603 930 prius
612 866 698 917 embrio
709 866 778 917 hebel
789 868 893 919 animam
904 884 960 935 quan

151 943 187 991 est
196 939 307 990 sensitiva
317 943 415 990 tantnm.
426 941 474 998 Qua
485 940 560 989 ablata
566 976 575 1002 ,
582 937 674 988 advenit
683 938 806 1003 perfectior
817 940 898 991 anime
909 958 964 1007 qnae

151 1017 187 1063 est
195 1012 262 1062 sinim
275 1012 385 1063 sensitiva
397 1015 422 1063 et
430 1011 587 1074 intellectiva,
600 1015 625 1061 ut
634 1010 694 1061 iniri
703 1010 795 1075 plenius
808 1015 962 1065 ostendetur.

181 1085 216 1135 lul
226 1087 331 1148 quonum
339 1085 477 1147 dicendum,
487 1082 548 1147 quoe
558 1096 603 1134 non
613 1086 703 1148 oportet
713 1085 838 1134 mundam
849 1085 961 1137 diversas

150 1158 253 1208 rationes
265 1156 304 1207 vel
313 1156 454 1207 intentiones
465 1156 564 1219 logicas,
575 1170 626 1219 quim
634 1159 805 1220 consequuntur
815 1159 914 1208 modum
924 1160 963 1208 in-

151 1229 279 1293 telligendi,
289 1227 442 1279 diversitatem
449 1228 474 1277 in
484 1230 552 1278 rebus
560 1228 701 1278 naturalibus
710 1227 822 1292 accipere3
833 1228 890 1292 quia
898 1232 961 1281 ratic

151 1314 222 1351 unum
235 1301 329 1351 elidem
340 1302 466 1351 monadum
477 1299 580 1350 diversos
592 1301 671 1349 modos
683 1298 853 1363 apprehendere
865 1306 958 1365 potest.

151 1372 208 1432 Quia
218 1372 300 1436 imma,
316 1376 342 1422 ut
355 1371 439 1421 dictum
450 1376 499 1434 est,
511 1371 586 1421 anima
599 1370 739 1422 intellectiva
752 1370 839 1423 virtute
850 1374 964 1424 continet

151 1444 173 1495 id
183 1444 245 1508 quod
253 1444 362 1495 sensitiva
373 1445 451 1506 babet,
462 1448 488 1493 el
499 1444 572 1493 adhuc
583 1442 688 1507 amplius,
698 1446 773 1507 polest
781 1456 889 1495 seorsum
900 1447 963 1496 ratio

150 1515 293 1567 considerare
302 1516 363 1578 qnod
373 1515 472 1579 pertinet
479 1516 508 1565 ad
514 1514 621 1564 virtutem
631 1514 755 1577 sensilium,
766 1515 832 1577 qussi
840 1518 963 1579 quoddam

150 1587 307 1651 imperfectum
316 1591 339 1636 et
346 1586 468 1635 mannate.
480 1588 509 1635 lit
518 1585 571 1649 quia
581 1586 624 1637 boc
634 1585 721 1635 invenit
730 1598 852 1637 commune
863 1587 963 1639 bomini

151 1662 176 1709 et
186 1658 237 1708 aliis
244 1657 391 1720 animalibus,
403 1671 431 1705 ex
442 1658 607 1707 hortationem
619 1657 709 1719 generis
719 1658 815 1717 lornats
826 1656 851 1707 iri
862 1661 925 1713 veni>
936 1662 960 1709 in

150 1745 195 1795 quo
209 1731 286 1781 anima
303 1728 443 1779 intellectiva
454 1728 588 1779 sensitivam
602 1730 704 1792 excellit,
724 1729 810 1793 accipit
826 1732 896 1794 quasi
911 1736 962 1784 lov-

150 1803 209 1854 nale
226 1805 250 1853 et
264 1799 437 1864 completivum,
453 1804 476 1848 et
488 1813 518 1851 ex
532 1813 560 1851 eo
574 1800 656 1851 format
670 1799 820 1851 dill'ersnlinm
842 1803 958 1854 bominis.

444 1945 604 1995 nucleolos
620 1946 657 1995 lu.

155 2056 239 2100 Ulrv‘vm
247 2056 272 2099 ιιι
282 2053 375 2097 tremine
385 2053 416 2095 sil
423 2054 558 2109 otiosorum
565 2057 650 2111 practer
657 2054 763 2098 nnirvrnm
770 2054 961 2101 irrlelleetionm.

181 2165 214 2215 bvi
226 2169 330 2229 quartum
341 2162 373 2211 sic
388 2162 526 2226 proceditur.
540 2161 634 2212 Videtur
645 2162 704 2225 quod
720 2163 745 2211 in
758 2162 855 2213 bomine
867 2165 900 2215 sil
915 2167 961 2216 alia

150 2238 223 2286 lovena
236 2241 319 2300 preter
331 2233 431 2283 animam
444 2233 617 2283 intellectivam.
631 2233 691 2282 llicit
706 2233 767 2283 enim
786 2234 958 2300 Philosophus,

150 2310 175 2358 in
191 2308 230 2358 lll.
250 2310 286 2357 De
296 2307 382 2356 eninm
391 2305 456 2370 (tent.
474 2310 487 2355 l
502 2310 525 2355 el
537 2310 559 2365 5)
569 2345 575 2366 ,
585 2306 645 2368 priori
660 2322 674 2352 u
687 2305 762 2354 anivna
775 2308 811 2353 est
825 2311 894 2356 actus
908 2322 961 2357 cov-

150 2380 212 2445 poris
231 2379 322 2444 physici
341 2378 532 2441 polentiavitam
552 2378 667 2427 habentis.
687 2392 701 2422 n
715 2376 867 2439 eomparatur
886 2379 960 2443 igitur

151 2451 227 2501 anima
242 2452 270 2500 ad
284 2463 378 2515 corpus,
390 2449 449 2499 sicul
461 2450 535 2499 forma
551 2449 579 2499 ad
591 2448 717 2498 matonam.
731 2446 774 2496 Sed
789 2458 873 2513 corpus
885 2451 958 2500 habel

152 2522 354 2587 aliqunmformam
365 2521 542 2584 substantialem,
552 2532 669 2585 perquam
684 2522 720 2569 est
729 2532 819 2581 corpus.
829 2520 894 2584 Ergo
907 2528 961 2571 ante

151 2596 251 2646 animam
263 2592 373 2658 precedit
386 2594 410 2643 in
422 2606 515 2651 wipere
529 2591 603 2655 aliqua
616 2590 688 2641 forma
701 2588 866 2641 substantialis.

184 2673 208 2717 2.
221 2670 349 2728 Praeterea,
359 2667 427 2715 bomo
441 2668 465 2713 el
473 2664 591 2726 quodlibet
601 2662 685 2712 animal
695 2666 729 2713 est
740 2674 835 2712 movens
844 2664 957 2729 seipsum.

152 2741 224 2790 Omne
233 2742 310 2788 summ
317 2734 530 2799 movensseipsunv,
542 2734 682 2785 dividilcrin
693 2735 749 2784 duas
757 2736 847 2796 partes,
859 2750 959 2800 purarum

153 2824 199 2861 una
212 2813 248 2860 est
258 2821 362 2870 movens,
374 2810 399 2857 et
410 2806 455 2858 otia
465 2808 501 2855 est
512 2809 584 2867 mota,
595 2808 621 2855 nt
628 2805 768 2870 probaturis
780 2805 840 2856 llll.
848 2808 955 2873 Plysv'c.

156 2881 226 2945 (test.
242 2884 271 2930 co
281 2879 361 2941 ).Pars
370 2879 446 2928 auum
460 2888 555 2929 movens
565 2879 600 2929 esl
613 2874 704 2929 anima:
717 2888 770 2941 ergo
784 2880 877 2942 oportet
892 2880 954 2945 quod
