1984 3309
168 166 286 214 ououonc
298 162 374 205 sumt
387 158 562 205 mensuremus
575 155 690 207 snum,
703 152 756 192 erc.
821 142 866 189 ooo

65 250 155 315 liffeim
165 247 206 298 εει
215 258 262 297 non
272 244 353 295 eodem
362 241 429 292 modo
435 240 460 290 in
468 238 575 292 omnihus
581 234 712 287 intellectus
719 227 866 296 percipitur.)

94 321 231 385 Respondeo
249 316 386 375 dicendum,
402 312 462 377 quod
480 311 540 361 sicut
557 307 708 373 jamdictum
725 306 760 356 εει
777 301 865 366 (artu

65 398 88 445 et
100 396 139 457 2),
149 410 163 442 u
172 390 351 455 unumquodque
364 383 508 449 cognoscitur
520 377 645 432 secundum
659 374 719 443 quod
733 376 768 425 εει
780 375 843 421 actu.
852 385 867 417 »

67 467 146 517 llltirm
155 470 232 516 autern
243 460 356 527 perfectio
367 456 495 509 intellectus
508 452 606 516 est-ejus
615 448 717 514 operatio
730 461 737 494 ε
751 441 869 495 nonenim

66 544 99 589 est
110 539 169 589 sicut
183 536 245 589 actio
258 534 358 585 tendens
372 530 516 588 inultorum,
530 523 629 589 ‹pnnsssit
638 518 750 586 perfectio
768 514 870 582 operati,

67 612 124 661 sicut
141 603 395 665 concanonicorum
413 602 453 653 εει
466 602 544 649 munet
554 597 712 659 inopemute,
722 587 869 653 ntperfectio

67 687 89 733 et
99 687 164 734 actus
177 681 244 746 ejus,
258 681 285 728 ut
296 676 379 727 dicitur
387 674 411 725 iu
422 674 460 725 lX.
475 668 615 732 Mefopdys.
625 668 674 717 iloc
685 663 755 727 igitur
764 664 800 711 εει
811 658 873 723 quod

66 756 164 819 primum
177 754 206 803 dc
220 750 340 801 intellectu
356 744 507 807 intelligitur,
521 735 609 791 scilieet
624 738 700 801 ipsum
714 734 765 798 ejus
779 729 875 780 intelli-

69 842 130 890 pere.
142 826 188 875 Sed
200 824 264 874 circa
274 823 321 871 lroc
330 816 418 869 diuersi
428 815 559 867 intellectus
572 806 724 861 diversimode
737 818 762 856 se
779 802 873 853 ualent.

69 900 108 949 Est
127 898 192 949 enim
211 893 297 958 aliquis
311 891 461 954 intellectus,
473 886 562 938 scilicet
580 882 685 944 divinus,
698 878 740 943 qui
749 881 786 927 est
800 876 877 939 ipsum

73 984 133 1019 suuni
149 964 312 1031 intelltpere,·
328 966 352 1014 et
368 960 403 1011 sic
417 961 442 1010 iu
454 962 502 1012 lleo
515 958 576 1008 idem
591 956 627 1005 εει
647 950 709 1017 quod
723 947 837 1009 iutelligm
851 957 877 995 sc

73 1040 196 1106 infeligcre
204 1077 211 1100 ,
219 1042 246 1088 ει
254 1034 317 1100 qudd
325 1033 437 1096 intelliget
450 1044 516 1083 suam
525 1023 716 1087 ementammuia
724 1034 765 1071 oua
775 1016 878 1070 essentia

73 1118 104 1167 εει
113 1127 179 1165 mum
194 1108 347 1172 infellfpere.
365 1106 406 1155 Est
422 1103 491 1155 etiam
505 1100 563 1151 alins
574 1096 719 1157 intellectus,
738 1091 828 1143 seilicet
838 1101 879 1139 un·

71 1182 212 1251 geticus,qui
225 1194 273 1231 nou
286 1181 322 1230 εει
333 1190 399 1229 suum
415 1174 573 1238 mtelliqere,
582 1170 641 1221 sicut
654 1166 723 1231 suprd
736 1164 821 1217 dictum
834 1162 879 1223 εει;

70 1262 106 1311 εει
115 1264 197 1310 tumen
206 1253 307 1324 primum
321 1249 436 1315 obiectum
452 1246 488 1298 sui
503 1244 645 1305 intellipere
659 1243 695 1290 εει
708 1237 760 1301 ejus
770 1232 881 1287 essentia.

72 1332 132 1383 Unde
146 1328 194 1381 etsi
207 1324 272 1376 alind
282 1324 314 1373 sit
324 1322 349 1379 iu
362 1320 442 1383 angelo
457 1315 582 1368 secundum
596 1312 724 1371 rationem,
739 1306 800 1371 quiid
813 1304 883 1354 infel-

71 1404 125 1468 lipet
138 1416 166 1453 se
179 1396 323 1459 intelligere,
331 1397 356 1443 et
370 1391 431 1455 quod
445 1388 559 1451 intelligat
571 1397 636 1435 sirum
650 1377 791 1438 essentiam
804 1378 882 1425 tamen

72 1477 140 1526 simul
159 1476 245 1523 etune
263 1469 317 1517 actu
331 1468 451 1526 utrumque
464 1458 588 1521 iutelligit,
602 1454 656 1522 quia
669 1454 714 1503 hoo
725 1448 785 1512 quod
801 1449 836 1496 εει
846 1448 884 1494 io-

73 1548 189 1612 teltipere
198 1555 275 1592 soum
284 1536 427 1592 essentiam,
439 1537 474 1585 εει
486 1529 579 1597 propria
590 1524 701 1592 perfectio
710 1534 758 1571 suec
768 1517 883 1579 essentie,

73 1619 139 1669 simul
154 1619 235 1667 autem
254 1616 278 1662 et
291 1622 338 1660 uno
351 1610 403 1658 actu
418 1602 553 1667 intelligitur
568 1613 605 1651 res
620 1610 671 1647 cum
680 1606 723 1645 suu
733 1587 883 1656 perfectione.

72 1690 111 1740 Εει
135 1691 217 1738 autem
237 1682 299 1733 alius
320 1677 462 1737 intellectus,
481 1674 569 1724 scilicet
583 1671 714 1725 humanus,
729 1660 770 1726 qui
787 1672 830 1709 nec
853 1661 888 1707 εει

73 1774 139 1812 suum
150 1755 323 1818 lintellipere,
337 1764 379 1801 noc
396 1748 432 1799 sui
450 1746 594 1809 ioteltipere
612 1743 649 1791 εει
662 1738 777 1802 objectum
788 1731 888 1796 primum

73 1834 122 1898 ipsa
142 1830 198 1895 ejus
219 1824 338 1884 essentia,
353 1822 403 1873 εει·
414 1818 499 1883 aliquid
514 1816 682 1873 extrinsecum,
700 1806 790 1857 scilicet
808 1806 889 1852 natura

75 1902 202 1955 mnteualis
218 1898 263 1950 rei.
283 1898 313 1947 Et
329 1894 380 1945 ideo
399 1892 422 1943 ιι
445 1891 507 1957 quod
526 1885 601 1958 primo
617 1880 760 1947 cognoscitur
777 1876 806 1925 ab
823 1872 890 1922 intel-

75 1978 137 2029 lectu
147 1976 265 2031 humano,
275 1972 313 2019 εει
322 1963 594 2030 ιιιεεεεοιι,οιῃέειεῐε;
609 1961 631 2008 ει
645 1947 779 2005 secundario
794 1956 891 2008 eognos-

77 2049 137 2097 cifur
156 2044 209 2109 ipse
221 2046 287 2093 actus
300 2030 345 2103 quc
367 2036 511 2101 cognoscitur
522 2032 652 2095 objectum,
670 2028 694 2075 et
707 2035 748 2087 per
763 2021 838 2069 actum
853 2026 893 2064 cc·

78 2120 198 2183 gnosuitur
207 2117 260 2181 ipse
270 2112 411 2170 intellectus,
418 2108 485 2171 cujus
493 2107 528 2157 εει
535 2101 646 2169 perfectio
653 2098 730 2162 ipsum
740 2088 891 2151 intellipere.

79 2194 107 2241 Et
117 2192 172 2242 ideo
187 2186 346 2249 Philosophus
356 2180 427 2241 dicit,
438 2177 500 2245 quod
511 2176 602 2239 objecta
612 2164 827 2237 praemgnoscuntur
837 2158 894 2209 acti·

80 2264 136 2328 bus,
155 2265 180 2314 ει
192 2262 259 2313 actm
270 2253 390 2321 potentiis.

111 2336 147 2387 Ad
160 2334 263 2401 primum
281 2340 336 2392 ergo
350 2324 486 2383 dicendum,
505 2318 569 2385 quod
583 2314 702 2379 objectum
718 2301 847 2358 intellectos
859 2304 896 2351 εει

82 2420 204 2460 commune
221 2400 352 2467 quoddam,
369 2394 457 2447 scilicet
471 2406 513 2445 ens
526 2395 550 2441 ει
563 2401 658 2446 uerum,
677 2382 778 2444 subque
794 2386 897 2439 compre

83 2480 192 2531 itenditur
206 2476 279 2529 etiam
291 2473 344 2537 ipsc
357 2473 422 2521 actus
436 2460 589 2527 intelligendi.
602 2457 668 2509 Unde
679 2452 810 2505 intellectus
822 2446 899 2512 potest

83 2566 151 2603 suum
170 2553 249 2600 ectum
266 2553 418 2608 cognoscere,
433 2538 471 2588 εει
491 2549 538 2586 non
555 2529 648 2597 primi>3
669 2528 723 2590 quie
740 2537 783 2573 nec
799 2518 898 2583 primum

85 2624 204 2688 objectum
217 2614 350 2672 intellectis
363 2610 448 2674 nostri,
462 2604 587 2659 secundino
600 2600 741 2667 presentem
759 2597 854 2645 sotum,
864 2587 900 2635 εει

86 2694 204 2759 quodlibet
219 2704 262 2741 eus
281 2691 304 2739 ει
326 2696 418 2745 verum,
432 2682 471 2731 εει
484 2694 527 2729 ens
544 2681 568 2728 ει
587 2686 676 2724 uerum
690 2664 858 2719 consideratum
874 2655 900 2703 iu

86 2770 154 2819 rebus
167 2760 341 2821 materialibus,
356 2760 382 2806 uf
396 2755 481 2805 dictum
501 2753 549 2811 est;
562 2762 593 2799 ex
609 2744 692 2810 quibus
706 2740 732 2790 in
746 2731 899 2799 coguitionem

88 2838 191 2890 omnium
205 2834 304 2887 aliorum
316 2827 419 2882 deuenit.

120 2910 155 2964 td
167 2907 297 2963 secuudum
315 2900 451 2963 dicendum,
466 2894 526 2965 qudd
540 2892 617 2960 ipsum
634 2882 762 2948 intellgere
774 2879 903 2927 humanum
