1984 3309
260 194 291 233 nu
307 195 472 237 nonuncium!
488 196 612 237 amamus.
791 192 836 238 adli

38 270 151 322 bominem
166 282 219 321 asse
235 272 325 335 solum,
340 273 452 324 iaciamus
469 275 491 325 ei
507 276 646 341 adjumrlunr
663 277 739 328 simile
750 277 802 329 sibi.
820 295 835 326 o

66 344 324 408 (commuue-tium
334 346 549 411 oportuitiuprima
558 360 633 399 mrum
641 349 777 401 termatioue
787 350 836 402 dari

36 415 120 466 bomini
134 416 276 481 adjutorium
295 418 325 469 ad
344 422 401 482 opus
421 419 574 481 generationis
594 422 744 484 explendum,
758 422 837 473 debuit

35 492 84 537 tuuc
97 488 184 539 mulier
195 489 317 553 produci.)

62 560 201 625 llespondao
213 559 345 624 dicendum,
356 560 416 625 qudd
427 564 578 613 casuarium
591 564 636 614 luit
648 564 765 615 luminam
776 566 834 626 ieri,

35 630 88 680 sicut
106 630 227 695 Scriptura
244 632 312 693 dicit,
328 648 341 681 u
353 632 377 681 iu
395 633 531 697 adjutorium
541 635 600 698 viri3
613 654 627 683 a
641 650 690 686 uou
708 636 835 701 quidemin

34 703 168 765 adjutorium
178 702 276 768 alicujus
290 704 384 754 alterius
394 706 487 769 operis,
503 710 530 755 ut
541 707 634 769 quidam
647 708 769 771 dixerunt,
784 707 836 759 cirm

34 775 57 821 ad
72 774 194 837 quodlibet
210 775 273 825 aliud
289 789 346 841 opus
364 777 537 828 convenientius
554 780 630 842 jurari
647 781 723 843 possit
738 780 778 829 uir
794 792 838 845 per

34 844 98 895 alium
109 847 199 906 uirum
213 858 283 909 quam
295 861 336 911 per
347 848 483 911 mulierem3
498 851 538 899 sed
551 850 576 898 in
589 851 726 915 adjutorium
739 864 835 914 genera-

35 918 108 971 lionis.
118 920 192 980 Quod
203 919 350 971 manileslius
358 921 431 971 uideri
440 925 533 986 potest,
543 921 562 972 si
574 923 600 972 in
611 924 742 974 uiuentibus
756 925 837 975 modus

35 990 188 1050 generationis
202 990 367 1042 consideretur.
377 992 434 1043 Sunt
449 992 511 1043 enim
519 996 624 1057 quaedam
636 994 798 1059 virentiaque
810 996 835 1046 in

34 1062 112 1125 seipsis
118 1077 166 1115 uon
176 1065 267 1114 liabent
272 1063 381 1114 virtutem
388 1064 488 1116 activam
497 1066 658 1130 generationis,
669 1069 710 1118 aad
717 1068 746 1117 ab
754 1072 837 1131 agente

34 1135 120 1186 alterius
130 1135 222 1201 speciei
234 1139 392 1197 generantur:
406 1137 465 1187 siem
477 1137 600 1201 plantuiet
613 1139 719 1190 animalia
730 1154 781 1203 quae
795 1154 836 1205 ge-

35 1213 136 1259 nerantm
153 1209 208 1259 sina
229 1208 317 1261 semine
333 1222 363 1259 ea
375 1210 472 1260 materia
494 1210 654 1274 convenienti,
671 1226 713 1276 per
727 1212 837 1263 rituum

34 1283 124 1332 activam
139 1280 278 1332 caleulum
288 1294 416 1345 corporum.
432 1282 539 1340 Quaedam
553 1283 607 1332 vero
625 1283 712 1334 babent
729 1284 836 1336 virtutem

34 1352 188 1412 generationis
211 1351 308 1402 activam
326 1355 349 1402 et
362 1352 478 1416 passivam
497 1354 642 1417 coniunctam
660 1370 666 1402 z
681 1354 742 1406 dont
755 1356 837 1406 accidit

33 1422 52 1472 iu
64 1425 151 1488 plantis
164 1436 219 1488 qua
231 1426 369 1485 generantur
379 1436 409 1474 ea
422 1425 523 1487 semine3
534 1425 651 1474 nonenim
665 1428 702 1475 est
714 1426 739 1474 in
750 1426 839 1489 plantis

32 1497 117 1559 aliquod
127 1495 236 1547 nobilius
244 1508 302 1559 opus
313 1494 442 1558 illaquam
455 1495 580 1559 generatio.
591 1497 654 1547 Unda
663 1497 835 1561 convenienter,

31 1569 87 1617 armni
96 1572 207 1632 tempore
213 1603 223 1630 ,
236 1566 261 1615 iu
271 1566 305 1616 eis
315 1566 395 1615 virtuti
408 1566 507 1630 passivae
519 1567 666 1631 conjungitur
677 1567 750 1618 virtm
761 1568 837 1622 activa

31 1638 193 1700 generationis.
208 1637 351 1689 Animalibus
362 1637 416 1689 verd
429 1638 538 1703 perlectis
548 1639 657 1703 competit
669 1638 742 1691 uirtus
759 1640 836 1691 aedua

32 1709 186 1769 generationis
195 1710 321 1759 secundum
334 1722 413 1759 aarum
425 1710 585 1773 masculinum,
593 1710 667 1759 virtus
678 1710 733 1761 rerd
746 1712 836 1775 passiva

31 1784 154 1833 secundum
173 1794 258 1831 sexum
275 1778 428 1831 ioemininum.
443 1781 472 1831 lit
487 1782 543 1844 quia
556 1783 592 1831 est
606 1780 695 1845 aliquod
708 1795 765 1846 opus
780 1782 834 1835 vita

32 1854 123 1905 nobilius
141 1854 168 1904 in
188 1851 326 1902 animalibus
343 1850 411 1915 quarn
425 1852 543 1915 generatio
554 1891 560 1913 ‚
572 1854 601 1902 ad
619 1855 679 1916 quod
692 1866 771 1903 eorum
788 1854 835 1906 uita

32 1924 186 1991 principaliter
195 1922 322 1987 ordinatum
328 1923 379 1973 ideo
388 1936 433 1973 nou
440 1924 504 1974 omni
511 1928 615 1988 tempore
622 1939 690 1975 sextus
697 1926 835 1976 masculinus

32 1995 149 2047 luminino
170 1994 321 2061 conjungitur
342 1994 367 2045 in
391 1994 528 2045 animalibus
554 1996 679 2059 maceda,
700 1997 740 2046 sed
760 1995 835 2047 solum

31 2070 129 2132 tempore
147 2066 239 2129 coitus,
254 2068 280 2115 ut
293 2065 442 2129 imaginemur
455 2080 497 2130 per
510 2067 595 2117 emtum
612 2067 646 2117 sic
660 2066 711 2117 lieri
722 2078 793 2115 unum
806 2080 836 2117 ea

32 2152 86 2190 iurare
99 2142 126 2191 et
137 2138 252 2198 immina,
266 2137 327 2188 sicut
338 2138 363 2187 in
373 2139 452 2201 planta
465 2138 529 2188 omni
546 2142 649 2202 tempore
667 2138 835 2202 conjunguntur

31 2208 60 2257 ris
72 2210 203 2262 masculina
213 2212 238 2259 et
247 2206 374 2267 loemininaa
385 2208 429 2259 etsi
440 2208 464 2259 in
475 2209 610 2272 quibasdam
620 2211 673 2273 plus
682 2211 781 2260 abundet
790 2224 836 2261 una

31 2280 114 2346 larum,
122 2282 149 2331 in
160 2281 300 2346 quibusdam
311 2281 362 2345 plus
371 2281 451 2331 dura.
461 2282 534 2333 llorno
545 2286 622 2333 autem
633 2282 708 2332 adhuc
718 2280 835 2333 ordinatur

30 2353 52 2400 ld
66 2350 171 2405 nobilius
185 2365 247 2416 opus
261 2351 327 2414 rita,
336 2354 398 2417 quod
412 2357 447 2403 est
460 2352 596 2417 intelligere.
612 2354 641 2404 Et
654 2354 706 2404 ideo
721 2356 794 2406 adbuc
810 2356 835 2407 in

30 2425 118 2476 bomine
128 2423 212 2477 debuit
222 2438 274 2475 esse
285 2424 367 2489 majori
380 2425 468 2475 ratione
479 2425 595 2476 distinctio
606 2426 724 2490 utriusque
733 2428 833 2491 virtutis,

32 2502 51 2544 ut
63 2510 170 2549 seorsum
184 2498 349 2561 produceretur
362 2497 455 2547 immina
471 2497 484 2547 i
497 2511 573 2561 mare3
586 2501 610 2548 et
626 2502 702 2548 umen
715 2501 835 2551 carnaliter

30 2569 225 2633 conjungerentur
236 2566 260 2617 in
270 2582 354 2633 unum,
367 2568 395 2619 ad
406 2569 560 2632 generationis
570 2582 636 2633 opus.
649 2570 743 2622 ntideo
756 2572 834 2622 statim

30 2646 76 2698 post
90 2640 258 2693 formationem
271 2640 387 2705 mulieris,
403 2640 485 2691 dcitur
500 2643 570 2698 Gen„
587 2643 607 2691 ll
622 2657 654 2691 a«
666 2644 738 2693 lirant
748 2644 793 2696 duo
810 2645 834 2696 in

31 2726 93 2763 larua
109 2726 167 2763 una.
179 2728 195 2759 a

57 2787 88 2834 ld
101 2784 205 2849 primum
217 2797 273 2847 ergo
285 2783 414 2847 dcundum,
425 2784 485 2849 qudd
495 2799 537 2849 per
546 2790 673 2849 respectum
686 2789 715 2838 ad
727 2792 834 2839 naturam

31 2854 313 2918 1·articularem,lmmina
329 2858 364 2906 est
381 2855 465 2919 aliquid
483 2858 592 2907 deliniens
610 2862 634 2909 et
649 2860 831 2920 massionuturn3

30 2926 80 2985 quia
90 2928 164 2979 uirtus
175 2926 252 2977 activa
263 2940 315 2990 quae
327 2930 362 2977 est
372 2924 396 2977 iu
407 2928 496 2979 senine
508 2928 592 2991 maris,
600 2930 699 2981 intendit
708 2932 833 2993 producere
