1984 3309
126 186 172 243 its
322 202 382 243 rsus
397 202 420 253 r,
434 200 528 248 conss.
545 202 598 253 ror,
616 200 673 241 trs.
689 200 727 240 rrr.

126 281 246 347 disposita.
260 280 405 332 Manifestum
421 284 458 331 est
474 282 553 345 eninr,
571 280 632 344 qudd
649 280 714 345 ploro
731 277 887 342 requirantur
904 278 941 331 'nd

125 353 297 476 mmm
305 353 340 404 rei
350 354 470 418 perdocto,
481 352 549 418 qodrn
564 354 594 403 cd
610 351 782 417 productionem
794 350 832 403 rei
845 352 943 418 imper-

65 532 83 569 .¹
156 498 190 549 dd
203 497 296 551 tortium
306 498 427 551 dicendum
437 536 444 562 ‚
454 496 516 563 quod
529 499 608 549 notus
621 496 672 549 coti
687 500 723 549 est
735 506 805 549 tuost
816 499 943 551 tunson-

47 566 59 581 ”
125 570 235 623 tctiouum
253 571 402 632 ntturrliour,
417 583 464 621 uon
478 575 556 621 tumen
569 570 784 622 rnusuonrtouum
803 583 858 633 qus
877 570 944 622 dunt

126 646 208 708 proter
223 647 309 694 nrturae
326 642 446 705 ordinem,
461 646 484 693 et
504 642 553 692 scir
572 641 656 692 virtute
674 640 752 692 diviua
770 640 857 692 :sicut
874 644 944 707 quod

126 714 209 765 mortui
220 714 400 778 resuscitantur,
414 713 475 778 qudd
494 714 551 765 cccci
568 714 733 764 illuminantis.
748 712 839 771 Quibus
854 718 898 765 ost
910 716 945 765 si·

126 786 189 848 ruite,
200 786 262 851 quod
274 788 343 837 trcnro
353 800 383 837 ex
394 786 449 837 timo
462 789 530 837 terroe
540 786 660 836 tonatur.

158 859 193 908 td
201 862 306 923 quanm
314 858 449 921 dicendum,
460 856 521 921 qudd
531 857 657 907 semnduur
670 856 771 907 rationes
787 856 901 909 musries
918 859 944 909 irr

127 930 235 980 creaturis
248 929 331 980 dicitur
344 929 429 993 aliquid
441 929 588 993 procristerc
603 928 732 993 dupliciter.
747 929 799 979 Uno
810 930 885 981 ruodo
899 944 945 981 se-

128 1002 226 1057 cundum
245 1000 372 1065 potentiam
395 1001 492 1053 uctioonr
509 1006 533 1051 ct
550 1001 682 1066 muitum,
702 1004 728 1050 ut
745 1014 792 1050 nou
812 1002 894 1052 sotum
913 1017 944 1055 cx

128 1071 223 1122 materia
236 1071 392 1136 praeexistenti
403 1073 452 1123 deri
465 1072 553 1137 possit,
566 1070 685 1123 sedetiam
696 1078 722 1121 ut
733 1072 809 1135 utiquo
822 1076 945 1136 pressis·

129 1146 182 1193 tens
197 1148 301 1195 crenturo
314 1145 358 1193 hoc
373 1144 448 1194 tacere
461 1144 544 1208 possit.
560 1145 610 1194 trio
627 1144 695 1195 ruodo
708 1143 839 1194 recunditur
853 1149 945 1209 poten-

128 1214 185 1264 tisnr
196 1216 310 1279 possive-
319 1217 422 1278 tontum,
431 1218 458 1265 ut
467 1215 558 1266 sciiicot
567 1216 596 1266 de
606 1214 701 1265 materis
715 1214 881 1278 praeexistenti
889 1218 944 1268 tieri

128 1286 201 1350 possit
211 1285 224 1336 d
235 1288 289 1338 [teo.
305 1288 332 1337 Et
345 1288 389 1337 hoc
404 1287 473 1337 rrrodo
487 1287 611 1337 secundirnr
625 1286 776 1348 dupnstinuur
792 1300 882 1352 corpus
897 1292 943 1339 iro

128 1357 197 1411 minis
216 1359 340 1423 pressistit
360 1358 383 1408 io
403 1358 511 1422 operibus
528 1359 644 1422 productis
649 1394 658 1421 ,
680 1358 806 1409 sccundirur
830 1362 943 1412 causales

129 1430 237 1483 rationes.

425 1538 585 1591 ARTICULUS
598 1539 639 1591 ΙΙΙ.

212 1654 297 1701 Utor‘rm
319 1667 404 1713 corpus
425 1655 529 1701 hominio
549 1654 659 1699 dodoci-tt
675 1653 853 1700 convenientem

435 1720 621 1777 disparitionem

162 1837 196 1888 dd
213 1837 304 1888 tertium
316 1838 349 1889 sic
363 1838 493 1902 proceditur
503 1835 549 1903 (t).
560 1838 654 1889 Videtur
666 1836 726 1901 qudd
741 1850 827 1901 corpus
835 1838 943 1891 tronrio‘s

131 1922 177 1961 nou
185 1910 292 1961 habuerit
302 1911 478 1963 convenientem
489 1910 670 1975 dispositionem.
682 1908 740 1959 Cirm
750 1907 814 1959 coins
824 1911 900 1961 tronto
911 1912 943 1962 sit

131 1983 297 2033 nobilissimum
303 1982 446 2047 comodum,
451 1995 533 2047 corpus
540 1981 641 2052 topicis
650 1980 728 2032 debuit
738 1993 790 2030 esse
799 1981 942 2045 dispositum

131 2054 217 2119 optione
235 2055 263 2104 ad
276 2066 303 2105 ec
317 2068 367 2119 queo
381 2057 435 2105 sunt
448 2054 540 2118 propria
554 2052 675 2116 adnuis,
691 2051 779 2103 scilicet
796 2052 825 2102 nd
844 2066 942 2105 sensum

131 2129 155 2177 ot
167 2132 260 2177 motum.
273 2125 317 2177 Sed
335 2126 439 2190 quodam
457 2124 565 2175 animalis
573 2124 720 2175 inveniuntur
733 2123 842 2175 acutioris
853 2138 942 2177 sensus

131 2196 200 2261 quim
214 2200 295 2261 homo,
311 2200 334 2247 et
342 2195 463 2249 velocioris
473 2200 563 2246 motus:
575 2195 635 2246 sicut
642 2208 713 2245 canes
725 2194 808 2245 meiius
822 2196 940 2261 owrunt,

131 2271 154 2318 et
163 2282 216 2320 aves
225 2268 324 2319 velocius
334 2272 461 2320 moventur.
471 2268 530 2331 Ergo
541 2281 623 2332 oorpos
633 2266 733 2318 hominis
741 2281 788 2318 non
803 2271 839 2321 est
852 2282 942 2321 couve-

131 2338 219 2391 nientes
229 2339 373 2403 dispositum.

162 2411 326 2476 structores,
340 2413 467 2477 perrectum
482 2415 536 2475 est,
550 2413 588 2463 cui
598 2412 656 2463 nihii
669 2413 742 2463 deest.
756 2411 803 2461 Sed
817 2413 885 2478 pion
898 2415 942 2465 de-

132 2487 185 2533 sunt
202 2484 303 2535 humruc
318 2484 424 2547 corpori,
439 2498 507 2547 putor
523 2485 656 2549 corporibus
670 2484 765 2534 aliorum
785 2483 940 2548 animalium,

131 2567 181 2617 quae
191 2554 278 2604 hahent
289 2558 422 2618 tegumento
435 2558 458 2605 et
474 2569 537 2605 arona
550 2556 663 2607 naturalia
672 2557 701 2607 od
716 2554 753 2605 sui
766 2557 940 2618 protectionem

132 2638 181 2745 guo
194 2624 281 2745 irrrtmini
292 2624 382 2677 desunt.
392 2626 452 2689 Ergo
463 2640 546 2691 corpus
554 2628 679 2677 humanum
690 2630 726 2677 cst
736 2626 943 2690 imperfectissime

148 2710 218 2760 rsposr
229 2711 275 2746 unr.

166 2812 196 2878 (t)
212 2816 244 2860 De
257 2814 374 2861 disertam
387 2816 411 2861 irr
425 2814 454 2877 Ξ,
471 2816 500 2877 2,
516 2828 556 2873 qn.
568 2815 627 2877 rot,
643 2817 713 2863 orti
730 2816 798 2874 cd1;
815 2827 841 2865 ct
855 2832 899 2878 qu.
915 2816 942 2871 5.

132 2876 253 2987 igt.rga.¹⁰⁷
269 2882 311 2924 ort.
324 2878 352 2938 5,
368 2884 415 2925 turrr
426 2878 451 2925 irr
464 2892 541 2939 corp,
558 2884 606 2925 turrr
623 2880 652 2925 cd
671 2881 699 2933 23
712 2886 736 2926 et
750 2892 790 2939 prr.
803 2878 834 2929 de
846 2883 942 2941 cuturn,
