1984 3309
137 130 169 166 un
181 128 267 167 anina
281 128 429 167 coenrrrorcn
440 130 561 169 nssrncnn
576 130 751 171 consonamus.
800 126 845 172 sol

81 206 233 269 (cormesio.
244 206 341 256 -Cirm
352 205 429 257 omnia
438 245 445 270 ,
455 222 506 271 qnae
520 208 545 257 in
561 208 669 272 presenti
683 212 744 259 statu
762 210 847 261 intelli-

49 278 131 340 gimus,
146 282 314 339 eognoseautm
327 278 342 327 ai
354 279 421 329 nobis
438 293 479 343 per
491 280 684 344 comparationem
702 282 730 331 ad
743 296 780 332 res
793 296 847 333 sen-

50 351 135 414 sibiles,
153 364 249 401 necesse
271 355 306 401 est
324 352 450 415 perlectum
463 351 593 402 intellectus
606 353 717 417 judicium
736 354 760 402 in
782 356 847 405 nobis

47 423 144 486 impediri
155 437 198 487 per
210 422 363 486 ligamentum
371 422 482 485 senam.)

74 495 210 557 llesponcleo
222 494 361 554 dicendum,
377 493 436 558 qnod
455 495 514 545 sient
526 496 609 545 lictum
621 498 655 546 est
666 496 724 561 (ert.
743 500 773 559 7)
790 512 845 563 pro-

47 567 114 628 prium
128 567 245 631 objectum
264 566 393 617 intellectui
408 571 484 617 nostro
503 567 699 630 proportionatum
719 571 754 619 est
766 575 847 621 natura

46 639 76 686 rei
89 638 214 689 sensibilis.
229 637 345 687 iudicium
355 641 432 687 autem
440 638 567 702 perlectum
578 639 606 689 de
618 652 642 689 re
655 640 729 703 aliqua
741 640 789 691 clari
801 656 847 692 non

48 715 131 773 potest,
142 709 189 762 nisi
201 724 231 761 ea
244 710 324 760 omnia
340 724 392 773 qua
404 710 433 759 acl
443 722 493 759 rem
508 710 621 773 pertinent
631 716 809 775 cognoscantur,
825 717 848 763 et

48 782 151 847 precipui
164 782 187 832 si
203 782 350 845 ignoraretur
363 781 386 829 id
403 780 463 844 quod
476 785 511 831 est
525 782 637 832 wnminns
650 787 673 833 et
692 784 744 835 linis
754 784 846 847 judieii.

48 853 98 904 llicit
106 852 351 916 autemPlrilosoplrus
358 852 384 901 iu
393 854 433 901 lll.
443 855 478 901 De
486 853 546 902 coelo
556 856 622 913 liert.
632 854 682 917 sl),
692 854 751 917 quod
762 872 776 901 «
786 855 847 906 sicut

50 926 96 975 linis
107 925 197 976 faenus
206 924 313 976 scientiae
327 928 363 974 est
374 937 446 988 opus3
457 924 495 974 ita'
509 925 616 974 naturalis
630 924 730 977 scientia
746 927 799 977 linis
812 930 847 977 est

51 998 103 1056 sunl
112 999 203 1049 noenu
217 1010 310 1061 semper
318 996 411 1061 proprie
425 997 549 1047 seeundum
560 1010 661 1047 sensum.
673 1013 687 1045 u
701 997 773 1048 Faber
784 999 847 1049 enim

53 1080 92 1115 non
100 1070 179 1131 quatit
192 1069 349 1133 cognitionem
360 1068 460 1132 cultelli,
472 1068 519 1118 nisi
528 1072 621 1131 propter
629 1082 694 1131 opus,
706 1072 731 1117 ut
742 1073 849 1133 operetur

52 1140 105 1188 liuuc
118 1141 279 1204 particularem
291 1140 418 1190 cultellum.
430 1141 459 1189 lit
472 1139 577 1189 simililer
586 1140 695 1190 naturalis
710 1154 758 1191 non
768 1143 849 1205 querit

52 1224 178 1276 cognoscere
188 1216 296 1261 naturam
305 1211 387 1275 lapidis
395 1212 493 1276 elequi,
503 1210 548 1261 nisi
559 1211 648 1261 ul-sciat
659 1212 759 1262 natones
769 1226 847 1263 eorum

51 1296 95 1343 qna
106 1285 214 1334 ridentur
225 1283 353 1333 seeundum
365 1296 465 1333 sensum.
477 1283 621 1333 Manifestum
637 1287 672 1333 esi
686 1287 774 1344 autem,
787 1285 848 1348 quod

52 1367 91 1403 non
103 1360 179 1419 posset
190 1368 242 1405 esse
253 1355 382 1417 portentum
393 1354 506 1418 judicium
520 1355 578 1404 labri
595 1354 623 1403 de
637 1355 743 1417 cultello,
755 1353 775 1405 si
792 1370 849 1420 opus

52 1424 163 1486 ignoraret.
188 1428 219 1475 llt
242 1426 349 1475 similiter
365 1439 412 1475 nou
430 1430 507 1490 posset
524 1438 574 1475 esse
593 1425 717 1488 perlecta-u
738 1426 847 1489 judicium

51 1496 143 1549 scientia
160 1498 275 1549 naturalis
293 1498 322 1547 de
338 1498 406 1548 rebus
417 1498 573 1560 naturalibus,
589 1497 609 1547 si
628 1497 745 1547 sensibilia
758 1498 848 1560 ignora-

51 1574 129 1619 rentur.
141 1570 226 1621 omnia
239 1575 317 1620 auum
331 1583 382 1631 que
397 1569 422 1618 in
435 1568 543 1633 presenti
559 1572 619 1619 statu
634 1567 780 1632 intelligimus
791 1607 799 1632 ,
812 1584 850 1620 oo-

52 1647 185 1699 pnoscunlur
199 1640 292 1691 anobis
309 1654 351 1705 per
364 1641 555 1704 comparationem
573 1641 602 1691 ad
620 1654 656 1691 res
675 1640 792 1691 sensibiles
808 1656 849 1693 na·

51 1713 137 1762 locales.
158 1714 226 1763 Unde
256 1711 396 1776 impossibile
421 1714 530 1775 estquod
548 1712 577 1761 sit
599 1712 623 1761 in
650 1710 715 1762 nobis
729 1708 848 1775 'judicium

52 1782 173 1835 intellectus
193 1784 323 1849 perlectum
343 1798 395 1833 cum
413 1784 536 1846 ligamento
557 1797 650 1845 sensus,
668 1798 709 1841 per
727 1798 794 1846 quem
811 1799 849 1836 res

52 1855 164 1906 sensibiles
177 1854 347 1919 cognoscimus.
649 1864 651 1873 ¹

78 1928 110 1976 ld
123 1928 225 1991 primum
243 1940 298 1989 ergo
320 1927 456 1988 licendum,
471 1926 533 1990 qnod
549 1925 653 1989 quamuis
669 1925 798 1977 intellectus
817 1927 849 1977 sit

52 1998 147 2060 superim
159 2013 246 2061 sensu,
262 1998 346 2063 accipit
360 2001 437 2048 tamen
456 1998 612 2063 aliquomodo
629 1998 643 2048 l
660 2012 742 2060 seusu,
758 2002 781 2048 et
800 1998 850 2063 ejus

52 2069 135 2132 objecta
153 2071 229 2135 prima
249 2073 272 2120 ει
291 2070 427 2134 principalia
440 2070 469 2120 'in
483 2070 589 2121 sensibus
606 2070 736 2119 fundantur.
754 2072 781 2119 El
796 2070 847 2121 icleo

53 2155 140 2193 necesse
160 2146 198 2193 est
218 2144 280 2206 qnod
298 2143 436 2207 impediatur
450 2142 562 2206 judicium
582 2142 709 2193 intellectus
734 2156 763 2191 es
781 2142 851 2205 ligato

54 2226 127 2265 sensu
608 2226 610 2231 ’

79 2288 112 2337 ild
131 2288 259 2338 seeundum
277 2285 412 2346 dicendum,
426 2285 485 2350 quod
506 2300 585 2337 seusus
601 2285 685 2348 ligatur
701 2286 725 2335 in
738 2286 851 2336 dormien-

55 2357 211 2424 tiluspropler
221 2355 397 2421 evaporationes
405 2356 513 2419 quasdam
527 2360 550 2406 et
565 2354 708 2407 fumositates
725 2358 850 2423 resolutas,

54 2432 76 2478 nt
89 2430 171 2481 unitur
181 2430 207 2479 iu
224 2429 267 2478 lin.
280 2430 317 2477 De
329 2442 416 2477 somno
426 2432 451 2477 ει
462 2429 534 2492 nipil.
546 2427 595 2493 (uli
608 2426 694 2491 supra).
706 2428 735 2476 nt
749 2427 800 2479 ileu
814 2443 851 2480 se-

55 2504 144 2551 cundnm
165 2500 342 2567 dispositionem
364 2500 497 2565 hujusmodi
518 2500 715 2565 evaporationum,
741 2502 851 2565 contingit

55 2585 98 2623 esse
109 2575 261 2639 ligamentum
270 2586 352 2623 sensus
363 2571 438 2637 majus
447 2572 483 2622 vel
494 2572 577 2622 minus.
589 2572 682 2630 Quando
694 2571 754 2621 enini
765 2574 850 2623 multus

57 2643 116 2696 luerit
134 2651 214 2705 motus
224 2658 350 2708 vaporum,
365 2643 447 2705 ligatur
461 2656 509 2694 non
524 2644 596 2694 solum
615 2656 710 2703 sensus,
726 2644 765 2693 sed
782 2644 849 2695 etiarn

56 2714 194 2781 imaginatio,
209 2716 242 2766 ita
256 2720 282 2766 nt
300 2716 362 2765 nulla
375 2720 497 2779 appareant
510 2717 683 2779 phantasmata3
701 2714 759 2765 siout
771 2714 850 2779 praci-

56 2788 94 2849 pni
104 2789 187 2840 accidit
199 2801 254 2842 cum
265 2786 348 2849 aliems
361 2786 442 2850 incipit
455 2787 553 2837 dormire
565 2787 724 2851 postmultum
739 2787 814 2837 cibum
826 2788 849 2835 et

57 2865 133 2920 potum.
150 2858 240 2917 siveris
255 2862 332 2912 motus
344 2870 454 2921 saporum
466 2859 632 2922 aliquantulum
642 2857 710 2909 luerit
726 2857 852 2917 renuissiur,
