<?xml version="1.0" encoding="UTF-8"?>
<!DOCTYPE html PUBLIC "-//W3C//DTD XHTML 1.0 Transitional//EN"
    "http://www.w3.org/TR/xhtml1/DTD/xhtml1-transitional.dtd">
<html xmlns="http://www.w3.org/1999/xhtml" xml:lang="en" lang="en">
 <head>
  <title>
</title>
<meta http-equiv="Content-Type" content="text/html;charset=utf-8" />
  <meta name='ocr-system' content='tesseract 3.04.00' />
  <meta name='ocr-capabilities' content='ocr_page ocr_carea ocr_par ocr_line ocrx_word'/>
</head>
<body>
  <div class='ocr_page' id='page_1' title='image "./summatheologica00nicogoog_0589.png"; bbox 0 0 1984 3309; ppageno 0'>
   <div class='ocr_carea' id='block_1_1' title="bbox 152 116 968 271">
    <p class='ocr_par' dir='ltr' id='par_1_1' title="bbox 152 116 968 271">
     <span class='ocr_line' id='line_1_1' title="bbox 152 116 968 271; baseline -0.002 -45"><span class='ocrx_word' id='word_1_1' title='bbox 152 177 198 226; x_wconf 78' lang='lat' dir='ltr'>est</span> <span class='ocrx_word' id='word_1_2' title='bbox 344 184 405 225; x_wconf 78' lang='lat' dir='ltr'>ulus</span> <span class='ocrx_word' id='word_1_3' title='bbox 421 185 550 238; x_wconf 55' lang='lat' dir='ltr'>boum</span> <span class='ocrx_word' id='word_1_4' title='bbox 565 186 705 238; x_wconf 63' lang='lat' dir='ltr'>cumam.</span> <span class='ocrx_word' id='word_1_5' title='bbox 723 187 758 226; x_wconf 81' lang='lat' dir='ltr'>rr.</span> <span class='ocrx_word' id='word_1_6' title='bbox 966 116 968 271; x_wconf 56' lang='lat' dir='ltr'>l</span> 
     </span>
    </p>
   </div>
   <div class='ocr_carea' id='block_1_2' title="bbox 152 263 968 2980">
    <p class='ocr_par' dir='ltr' id='par_1_2' title="bbox 152 263 968 690">
     <span class='ocr_line' id='line_1_2' title="bbox 183 263 968 329; baseline -0.006 -13"><span class='ocrx_word' id='word_1_7' title='bbox 183 269 208 316; x_wconf 70' lang='lat'>2.</span> <span class='ocrx_word' id='word_1_8' title='bbox 222 265 346 326; x_wconf 83' lang='lat' dir='ltr'>Prutereu,</span> <span class='ocrx_word' id='word_1_9' title='bbox 360 269 413 314; x_wconf 78' lang='lat' dir='ltr'>iera</span> <span class='ocrx_word' id='word_1_10' title='bbox 423 263 532 314; x_wconf 85' lang='lat' dir='ltr'>miracula</span> <span class='ocrx_word' id='word_1_11' title='bbox 545 277 588 328; x_wconf 88' lang='lat' dir='ltr'>por</span> <span class='ocrx_word' id='word_1_12' title='bbox 600 263 697 327; x_wconf 76' lang='lat' dir='ltr'>aliquam</span> <span class='ocrx_word' id='word_1_13' title='bbox 713 277 834 329; x_wconf 78' lang='lat' dir='ltr'>corporum</span> <span class='ocrx_word' id='word_1_14' title='bbox 846 265 940 316; x_wconf 88' lang='lat' dir='ltr'>immuta-</span> <span class='ocrx_word' id='word_1_15' title='bbox 966 276 968 327; x_wconf 78' lang='grc' dir='ltr'>ι</span> 
     </span>
     <span class='ocr_line' id='line_1_3' title="bbox 152 334 968 402; baseline -0.005 -12"><span class='ocrx_word' id='word_1_16' title='bbox 152 337 238 390; x_wconf 83' lang='lat' dir='ltr'>liccem</span> <span class='ocrx_word' id='word_1_17' title='bbox 252 335 318 386; x_wconf 90' lang='lat' dir='ltr'>linnt.</span> <span class='ocrx_word' id='word_1_18' title='bbox 335 335 381 386; x_wconf 83' lang='lat' dir='ltr'>Sei</span> <span class='ocrx_word' id='word_1_19' title='bbox 397 335 512 386; x_wconf 76' lang='lat' dir='ltr'>demones</span> <span class='ocrx_word' id='word_1_20' title='bbox 523 347 570 385; x_wconf 87' lang='lat' dir='ltr'>non</span> <span class='ocrx_word' id='word_1_21' title='bbox 581 339 679 398; x_wconf 79' lang='lat' dir='ltr'><strong>possunt</strong></span> <span class='ocrx_word' id='word_1_22' title='bbox 692 334 813 387; x_wconf 72' lang='lat' dir='ltr'>muctare</span> <span class='ocrx_word' id='word_1_23' title='bbox 834 351 910 402; x_wconf 82' lang='lat' dir='ltr'>corpus</span> <span class='ocrx_word' id='word_1_24' title='bbox 920 337 968 386; x_wconf 91' lang='lat' dir='ltr'>iu</span> 
     </span>
     <span class='ocr_line' id='line_1_4' title="bbox 153 406 968 471; baseline -0.006 -11"><span class='ocrx_word' id='word_1_25' title='bbox 153 409 221 460; x_wconf 85' lang='lat' dir='ltr'>aliam</span> <span class='ocrx_word' id='word_1_26' title='bbox 237 411 356 470; x_wconf 67' lang='lat' dir='ltr'>naturam</span> <span class='ocrx_word' id='word_1_27' title='bbox 367 406 422 458; x_wconf 85' lang='lat' dir='ltr'>dicit</span> <span class='ocrx_word' id='word_1_28' title='bbox 432 406 494 458; x_wconf 81' lang='lat' dir='ltr'>antu</span> <span class='ocrx_word' id='word_1_29' title='bbox 509 406 750 471; x_wconf 75' lang='lat' dir='ltr'>Augustinus,XVlll.</span> <span class='ocrx_word' id='word_1_30' title='bbox 760 411 799 459; x_wconf 83' lang='lat' dir='ltr'>De</span> <span class='ocrx_word' id='word_1_31' title='bbox 813 412 892 460; x_wconf 77' lang='lat' dir='ltr'>eicit.</span> <span class='ocrx_word' id='word_1_32' title='bbox 903 411 968 459; x_wconf 80' lang='lat' dir='ltr'>Ilei·</span> 
     </span>
     <span class='ocr_line' id='line_1_5' title="bbox 154 477 942 544; baseline -0.001 -14"><span class='ocrx_word' id='word_1_33' title='bbox 154 480 221 544; x_wconf 85' lang='lat' dir='ltr'>(cap.</span> <span class='ocrx_word' id='word_1_34' title='bbox 234 479 263 541; x_wconf 74' lang='grc' dir='ltr'>Β)</span> <span class='ocrx_word' id='word_1_35' title='bbox 275 494 280 528; x_wconf 91' lang='lat'>:</span> <span class='ocrx_word' id='word_1_36' title='bbox 293 477 365 528; x_wconf 85' lang='lat' dir='ltr'>ullec</span> <span class='ocrx_word' id='word_1_37' title='bbox 378 490 460 542; x_wconf 89' lang='lat' dir='ltr'>corpus</span> <span class='ocrx_word' id='word_1_38' title='bbox 473 479 566 542; x_wconf 80' lang='lat' dir='ltr'>quidem</span> <span class='ocrx_word' id='word_1_39' title='bbox 579 479 703 529; x_wconf 83' lang='lat' dir='ltr'>humanum</span> <span class='ocrx_word' id='word_1_40' title='bbox 718 480 764 530; x_wconf 88' lang='lat' dir='ltr'>ulla</span> <span class='ocrx_word' id='word_1_41' title='bbox 776 481 867 532; x_wconf 79' lang='lat' dir='ltr'>ratium</span> <span class='ocrx_word' id='word_1_42' title='bbox 880 481 942 532; x_wconf 85' lang='lat' dir='ltr'>creli-</span> 
     </span>
     <span class='ocr_line' id='line_1_6' title="bbox 154 548 942 617; baseline -0.003 -15"><span class='ocrx_word' id='word_1_43' title='bbox 154 551 227 602; x_wconf 84' lang='lat' dir='ltr'>derim</span> <span class='ocrx_word' id='word_1_44' title='bbox 237 552 364 602; x_wconf 80' lang='lat' dir='ltr'>demonum</span> <span class='ocrx_word' id='word_1_45' title='bbox 375 553 423 601; x_wconf 85' lang='lat' dir='ltr'>crte</span> <span class='ocrx_word' id='word_1_46' title='bbox 432 550 470 600; x_wconf 83' lang='lat' dir='ltr'>vel</span> <span class='ocrx_word' id='word_1_47' title='bbox 484 554 612 615; x_wconf 70' lang='lat' dir='ltr'>potestate,</span> <span class='ocrx_word' id='word_1_48' title='bbox 624 551 650 599; x_wconf 91' lang='lat' dir='ltr'>iu</span> <span class='ocrx_word' id='word_1_49' title='bbox 658 548 761 602; x_wconf 77' lang='lat' dir='ltr'>mentia</span> <span class='ocrx_word' id='word_1_50' title='bbox 769 553 877 604; x_wconf 79' lang='lat' dir='ltr'>bestialia</span> <span class='ocrx_word' id='word_1_51' title='bbox 888 565 942 617; x_wconf 80' lang='lat' dir='ltr'>pose</span> 
     </span>
     <span class='ocr_line' id='line_1_7' title="bbox 154 622 930 690; baseline -0.006 -14"><span class='ocrx_word' id='word_1_52' title='bbox 154 624 265 676; x_wconf 82' lang='lat' dir='ltr'>conuerti.</span> <span class='ocrx_word' id='word_1_53' title='bbox 276 640 289 671; x_wconf 84' lang='grc' dir='ltr'>ιι</span> <span class='ocrx_word' id='word_1_54' title='bbox 302 625 362 686; x_wconf 84' lang='lat' dir='ltr'>Ergo</span> <span class='ocrx_word' id='word_1_55' title='bbox 369 623 488 686; x_wconf 71' lang='lat' dir='ltr'>demones</span> <span class='ocrx_word' id='word_1_56' title='bbox 499 633 556 673; x_wconf 81' lang='lat' dir='ltr'>uera</span> <span class='ocrx_word' id='word_1_57' title='bbox 569 622 677 672; x_wconf 84' lang='lat' dir='ltr'>miracula</span> <span class='ocrx_word' id='word_1_58' title='bbox 689 624 764 676; x_wconf 87' lang='lat' dir='ltr'>iacere</span> <span class='ocrx_word' id='word_1_59' title='bbox 776 638 827 676; x_wconf 89' lang='lat' dir='ltr'>non</span> <span class='ocrx_word' id='word_1_60' title='bbox 835 628 930 690; x_wconf 88' lang='lat' dir='ltr'>possunt.</span> 
     </span>
    </p>

    <p class='ocr_par' dir='ltr' id='par_1_3' title="bbox 153 693 968 1117">
     <span class='ocr_line' id='line_1_8' title="bbox 186 693 943 760; baseline 0 -14"><span class='ocrx_word' id='word_1_61' title='bbox 186 699 210 746; x_wconf 77' lang='lat' dir='ltr'>t.</span> <span class='ocrx_word' id='word_1_62' title='bbox 220 697 340 755; x_wconf 73' lang='lat' dir='ltr'>Preietos,</span> <span class='ocrx_word' id='word_1_63' title='bbox 348 698 506 757; x_wconf 85' lang='lat' dir='ltr'>argumentum</span> <span class='ocrx_word' id='word_1_64' title='bbox 516 693 640 746; x_wconf 83' lang='lat' dir='ltr'>efficaciam</span> <span class='ocrx_word' id='word_1_65' title='bbox 647 707 694 744; x_wconf 88' lang='lat' dir='ltr'>non</span> <span class='ocrx_word' id='word_1_66' title='bbox 702 695 773 746; x_wconf 85' lang='lat' dir='ltr'>habet</span> <span class='ocrx_word' id='word_1_67' title='bbox 782 697 943 760; x_wconf 81' lang='lat' dir='ltr'>quodselulet</span> 
     </span>
     <span class='ocr_line' id='line_1_9' title="bbox 154 762 968 832; baseline -0.007 -12"><span class='ocrx_word' id='word_1_68' title='bbox 154 769 181 819; x_wconf 83' lang='lat' dir='ltr'>sd</span> <span class='ocrx_word' id='word_1_69' title='bbox 196 768 308 832; x_wconf 84' lang='lat' dir='ltr'>opposita.</span> <span class='ocrx_word' id='word_1_70' title='bbox 320 767 346 817; x_wconf 89' lang='lat' dir='ltr'>Si</span> <span class='ocrx_word' id='word_1_71' title='bbox 359 777 412 830; x_wconf 85' lang='lat' dir='ltr'>ergo</span> <span class='ocrx_word' id='word_1_72' title='bbox 429 767 539 816; x_wconf 84' lang='lat' dir='ltr'>miracula</span> <span class='ocrx_word' id='word_1_73' title='bbox 548 779 602 817; x_wconf 84' lang='lat' dir='ltr'>uera</span> <span class='ocrx_word' id='word_1_74' title='bbox 615 770 713 830; x_wconf 89' lang='lat' dir='ltr'>possunt</span> <span class='ocrx_word' id='word_1_75' title='bbox 727 767 778 816; x_wconf 85' lang='lat' dir='ltr'>lleri</span> <span class='ocrx_word' id='word_1_76' title='bbox 791 767 944 819; x_wconf 75' lang='lat' dir='ltr'>elamoribus</span> <span class='ocrx_word' id='word_1_77' title='bbox 966 762 968 817; x_wconf 80' lang='grc' dir='ltr'>ἰ</span> 
     </span>
     <span class='ocr_line' id='line_1_10' title="bbox 154 837 944 904; baseline -0.004 -13"><span class='ocrx_word' id='word_1_78' title='bbox 154 841 183 891; x_wconf 87' lang='lat' dir='ltr'>ad</span> <span class='ocrx_word' id='word_1_79' title='bbox 196 839 318 891; x_wconf 85' lang='lat' dir='ltr'>falsitatem</span> <span class='ocrx_word' id='word_1_80' title='bbox 329 837 527 904; x_wconf 78' lang='lat' dir='ltr'>persuadendum,</span> <span class='ocrx_word' id='word_1_81' title='bbox 538 851 584 888; x_wconf 89' lang='lat' dir='ltr'>non</span> <span class='ocrx_word' id='word_1_82' title='bbox 599 842 668 888; x_wconf 86' lang='lat' dir='ltr'>eruut</span> <span class='ocrx_word' id='word_1_83' title='bbox 681 837 781 889; x_wconf 78' lang='lat' dir='ltr'>silescit</span> <span class='ocrx_word' id='word_1_84' title='bbox 798 841 829 890; x_wconf 86' lang='lat' dir='ltr'>ad</span> <span class='ocrx_word' id='word_1_85' title='bbox 841 840 944 891; x_wconf 72' lang='lat' dir='ltr'>vencien</span> 
     </span>
     <span class='ocr_line' id='line_1_11' title="bbox 153 908 944 974; baseline -0.008 -11"><span class='ocrx_word' id='word_1_86' title='bbox 153 913 208 964; x_wconf 81' lang='lat' dir='ltr'>fidei</span> <span class='ocrx_word' id='word_1_87' title='bbox 214 908 759 974; x_wconf 77' lang='lat' dir='ltr'>confirmandamtluotlestimonrenieus,clni</span> <span class='ocrx_word' id='word_1_88' title='bbox 768 910 944 970; x_wconf 74' lang='lat' dir='ltr'>dicaturliorc,</span> 
     </span>
     <span class='ocr_line' id='line_1_12' title="bbox 153 982 946 1048; baseline -0.005 -13"><span class='ocrx_word' id='word_1_89' title='bbox 153 985 196 1035; x_wconf 91' lang='lat' dir='ltr'>ult.</span> <span class='ocrx_word' id='word_1_90' title='bbox 207 1001 213 1035; x_wconf 91' lang='lat'>:</span> <span class='ocrx_word' id='word_1_91' title='bbox 227 983 346 1034; x_wconf 82' lang='lat' dir='ltr'>«Domiuo</span> <span class='ocrx_word' id='word_1_92' title='bbox 360 985 496 1046; x_wconf 69' lang='lat' dir='ltr'>cooperante</span> <span class='ocrx_word' id='word_1_93' title='bbox 516 985 540 1032; x_wconf 87' lang='lat' dir='ltr'>et</span> <span class='ocrx_word' id='word_1_94' title='bbox 553 994 681 1032; x_wconf 86' lang='lat' dir='ltr'>sermenem</span> <span class='ocrx_word' id='word_1_95' title='bbox 695 982 850 1036; x_wconf 78' lang='lat' dir='ltr'>confirmante</span> <span class='ocrx_word' id='word_1_96' title='bbox 863 997 946 1048; x_wconf 79' lang='grc' dir='ltr'>ιιιιιι-</span> 
     </span>
     <span class='ocr_line' id='line_1_13' title="bbox 154 1054 338 1117; baseline -0.022 -13"><span class='ocrx_word' id='word_1_97' title='bbox 154 1054 217 1106; x_wconf 84' lang='lat' dir='ltr'>libus</span> <span class='ocrx_word' id='word_1_98' title='bbox 230 1054 308 1117; x_wconf 89' lang='lat' dir='ltr'>signis.</span> <span class='ocrx_word' id='word_1_99' title='bbox 324 1069 338 1100; x_wconf 83' lang='grc' dir='ltr'>ιι</span> 
     </span>
    </p>

    <p class='ocr_par' dir='ltr' id='par_1_4' title="bbox 157 1120 968 1335">
     <span class='ocr_line' id='line_1_14' title="bbox 186 1120 968 1189; baseline 0 -15"><span class='ocrx_word' id='word_1_100' title='bbox 186 1126 232 1176; x_wconf 80' lang='lat' dir='ltr'>Sel</span> <span class='ocrx_word' id='word_1_101' title='bbox 244 1128 322 1178; x_wconf 78' lang='lat' dir='ltr'>contre</span> <span class='ocrx_word' id='word_1_102' title='bbox 332 1125 379 1186; x_wconf 85' lang='lat' dir='ltr'>est,</span> <span class='ocrx_word' id='word_1_103' title='bbox 392 1123 452 1189; x_wconf 80' lang='lat' dir='ltr'>quod</span> <span class='ocrx_word' id='word_1_104' title='bbox 465 1123 607 1187; x_wconf 74' lang='lat' dir='ltr'>Augustinus</span> <span class='ocrx_word' id='word_1_105' title='bbox 616 1123 686 1188; x_wconf 70' lang='lat' dir='ltr'>ulcu,</span> <span class='ocrx_word' id='word_1_106' title='bbox 698 1124 739 1174; x_wconf 84' lang='lat' dir='ltr'>lib.</span> <span class='ocrx_word' id='word_1_107' title='bbox 753 1125 871 1178; x_wconf 77' lang='lat' dir='ltr'>LXXXIII</span> <span class='ocrx_word' id='word_1_108' title='bbox 876 1129 947 1188; x_wconf 77' lang='lat' dir='ltr'>Quos·</span> <span class='ocrx_word' id='word_1_109' title='bbox 966 1120 968 1135; x_wconf 93' lang='lat'>&#39;</span> 
     </span>
     <span class='ocr_line' id='line_1_15' title="bbox 157 1195 968 1264; baseline 0.006 -18"><span class='ocrx_word' id='word_1_110' title='bbox 157 1198 219 1247; x_wconf 83' lang='lat' dir='ltr'>tion.</span> <span class='ocrx_word' id='word_1_111' title='bbox 232 1197 283 1260; x_wconf 84' lang='lat' dir='ltr'>(qu.</span> <span class='ocrx_word' id='word_1_112' title='bbox 293 1196 345 1260; x_wconf 79' lang='lat' dir='ltr'>ts),</span> <span class='ocrx_word' id='word_1_113' title='bbox 356 1195 415 1260; x_wconf 76' lang='lat' dir='ltr'>quoii</span> <span class='ocrx_word' id='word_1_114' title='bbox 427 1212 440 1242; x_wconf 94' lang='grc' dir='ltr'>ιι</span> <span class='ocrx_word' id='word_1_115' title='bbox 449 1195 546 1258; x_wconf 84' lang='lat' dir='ltr'>magicis</span> <span class='ocrx_word' id='word_1_116' title='bbox 555 1195 641 1246; x_wconf 82' lang='lat' dir='ltr'>artibus</span> <span class='ocrx_word' id='word_1_117' title='bbox 650 1196 708 1245; x_wconf 87' lang='lat' dir='ltr'>liunt</span> <span class='ocrx_word' id='word_1_118' title='bbox 719 1195 848 1261; x_wconf 85' lang='lat' dir='ltr'>miracula,</span> <span class='ocrx_word' id='word_1_119' title='bbox 860 1199 946 1264; x_wconf 86' lang='lat' dir='ltr'>plerun-</span> <span class='ocrx_word' id='word_1_120' title='bbox 966 1202 968 1251; x_wconf 96' lang='grc' dir='ltr'>Ι</span> 
     </span>
     <span class='ocr_line' id='line_1_16' title="bbox 160 1254 968 1335; baseline 0.001 -17"><span class='ocrx_word' id='word_1_121' title='bbox 160 1282 204 1332; x_wconf 88' lang='lat' dir='ltr'>que</span> <span class='ocrx_word' id='word_1_122' title='bbox 221 1267 304 1319; x_wconf 83' lang='lat' dir='ltr'><strong>similia</strong></span> <span class='ocrx_word' id='word_1_123' title='bbox 319 1268 489 1318; x_wconf 85' lang='lat' dir='ltr'>illismiraculis</span> <span class='ocrx_word' id='word_1_124' title='bbox 502 1281 553 1331; x_wconf 79' lang='grc' dir='ltr'>ιιιιιι</span> <span class='ocrx_word' id='word_1_125' title='bbox 565 1268 624 1318; x_wconf 78' lang='lat' dir='ltr'>lunt</span> <span class='ocrx_word' id='word_1_126' title='bbox 634 1281 676 1332; x_wconf 83' lang='lat' dir='ltr'>pes</span> <span class='ocrx_word' id='word_1_127' title='bbox 685 1281 763 1319; x_wconf 82' lang='lat' dir='ltr'>seruos</span> <span class='ocrx_word' id='word_1_128' title='bbox 774 1271 853 1321; x_wconf 78' lang='lat' dir='ltr'>ilci.»</span> <span class='ocrx_word' id='word_1_129' title='bbox 966 1254 968 1335; x_wconf 65' lang='lat' dir='ltr'>l</span> 
     </span>
    </p>

    <p class='ocr_par' dir='ltr' id='par_1_5' title="bbox 155 1339 968 1618">
     <span class='ocr_line' id='line_1_17' title="bbox 187 1339 968 1406; baseline -0.008 -14"><span class='ocrx_word' id='word_1_130' title='bbox 187 1340 197 1406; x_wconf 71' lang='lat' dir='ltr'>i</span> <span class='ocrx_word' id='word_1_131' title='bbox 203 1342 345 1394; x_wconf 75' lang='lat' dir='ltr'>concursio.</span> <span class='ocrx_word' id='word_1_132' title='bbox 353 1365 384 1378; x_wconf 88' lang='lat'>-</span> <span class='ocrx_word' id='word_1_133' title='bbox 392 1340 519 1400; x_wconf 73' lang='lat' dir='ltr'>llaemoues</span> <span class='ocrx_word' id='word_1_134' title='bbox 531 1339 583 1389; x_wconf 77' lang='lat' dir='ltr'>cium</span> <span class='ocrx_word' id='word_1_135' title='bbox 594 1339 667 1390; x_wconf 78' lang='lat' dir='ltr'>virtus</span> <span class='ocrx_word' id='word_1_136' title='bbox 681 1352 758 1390; x_wconf 83' lang='lat' dir='ltr'>sorum</span> <span class='ocrx_word' id='word_1_137' title='bbox 769 1347 850 1395; x_wconf 88' lang='lat' dir='ltr'>creata</span> <span class='ocrx_word' id='word_1_138' title='bbox 859 1342 904 1405; x_wconf 87' lang='lat' dir='ltr'>sit,</span> <span class='ocrx_word' id='word_1_139' title='bbox 917 1342 947 1389; x_wconf 87' lang='lat' dir='ltr'>ui·</span> <span class='ocrx_word' id='word_1_140' title='bbox 966 1340 968 1387; x_wconf 86' lang='lat' dir='ltr'>t</span> 
     </span>
     <span class='ocr_line' id='line_1_18' title="bbox 155 1411 968 1478; baseline -0.007 -14"><span class='ocrx_word' id='word_1_141' title='bbox 155 1413 234 1464; x_wconf 84' lang='lat' dir='ltr'>raouls</span> <span class='ocrx_word' id='word_1_142' title='bbox 254 1411 344 1478; x_wconf 79' lang='lat' dir='ltr'>proprie</span> <span class='ocrx_word' id='word_1_143' title='bbox 364 1412 439 1464; x_wconf 83' lang='lat' dir='ltr'>tacere</span> <span class='ocrx_word' id='word_1_144' title='bbox 456 1415 586 1475; x_wconf 81' lang='lat' dir='ltr'>usquecut3</span> <span class='ocrx_word' id='word_1_145' title='bbox 605 1413 702 1462; x_wconf 82' lang='lat' dir='ltr'>extenso</span> <span class='ocrx_word' id='word_1_146' title='bbox 719 1414 798 1462; x_wconf 68' lang='lat' dir='ltr'>umen</span> <span class='ocrx_word' id='word_1_147' title='bbox 818 1415 913 1466; x_wconf 85' lang='lat' dir='ltr'>nominc</span> <span class='ocrx_word' id='word_1_148' title='bbox 926 1413 968 1461; x_wconf 59' lang='grc' dir='ltr'>ιιι</span> 
     </span>
     <span class='ocr_line' id='line_1_19' title="bbox 157 1462 968 1547; baseline -0.004 -13"><span class='ocrx_word' id='word_1_149' title='bbox 157 1497 223 1534; x_wconf 90' lang='lat' dir='ltr'>omne</span> <span class='ocrx_word' id='word_1_150' title='bbox 238 1483 263 1534; x_wconf 81' lang='lat' dir='ltr'>tl</span> <span class='ocrx_word' id='word_1_151' title='bbox 279 1483 339 1547; x_wconf 84' lang='lat' dir='ltr'>quoi</span> <span class='ocrx_word' id='word_1_152' title='bbox 356 1485 478 1533; x_wconf 87' lang='lat' dir='ltr'>humanam</span> <span class='ocrx_word' id='word_1_153' title='bbox 496 1483 586 1533; x_wconf 81' lang='lat' dir='ltr'>excolit</span> <span class='ocrx_word' id='word_1_154' title='bbox 602 1483 747 1547; x_wconf 71' lang='lat' dir='ltr'>facultatem,</span> <span class='ocrx_word' id='word_1_155' title='bbox 761 1482 875 1537; x_wconf 83' lang='lat' dir='ltr'>miracula</span> <span class='ocrx_word' id='word_1_156' title='bbox 888 1486 968 1536; x_wconf 78' lang='lat' dir='ltr'>lacere</span> <span class='ocrx_word' id='word_1_157' title='bbox 966 1462 968 1515; x_wconf 77' lang='grc' dir='ltr'>Ι</span> 
     </span>
     <span class='ocr_line' id='line_1_20' title="bbox 158 1544 968 1618; baseline 0.002 -13"><span class='ocrx_word' id='word_1_158' title='bbox 158 1559 261 1618; x_wconf 91' lang='lat' dir='ltr'>possunt</span> <span class='ocrx_word' id='word_1_159' title='bbox 266 1556 295 1606; x_wconf 80' lang='lat' dir='ltr'>acl</span> <span class='ocrx_word' id='word_1_160' title='bbox 311 1554 415 1606; x_wconf 87' lang='lat' dir='ltr'>homiues</span> <span class='ocrx_word' id='word_1_161' title='bbox 428 1555 577 1604; x_wconf 79' lang='lat' dir='ltr'>seducendos.</span> <span class='ocrx_word' id='word_1_162' title='bbox 587 1553 596 1618; x_wconf 91' lang='grc'>)</span> <span class='ocrx_word' id='word_1_163' title='bbox 966 1544 968 1607; x_wconf 80' lang='lat' dir='ltr'>l</span> 
     </span>
    </p>

    <p class='ocr_par' dir='ltr' id='par_1_6' title="bbox 156 1610 968 2980">
     <span class='ocr_line' id='line_1_21' title="bbox 188 1610 968 1693; baseline -0.003 -17"><span class='ocrx_word' id='word_1_164' title='bbox 188 1625 324 1690; x_wconf 82' lang='lat' dir='ltr'>Respondes</span> <span class='ocrx_word' id='word_1_165' title='bbox 347 1625 481 1688; x_wconf 81' lang='lat' dir='ltr'>dicentum,</span> <span class='ocrx_word' id='word_1_166' title='bbox 503 1625 564 1688; x_wconf 77' lang='lat' dir='ltr'>quid</span> <span class='ocrx_word' id='word_1_167' title='bbox 583 1625 641 1677; x_wconf 80' lang='lat' dir='ltr'>siem</span> <span class='ocrx_word' id='word_1_168' title='bbox 665 1639 694 1675; x_wconf 83' lang='lat' dir='ltr'>er</span> <span class='ocrx_word' id='word_1_169' title='bbox 716 1627 787 1690; x_wconf 87' lang='lat' dir='ltr'>suprl</span> <span class='ocrx_word' id='word_1_170' title='bbox 807 1629 880 1680; x_wconf 73' lang='lat' dir='ltr'>(lictis</span> <span class='ocrx_word' id='word_1_171' title='bbox 899 1632 946 1693; x_wconf 83' lang='lat' dir='ltr'>patu</span> <span class='ocrx_word' id='word_1_172' title='bbox 966 1610 968 1679; x_wconf 75' lang='lat' dir='ltr'>l</span> 
     </span>
     <span class='ocr_line' id='line_1_22' title="bbox 159 1692 968 1762; baseline 0 -18"><span class='ocrx_word' id='word_1_173' title='bbox 159 1692 217 1758; x_wconf 88' lang='grc' dir='ltr'>(ιιι.</span> <span class='ocrx_word' id='word_1_174' title='bbox 230 1699 292 1758; x_wconf 83' lang='lat' dir='ltr'>llo,</span> <span class='ocrx_word' id='word_1_175' title='bbox 305 1700 348 1745; x_wconf 90' lang='lat' dir='ltr'>art</span> <span class='ocrx_word' id='word_1_176' title='bbox 361 1695 405 1760; x_wconf 86' lang='lat' dir='ltr'>l),</span> <span class='ocrx_word' id='word_1_177' title='bbox 415 1696 435 1746; x_wconf 91' lang='lat' dir='ltr'>si</span> <span class='ocrx_word' id='word_1_178' title='bbox 448 1695 581 1746; x_wconf 84' lang='lat' dir='ltr'>miraculum</span> <span class='ocrx_word' id='word_1_179' title='bbox 591 1696 683 1761; x_wconf 79' lang='lat' dir='ltr'>proprie</span> <span class='ocrx_word' id='word_1_180' title='bbox 695 1697 834 1762; x_wconf 69' lang='lat' dir='ltr'>cupiatur,</span> <span class='ocrx_word' id='word_1_181' title='bbox 844 1698 968 1752; x_wconf 72' lang='lat' dir='ltr'>damone?</span> 
     </span>
     <span class='ocr_line' id='line_1_23' title="bbox 159 1765 949 1834; baseline 0 -18"><span class='ocrx_word' id='word_1_182' title='bbox 159 1765 266 1816; x_wconf 86' lang='lat' dir='ltr'>miracula</span> <span class='ocrx_word' id='word_1_183' title='bbox 282 1766 357 1818; x_wconf 84' lang='lat' dir='ltr'>facero</span> <span class='ocrx_word' id='word_1_184' title='bbox 371 1771 538 1834; x_wconf 89' lang='lat' dir='ltr'>nonpossunt,</span> <span class='ocrx_word' id='word_1_185' title='bbox 552 1781 596 1818; x_wconf 87' lang='lat' dir='ltr'>neo</span> <span class='ocrx_word' id='word_1_186' title='bbox 611 1769 688 1832; x_wconf 82' lang='lat' dir='ltr'>aliqua</span> <span class='ocrx_word' id='word_1_187' title='bbox 705 1773 823 1834; x_wconf 76' lang='lat' dir='ltr'>creatum,</span> <span class='ocrx_word' id='word_1_188' title='bbox 840 1773 883 1822; x_wconf 80' lang='lat' dir='ltr'>secl</span> <span class='ocrx_word' id='word_1_189' title='bbox 901 1771 949 1820; x_wconf 87' lang='lat' dir='ltr'>solu</span> 
     </span>
     <span class='ocr_line' id='line_1_24' title="bbox 157 1837 949 1906; baseline 0 -18"><span class='ocrx_word' id='word_1_190' title='bbox 157 1839 230 1888; x_wconf 85' lang='lat' dir='ltr'>Deus·</span> <span class='ocrx_word' id='word_1_191' title='bbox 224 1837 295 1901; x_wconf 86' lang='lat' dir='ltr'>‚quia</span> <span class='ocrx_word' id='word_1_192' title='bbox 305 1839 438 1890; x_wconf 80' lang='lat' dir='ltr'>miraculum</span> <span class='ocrx_word' id='word_1_193' title='bbox 452 1839 542 1906; x_wconf 82' lang='lat' dir='ltr'>proprie</span> <span class='ocrx_word' id='word_1_194' title='bbox 555 1840 638 1890; x_wconf 88' lang='lat' dir='ltr'>dicitur</span> <span class='ocrx_word' id='word_1_195' title='bbox 651 1841 711 1904; x_wconf 78' lang='lat' dir='ltr'>guod</span> <span class='ocrx_word' id='word_1_196' title='bbox 721 1841 747 1890; x_wconf 83' lang='lat' dir='ltr'>ut</span> <span class='ocrx_word' id='word_1_197' title='bbox 759 1846 847 1906; x_wconf 77' lang='lat' dir='ltr'>preter</span> <span class='ocrx_word' id='word_1_198' title='bbox 859 1844 949 1895; x_wconf 83' lang='lat' dir='ltr'>ordinem</span> 
     </span>
     <span class='ocr_line' id='line_1_25' title="bbox 157 1903 968 1975; baseline -0.001 -15"><span class='ocrx_word' id='word_1_199' title='bbox 157 1909 228 1960; x_wconf 86' lang='lat' dir='ltr'>totius</span> <span class='ocrx_word' id='word_1_200' title='bbox 242 1903 326 1960; x_wconf 80' lang='lat' dir='ltr'>uatu&#39;rce</span> <span class='ocrx_word' id='word_1_201' title='bbox 340 1914 433 1974; x_wconf 81' lang='lat' dir='ltr'>creatc3</span> <span class='ocrx_word' id='word_1_202' title='bbox 449 1911 491 1962; x_wconf 88' lang='lat' dir='ltr'>sub</span> <span class='ocrx_word' id='word_1_203' title='bbox 505 1926 550 1975; x_wconf 78' lang='lat' dir='ltr'>quo</span> <span class='ocrx_word' id='word_1_204' title='bbox 563 1912 642 1962; x_wconf 83' lang='lat' dir='ltr'>ordine</span> <span class='ocrx_word' id='word_1_205' title='bbox 655 1912 784 1963; x_wconf 83' lang='lat' dir='ltr'>conticetur</span> <span class='ocrx_word' id='word_1_206' title='bbox 795 1916 875 1966; x_wconf 89' lang='lat' dir='ltr'>omnis</span> <span class='ocrx_word' id='word_1_207' title='bbox 889 1915 968 1963; x_wconf 75' lang='lat' dir='ltr'>rurus.</span> 
     </span>
     <span class='ocr_line' id='line_1_26' title="bbox 156 1981 968 2050; baseline -0.004 -16"><span class='ocrx_word' id='word_1_208' title='bbox 156 1986 240 2034; x_wconf 84' lang='lat' dir='ltr'>creata</span> <span class='ocrx_word' id='word_1_209' title='bbox 250 1981 421 2036; x_wconf 88' lang='lat' dir='ltr'>Ilicituctamen</span> <span class='ocrx_word' id='word_1_210' title='bbox 431 1984 707 2048; x_wconf 79' lang='lat' dir='ltr'>quandoquemuaculum</span> <span class='ocrx_word' id='word_1_211' title='bbox 718 1985 790 2050; x_wconf 83' lang='lat' dir='ltr'>large,</span> <span class='ocrx_word' id='word_1_212' title='bbox 799 1986 968 2050; x_wconf 77' lang='lat' dir='ltr'>quodenmditl</span> 
     </span>
     <span class='ocr_line' id='line_1_27' title="bbox 158 2048 968 2122; baseline 0.011 -18"><span class='ocrx_word' id='word_1_213' title='bbox 158 2056 280 2105; x_wconf 87' lang='lat' dir='ltr'>humanam</span> <span class='ocrx_word' id='word_1_214' title='bbox 295 2051 426 2105; x_wconf 77' lang='lat' dir='ltr'>facultatem</span> <span class='ocrx_word' id='word_1_215' title='bbox 438 2058 462 2106; x_wconf 90' lang='lat' dir='ltr'>et</span> <span class='ocrx_word' id='word_1_216' title='bbox 470 2057 685 2106; x_wconf 82' lang='lat' dir='ltr'>considerationem</span> <span class='ocrx_word' id='word_1_217' title='bbox 699 2056 755 2106; x_wconf 80' lang='lat' dir='ltr'>ut</span> <span class='ocrx_word' id='word_1_218' title='bbox 736 2071 770 2107; x_wconf 83' lang='lat' dir='ltr'>suc</span> <span class='ocrx_word' id='word_1_219' title='bbox 784 2059 952 2122; x_wconf 75' lang='lat' dir='ltr'>damoncspu</span> <span class='ocrx_word' id='word_1_220' title='bbox 966 2048 968 2113; x_wconf 75' lang='lat' dir='ltr'>l</span> 
     </span>
     <span class='ocr_line' id='line_1_28' title="bbox 159 2126 968 2193; baseline -0.002 -15"><span class='ocrx_word' id='word_1_221' title='bbox 159 2129 213 2178; x_wconf 84' lang='lat' dir='ltr'>suut</span> <span class='ocrx_word' id='word_1_222' title='bbox 225 2126 420 2177; x_wconf 79' lang='lat' dir='ltr'>iaceremIracula</span> <span class='ocrx_word' id='word_1_223' title='bbox 425 2139 497 2190; x_wconf 76' lang='lat' dir='ltr'>,pcc</span> <span class='ocrx_word' id='word_1_224' title='bbox 505 2127 830 2180; x_wconf 83' lang='lat' dir='ltr'>scilicetlromiuesmirantnr</span> <span class='ocrx_word' id='word_1_225' title='bbox 834 2131 968 2193; x_wconf 79' lang='lat' dir='ltr'>,iugum</span> <span class='ocrx_word' id='word_1_226' title='bbox 966 2158 968 2167; x_wconf 85' lang='lat'>·</span> 
     </span>
     <span class='ocr_line' id='line_1_29' title="bbox 158 2196 968 2262; baseline -0.002 -12"><span class='ocrx_word' id='word_1_227' title='bbox 158 2203 207 2250; x_wconf 88' lang='lat' dir='ltr'>tum</span> <span class='ocrx_word' id='word_1_228' title='bbox 219 2213 297 2250; x_wconf 89' lang='lat' dir='ltr'>eorum</span> <span class='ocrx_word' id='word_1_229' title='bbox 310 2197 440 2248; x_wconf 75' lang='lat' dir='ltr'>facultatem</span> <span class='ocrx_word' id='word_1_230' title='bbox 453 2202 476 2248; x_wconf 88' lang='lat' dir='ltr'>et</span> <span class='ocrx_word' id='word_1_231' title='bbox 489 2199 642 2262; x_wconf 84' lang='lat' dir='ltr'>coguitionem</span> <span class='ocrx_word' id='word_1_232' title='bbox 655 2199 776 2250; x_wconf 85' lang='lat' dir='ltr'>excedunt.</span> <span class='ocrx_word' id='word_1_233' title='bbox 789 2201 849 2252; x_wconf 86' lang='lat' dir='ltr'>Nam</span> <span class='ocrx_word' id='word_1_234' title='bbox 862 2206 887 2253; x_wconf 87' lang='lat' dir='ltr'>et</span> <span class='ocrx_word' id='word_1_235' title='bbox 899 2213 950 2249; x_wconf 85' lang='grc' dir='ltr'>ιιιι</span> <span class='ocrx_word' id='word_1_236' title='bbox 966 2196 968 2227; x_wconf 74' lang='lat'>³</span> 
     </span>
     <span class='ocr_line' id='line_1_30' title="bbox 159 2269 951 2335; baseline -0.005 -15"><span class='ocrx_word' id='word_1_237' title='bbox 159 2270 247 2320; x_wconf 87' lang='lat' dir='ltr'>homo</span> <span class='ocrx_word' id='word_1_238' title='bbox 241 2285 263 2321; x_wconf 87' lang='grc' dir='ltr'>ιι</span> <span class='ocrx_word' id='word_1_239' title='bbox 283 2275 391 2334; x_wconf 89' lang='lat' dir='ltr'>quantum</span> <span class='ocrx_word' id='word_1_240' title='bbox 408 2269 464 2320; x_wconf 83' lang='lat' dir='ltr'>lecit</span> <span class='ocrx_word' id='word_1_241' title='bbox 477 2270 563 2335; x_wconf 84' lang='lat' dir='ltr'>aliquid</span> <span class='ocrx_word' id='word_1_242' title='bbox 578 2271 638 2334; x_wconf 83' lang='lat' dir='ltr'>quod</span> <span class='ocrx_word' id='word_1_243' title='bbox 650 2274 686 2322; x_wconf 88' lang='lat' dir='ltr'>est</span> <span class='ocrx_word' id='word_1_244' title='bbox 699 2284 768 2335; x_wconf 85' lang='lat' dir='ltr'>supra</span> <span class='ocrx_word' id='word_1_245' title='bbox 785 2271 917 2324; x_wconf 64' lang='lat' dir='ltr'>facultatem</span> <span class='ocrx_word' id='word_1_246' title='bbox 933 2276 951 2318; x_wconf 85' lang='lat' dir='ltr'>ot</span> 
     </span>
     <span class='ocr_line' id='line_1_31' title="bbox 160 2340 949 2408; baseline -0.001 -16"><span class='ocrx_word' id='word_1_247' title='bbox 160 2340 313 2392; x_wconf 70' lang='lat' dir='ltr'>condiuonem</span> <span class='ocrx_word' id='word_1_248' title='bbox 324 2341 430 2405; x_wconf 86' lang='lat' dir='ltr'>alterius,</span> <span class='ocrx_word' id='word_1_249' title='bbox 442 2341 505 2392; x_wconf 84' lang='lat' dir='ltr'>ducit</span> <span class='ocrx_word' id='word_1_250' title='bbox 518 2341 589 2399; x_wconf 87' lang='lat' dir='ltr'>allum</span> <span class='ocrx_word' id='word_1_251' title='bbox 600 2343 624 2393; x_wconf 93' lang='lat' dir='ltr'>iu</span> <span class='ocrx_word' id='word_1_252' title='bbox 637 2341 810 2393; x_wconf 82' lang='lat' dir='ltr'>admirationem</span> <span class='ocrx_word' id='word_1_253' title='bbox 824 2345 862 2400; x_wconf 82' lang='lat' dir='ltr'>sui</span> <span class='ocrx_word' id='word_1_254' title='bbox 872 2343 949 2408; x_wconf 76' lang='lat' dir='ltr'>opem.</span> 
     </span>
     <span class='ocr_line' id='line_1_32' title="bbox 161 2412 951 2477; baseline -0.001 -16"><span class='ocrx_word' id='word_1_255' title='bbox 161 2415 186 2462; x_wconf 92' lang='lat' dir='ltr'>ut</span> <span class='ocrx_word' id='word_1_256' title='bbox 204 2413 368 2474; x_wconf 76' lang='lat' dir='ltr'>proucumouo</span> <span class='ocrx_word' id='word_1_257' title='bbox 388 2412 523 2464; x_wconf 86' lang='lat' dir='ltr'>miraculum</span> <span class='ocrx_word' id='word_1_258' title='bbox 539 2413 643 2464; x_wconf 82' lang='lat' dir='ltr'>rideetur</span> <span class='ocrx_word' id='word_1_259' title='bbox 660 2413 758 2477; x_wconf 89' lang='lat' dir='ltr'>operari.</span> <span class='ocrx_word' id='word_1_260' title='bbox 781 2414 905 2466; x_wconf 87' lang='lat' dir='ltr'>Sciendum</span> <span class='ocrx_word' id='word_1_261' title='bbox 922 2418 951 2462; x_wconf 86' lang='lat' dir='ltr'>est</span> 
     </span>
     <span class='ocr_line' id='line_1_33' title="bbox 159 2481 951 2550; baseline -0.001 -18"><span class='ocrx_word' id='word_1_262' title='bbox 159 2487 250 2542; x_wconf 68' lang='lat' dir='ltr'>umen,</span> <span class='ocrx_word' id='word_1_263' title='bbox 263 2483 324 2547; x_wconf 76' lang='lat' dir='ltr'>guod</span> <span class='ocrx_word' id='word_1_264' title='bbox 341 2484 444 2547; x_wconf 77' lang='lat' dir='ltr'>quamue</span> <span class='ocrx_word' id='word_1_265' title='bbox 455 2481 588 2548; x_wconf 79' lang='lat' dir='ltr'>hujusmodi</span> <span class='ocrx_word' id='word_1_266' title='bbox 599 2498 669 2549; x_wconf 84' lang='lat' dir='ltr'>opera</span> <span class='ocrx_word' id='word_1_267' title='bbox 683 2485 811 2536; x_wconf 76' lang='lat' dir='ltr'>demonum</span> <span class='ocrx_word' id='word_1_268' title='bbox 828 2501 882 2550; x_wconf 76' lang='lat' dir='ltr'>qua</span> <span class='ocrx_word' id='word_1_269' title='bbox 895 2486 951 2538; x_wconf 73' lang='lat' dir='ltr'>nolis</span> 
     </span>
     <span class='ocr_line' id='line_1_34' title="bbox 160 2554 952 2624; baseline 0.003 -20"><span class='ocrx_word' id='word_1_270' title='bbox 160 2554 270 2604; x_wconf 83' lang='lat' dir='ltr'>miraculo</span> <span class='ocrx_word' id='word_1_271' title='bbox 288 2555 406 2618; x_wconf 83' lang='lat' dir='ltr'>uidentur,</span> <span class='ocrx_word' id='word_1_272' title='bbox 425 2556 452 2605; x_wconf 84' lang='lat' dir='ltr'>ad</span> <span class='ocrx_word' id='word_1_273' title='bbox 467 2567 545 2605; x_wconf 81' lang='lat' dir='ltr'>ueram</span> <span class='ocrx_word' id='word_1_274' title='bbox 562 2560 674 2608; x_wconf 87' lang='lat' dir='ltr'>rationem</span> <span class='ocrx_word' id='word_1_275' title='bbox 690 2556 794 2607; x_wconf 86' lang='lat' dir='ltr'>miraculi</span> <span class='ocrx_word' id='word_1_276' title='bbox 809 2570 858 2609; x_wconf 92' lang='lat' dir='ltr'>non</span> <span class='ocrx_word' id='word_1_277' title='bbox 875 2559 952 2624; x_wconf 85' lang='lat' dir='ltr'>pcrtin-</span> 
     </span>
     <span class='ocr_line' id='line_1_35' title="bbox 160 2627 948 2692; baseline 0.003 -18"><span class='ocrx_word' id='word_1_278' title='bbox 160 2628 229 2688; x_wconf 85' lang='lat' dir='ltr'>gant,</span> <span class='ocrx_word' id='word_1_279' title='bbox 239 2629 291 2675; x_wconf 88' lang='lat' dir='ltr'>sunt</span> <span class='ocrx_word' id='word_1_280' title='bbox 301 2629 377 2677; x_wconf 88' lang='lat' dir='ltr'>tamen</span> <span class='ocrx_word' id='word_1_281' title='bbox 391 2627 526 2690; x_wconf 81' lang='lat' dir='ltr'>quandoque</span> <span class='ocrx_word' id='word_1_282' title='bbox 535 2641 596 2679; x_wconf 76' lang='lat' dir='ltr'>reru</span> <span class='ocrx_word' id='word_1_283' title='bbox 610 2642 647 2679; x_wconf 90' lang='lat' dir='ltr'>res</span> <span class='ocrx_word' id='word_1_284' title='bbox 657 2643 663 2678; x_wconf 90' lang='lat'>:</span> <span class='ocrx_word' id='word_1_285' title='bbox 674 2629 732 2679; x_wconf 92' lang='lat' dir='ltr'>sicut</span> <span class='ocrx_word' id='word_1_286' title='bbox 743 2630 805 2692; x_wconf 87' lang='lat' dir='ltr'>magi</span> <span class='ocrx_word' id='word_1_287' title='bbox 819 2631 948 2686; x_wconf 85' lang='lat' dir='ltr'>Pharaonis,</span> 
     </span>
     <span class='ocr_line' id='line_1_36' title="bbox 160 2697 949 2764; baseline 0.005 -19"><span class='ocrx_word' id='word_1_288' title='bbox 160 2710 201 2761; x_wconf 88' lang='lat' dir='ltr'>per</span> <span class='ocrx_word' id='word_1_289' title='bbox 215 2697 322 2747; x_wconf 86' lang='lat' dir='ltr'>vlrtutem</span> <span class='ocrx_word' id='word_1_290' title='bbox 340 2700 480 2762; x_wconf 77' lang='lat' dir='ltr'>damonum,</span> <span class='ocrx_word' id='word_1_291' title='bbox 497 2713 565 2751; x_wconf 80' lang='lat' dir='ltr'>veros</span> <span class='ocrx_word' id='word_1_292' title='bbox 582 2705 700 2764; x_wconf 81' lang='lat' dir='ltr'>serpentes</span> <span class='ocrx_word' id='word_1_293' title='bbox 718 2704 826 2752; x_wconf 83' lang='lat' dir='ltr'>strenas</span> <span class='ocrx_word' id='word_1_294' title='bbox 844 2703 949 2754; x_wconf 86' lang='lat' dir='ltr'>lecerunt.</span> 
     </span>
     <span class='ocr_line' id='line_1_37' title="bbox 160 2766 950 2838; baseline 0.003 -19"><span class='ocrx_word' id='word_1_295' title='bbox 160 2767 190 2820; x_wconf 78' lang='lat' dir='ltr'>tlt</span> <span class='ocrx_word' id='word_1_296' title='bbox 199 2769 306 2830; x_wconf 85' lang='lat' dir='ltr'>quando&#39;</span> <span class='ocrx_word' id='word_1_297' title='bbox 300 2768 361 2828; x_wconf 82' lang='lat' dir='ltr'>iguis</span> <span class='ocrx_word' id='word_1_298' title='bbox 370 2771 398 2820; x_wconf 79' lang='lat' dir='ltr'>lle</span> <span class='ocrx_word' id='word_1_299' title='bbox 408 2771 465 2820; x_wconf 83' lang='lat' dir='ltr'>coelo</span> <span class='ocrx_word' id='word_1_300' title='bbox 479 2766 573 2834; x_wconf 81' lang='lat' dir='ltr'>sceldii,</span> <span class='ocrx_word' id='word_1_301' title='bbox 584 2772 725 2822; x_wconf 81' lang='lat' dir='ltr'>etfamiliam</span> <span class='ocrx_word' id='word_1_302' title='bbox 735 2774 837 2830; x_wconf 79' lang='lat' dir='ltr'>iolcum</span> <span class='ocrx_word' id='word_1_303' title='bbox 850 2773 950 2838; x_wconf 74' lang='lat' dir='ltr'>gregibus</span> 
     </span>
     <span class='ocr_line' id='line_1_38' title="bbox 159 2809 951 2916; baseline 0.001 -29"><span class='ocrx_word' id='word_1_304' title='bbox 159 2849 268 2916; x_wconf 81' lang='lat' dir='ltr'>pecorum</span> <span class='ocrx_word' id='word_1_305' title='bbox 285 2851 331 2886; x_wconf 88' lang='lat' dir='ltr'>uno</span> <span class='ocrx_word' id='word_1_306' title='bbox 345 2838 431 2900; x_wconf 88' lang='lat' dir='ltr'>impetu</span> <span class='ocrx_word' id='word_1_307' title='bbox 446 2809 600 2905; x_wconf 85' lang='lat' dir='ltr'>consumpsit,</span> <span class='ocrx_word' id='word_1_308' title='bbox 614 2846 638 2892; x_wconf 89' lang='lat' dir='ltr'>et</span> <span class='ocrx_word' id='word_1_309' title='bbox 657 2845 723 2895; x_wconf 82' lang='lat' dir='ltr'>turbo</span> <span class='ocrx_word' id='word_1_310' title='bbox 739 2845 831 2895; x_wconf 80' lang='lat' dir='ltr'>domum</span> <span class='ocrx_word' id='word_1_311' title='bbox 848 2844 951 2909; x_wconf 81' lang='lat' dir='ltr'>dejiciens</span> 
     </span>
     <span class='ocr_line' id='line_1_39' title="bbox 160 2906 950 2980; baseline 0.015 -25"><span class='ocrx_word' id='word_1_312' title='bbox 160 2907 218 2956; x_wconf 89' lang='lat' dir='ltr'>lilios</span> <span class='ocrx_word' id='word_1_313' title='bbox 233 2907 284 2969; x_wconf 75' lang='lat' dir='ltr'>eius</span> <span class='ocrx_word' id='word_1_314' title='bbox 298 2906 379 2958; x_wconf 85' lang='lat' dir='ltr'>occidit</span> <span class='ocrx_word' id='word_1_315' title='bbox 385 2923 454 2974; x_wconf 80' lang='lat' dir='ltr'>,quc</span> <span class='ocrx_word' id='word_1_316' title='bbox 463 2912 558 2963; x_wconf 84' lang='lat' dir='ltr'>luerunt</span> <span class='ocrx_word' id='word_1_317' title='bbox 570 2927 640 2978; x_wconf 85' lang='lat' dir='ltr'>opera</span> <span class='ocrx_word' id='word_1_318' title='bbox 651 2914 758 2980; x_wconf 78' lang='lat' dir='ltr'>Satanae,</span> <span class='ocrx_word' id='word_1_319' title='bbox 767 2918 791 2967; x_wconf 88' lang='lat' dir='ltr'>el</span> <span class='ocrx_word' id='word_1_320' title='bbox 800 2917 950 2980; x_wconf 77' lang='lat' dir='ltr'>phantasma</span> 
     </span>
    </p>
   </div>
   <div class='ocr_carea' id='block_1_3' title="bbox 0 0 1003 3309">
    <p class='ocr_par' dir='ltr' id='par_1_7' title="bbox 0 0 1003 3309">
     <span class='ocr_line' id='line_1_40' title="bbox 0 0 1003 3309; baseline 0 0"><span class='ocrx_word' id='word_1_321' title='bbox 0 0 1003 3309; x_wconf 95' lang='lat' dir='ltr'> </span> 
     </span>
    </p>
   </div>
  </div>
 </body>
</html>
