1984 3309
157 199 186 239 ll!
201 198 397 240 cmiifflffllls
413 198 566 242 mimmii
581 202 686 242 Acmon.
773 195 817 242 751

323 342 481 394 nucleolos
493 345 512 393 l.

110 449 190 494 Uirum
198 449 381 494 circumstantia
391 451 423 494 ait
432 449 541 496 occidens
552 455 620 498 octus
630 451 738 498 ommutui.

61 568 91 618 lli
106 567 199 631 primum
217 567 251 618 sic
262 568 393 632 proceditur
404 569 449 633 (l).
465 569 559 620 Videtur
576 571 637 634 quod
652 571 821 623 circumstantia

35 653 74 689 non
90 639 120 690 sit
133 639 237 690 accidens
254 644 319 691 actus
336 641 441 691 humani.
460 641 520 692 Dicit
537 643 598 693 enlm
616 644 702 694 Tullius
720 644 744 694 iu
763 646 822 694 lite-

36 712 111 770 tom'c.,
127 710 185 774 qood
204 711 403 778 «circumtantia
420 717 457 763 est
482 727 523 777 per
547 727 614 778 quam
633 716 821 778 argumentationi

33 782 179 845 auctoritatem
189 784 212 832 et
226 782 391 834 firmamentum
406 785 508 850 adjungit
520 786 601 836 oratio.
611 801 625 833 n
638 787 683 837 Sed
696 787 769 838 oratio
782 789 821 838 dat

34 854 188 903 firmamentum
203 855 409 918 argumentationi,
425 856 539 921 praecipui
558 857 586 907 ab
602 856 638 906 his
658 871 708 922 quae
726 861 779 909 sunt
793 859 820 910 de

33 925 150 975 contuitio
165 923 210 988 rei,
224 929 251 976 ut
270 926 389 992 diffinitio,
401 941 474 992 penus
487 931 512 979 et
531 929 633 994 species,
647 933 670 978 el
683 929 727 978 alia
740 930 820 994 hujus-

32 997 99 1060 modi,
112 995 127 1045 t
139 997 220 1060 ombus
233 997 303 1048 etiam
317 999 403 1050 Tullios
414 1004 527 1052 oratorem
537 1001 691 1065 argumentari
698 1001 765 1052 docet
777 1002 819 1066 (i).

32 1069 85 1131 Ergo
94 1068 261 1119 circumstantia
273 1080 319 1121 nou
332 1075 368 1122 est
380 1071 486 1123 accidens
497 1073 591 1124 humani
607 1077 679 1124 amus.

58 1145 81 1189 t.
96 1141 217 1202 Prsterea,
232 1141 357 1193 aucmentis
373 1143 490 1208 proprium
508 1147 544 1194 cst
564 1144 727 1204 messaliani
745 1147 821 1196 autem

31 1212 168 1274 circumstat,
176 1225 223 1263 non
231 1210 305 1278 inest,
313 1215 353 1265 sed
361 1214 435 1276 magis
444 1216 482 1264 cst
490 1219 565 1265 extra.
574 1216 633 1280 llrpo
644 1215 820 1268 circumstantiae

30 1297 71 1334 non
88 1286 142 1334 sunt
157 1284 282 1334 accidentia
292 1286 443 1336 humanorum
454 1289 553 1336 actuum.

57 1359 80 1406 t.
98 1357 226 1419 emuna,
239 1356 362 1408 accidentis
375 1362 422 1408 no'n
435 1360 471 1407 cst
486 1357 601 1408 accidens.
616 1359 661 1408 Sed
673 1357 718 1421 ipsi
728 1359 822 1408 humani

30 1430 90 1478 nctus
104 1427 274 1490 aunt-quedam
293 1427 426 1479 accidentia.
441 1429 492 1478 Nou
506 1441 561 1491 ergo
576 1428 752 1480 circumstantiae
771 1433 824 1479 sunt

29 1498 148 1550 accidentia
160 1501 260 1550 actuum.

56 1570 102 1620 Sed
117 1573 216 1621 contra:
232 1571 381 1634 particulares
391 1571 535 1623 'conditiones
552 1571 675 1636 cujuslibet
692 1571 725 1622 rei
741 1571 821 1636 singu·

28 1642 77 1692 laris
89 1641 196 1693 dicuutur
204 1642 332 1694 accidentia
341 1643 507 1694 indiuilmntia
518 1643 600 1707 ipsam.
613 1644 658 1694 Sed
670 1642 822 1707 Philosophus

26 1715 47 1762 in
59 1715 100 1764 lll.
113 1713 200 1766 utute.
218 1716 282 1780 (cap.
294 1719 310 1764 2
321 1716 359 1766 uel
373 1715 416 1780 o),
425 1715 609 1766 circumstantius
620 1715 722 1768 nominat
737 1716 821 1780 porli-

26 1785 137 1843 catorio,
149 1784 172 1836 io
187 1790 236 1850 cst,
249 1786 396 1856 pmtioulares
412 1787 551 1850 singulorum
568 1789 657 1837 actuum
672 1787 821 1838 conditiones.
856 1781 860 1792 ’

26 1859 80 1921 Ergo
98 1857 278 1909 circumstantia
292 1861 346 1909 sunt
363 1858 487 1909 accidentia
507 1857 653 1909 iudlniduulia
674 1860 823 1910 humanorum

25 1932 124 1980 actuum.

54 2001 219 2064 (corausto.
233 2027 263 2040 -
278 2001 434 2054 Circumstare'
444 2002 530 2066 aliquid
547 2001 642 2064 dicitur,
657 2003 717 2065 quod
735 2001 825 2064 quidem

25 2076 55 2122 ost
69 2071 226 2124 extrinsecum
246 2073 260 2124 l
277 2087 316 2138 re,
332 2078 410 2124 tamen
428 2074 501 2138 ipsam
520 2073 630 2136 attingit:
648 2071 825 2123 circumstantia

25 2146 89 2205 {uitur
102 2146 256 2196 humauomm
267 2149 366 2209 actuum,
377 2145 439 2196 recti
452 2143 576 2195 accidentia
588 2157 664 2194 eorum
676 2142 808 2206 licuntur.)

51 2216 193 2282 llespomleo
207 2216 414 2281 dicendum,un
424 2215 478 2280 quia
492 2215 597 2277 nomina,
610 2212 735 2264 secundum
750 2212 827 2263 Philo·

25 2288 118 2350 sophum
129 2288 188 2353 (issi.
200 2289 230 2338 ll.
241 2289 392 2348 Peritsrm„
401 2300 452 2351 cap.
463 2287 506 2350 l),
518 2288 571 2336 suut
582 2286 649 2348 sigua
658 2285 825 2348 intellectuum,

26 2372 114 2409 necesse
128 2358 240 2422 estquod
252 2358 376 2410 munaum
389 2371 520 2423 processum
531 2355 677 2406 intellectiva
691 2354 827 2419 cognitionis

25 2431 48 2477 sit
61 2430 136 2481 etiam
154 2429 319 2482 nominationis
335 2429 463 2495 processis.
483 2428 588 2480 Procedit
600 2429 677 2478 autem
696 2431 773 2478 nostra
788 2441 827 2478 co·

25 2501 91 2560 ,rnilio
104 2501 272 2552 intellectualis
285 2503 296 2550 l
311 2501 438 2552 notion‘lms
446 2501 479 2560 act
492 2499 569 2550 minus
584 2502 650 2562 nou,
665 2501 688 2550 et
700 2497 751 2548 ideo
769 2499 828 2562 apul

49 2671 84 2735 (l)
100 2677 138 2721 De
153 2675 192 2721 liis
205 2674 276 2721 etiam
289 2673 364 2734 iniri,
380 2686 420 2733 qu.
434 2672 481 2733 18,
497 2680 542 2720 art.
562 2672 589 2727 ὃς
605 2677 631 2718 ut
650 2678 674 2719 et
691 2675 737 2730 lv,
751 2670 829 2720 Scuto

26 2736 69 2781 list.
87 2735 131 2796 lt,
149 2749 191 2794 qu.
207 2737 232 2796 3,
245 2741 289 2783 art.
301 2735 328 2793 15
341 2742 365 2783 ct
377 2749 418 2794 qu.
436 2737 466 2795 i,
479 2737 508 2783 de
521 2735 598 2796 ''malo‚
614 2741 656 2782 art.
676 2735 705 2796 t,
721 2734 749 2781 ud
763 2732 793 2792 5,
806 2736 830 2777 et

25 2804 59 2844 nt.
70 2798 102 2858 5,
119 2801 148 2846 irr
157 2812 240 2858 corp.;
253 2806 278 2846 ct
290 2800 315 2845 iu
325 2799 367 2847 111.
378 2801 472 2851 litiis„
484 2801 540 2846 lect.
552 2799 575 2859 ³,
588 2799 633 2846 eol.
646 2800 670 2845 i.

49 2868 81 2931 (i)
96 2869 131 2920 Ut
145 2873 172 2918 iu
185 2871 309 2932 nupsero
320 2873 452 2920 Trebatium
461 2871 539 2917 villere
549 2877 598 2929 est,
607 2872 647 2918 ulri
658 2869 734 2916 varios
746 2867 829 2913 modos

25 2935 202 2990 *remutandi
212 2936 366 2995 uumqouqoe
379 2936 514 2995 desumptus
527 2934 654 2982 enumerat.
