1984 3309
130 198 175 247 adl
322 206 382 243 enus
398 204 423 269 ¹7
439 204 531 251 aanor.
546 202 619 254 acran,
635 202 689 240 mr.
707 204 733 240 n.

129 284 169 334 lio.
186 284 223 335 De
236 282 290 332 dr'a.
308 283 411 333 Nomia.
428 282 553 348 (cap.le
574 280 686 331 «nonem
705 282 798 330 causata
812 292 945 331 causarum

130 370 221 407 suarum
242 354 400 418 contingentes
419 354 538 418 imagines.
555 372 569 401 n
589 354 634 405 Sed
654 354 713 403 Deus
740 355 777 401 est
795 366 872 403 eausa
896 369 947 404 non

129 427 201 477 sollum
215 426 357 477 rationalium
370 428 537 486 ereaturarum,
547 426 588 475 sed
598 424 667 474 etiam
679 422 865 475 irrationalium.
881 427 946 503 lg'rgo

128 498 202 561 imago
218 497 259 548 liei
274 498 389 549 iuvenitur
404 496 428 545 in
444 495 611 547 irrationalibus
622 493 740 546 creaturis.

161 574 183 618 a.
191 572 312 633 Praeterea,
322 568 406 632 quant'o
414 574 451 621 est
459 568 588 632 expressior
597 567 720 618 similitudo
731 565 862 630 malique,
874 568 946 620 tantd

130 639 202 703 nangis
219 640 300 691 accidit
314 641 341 689 ad
357 638 467 691 rationem
482 638 596 703 imaginis.
611 638 657 689 Sed
669 636 792 702 lliongsins
809 639 888 704 dicit,
904 643 945 691 lll.

130 725 180 777 cap.
197 712 232 761 De
245 712 322 761 uliam.
338 712 453 773 Nomia,
471 729 483 759 o
494 710 556 774 quid
569 710 645 761 radius
658 708 737 761 solaris
751 710 857 763 maxime
868 713 947 763 habet

130 783 300 834 similitudinem
314 782 396 833 diuina
413 782 531 833 bonitalis.
546 799 560 830 n
575 783 633 845 Ergo
651 785 688 832 est
700 781 729 831 ad
740 780 872 845 imaginem
888 786 943 835 liei.

107 916 108 921 Ἰ
163 860 185 905 3.
205 856 332 917 preterea,
348 853 431 919 quanto
447 853 533 917 aliquid
548 857 584 904 est
599 852 673 916 magis
687 852 813 917 perlectum
828 853 857 905 iu
867 856 945 907 b'oni-

131 929 193 988 tate,
209 926 272 977 tantd
290 926 361 990 magis
376 931 412 977 est
430 927 476 977 [leo
497 924 580 975 simile.
601 925 646 976 sed
661 927 735 973 lotum
752 922 895 985 universum
908 932 947 979 est

131 997 253 1061 perleolius
266 998 290 1047 in
301 998 404 1049 bonitate
415 998 482 1061 quam
496 998 577 1061 homo;
590 996 646 1059 quia
657 994 702 1045 etsi
708 995 768 1045 bona
777 995 825 1046 sint
836 998 948 1063 singula,

131 1072 208 1117 tamen
224 1067 291 1117 simul
302 1068 379 1118 omnia
393 1068 500 1118 dicuntur
510 1067 576 1117 valde
590 1067 665 1127 bona,
676 1073 745 1123 Gen„
760 1066 779 1116 Ι.
790 1068 853 1131 Ergo
864 1073 948 1122 totum

132 1139 264 1189 universum
278 1142 314 1189 est
332 1140 359 1190 ad
373 1137 494 1209 imaginem
513 1138 568 1201 liei,
582 1142 606 1188 et
618 1151 665 1188 non
677 1138 740 1189 solus
749 1137 829 1188 homo.

165 1214 187 1259 t.
202 1210 331 1275 Praeterea,
346 1210 438 1262 Boetius
455 1208 480 1259 in
494 1208 534 1260 lio.
549 1210 586 1260 De
606 1208 743 1261 Consolotu
756 1208 813 1259 dicit
825 1210 857 1261 de
869 1212 944 1266 Deo:

135 1298 148 1328 «
161 1282 268 1333 Mundum
287 1289 363 1335 mente
382 1296 476 1347 gerens,
491 1281 604 1346 similique
627 1282 652 1331 in
672 1280 771 1345 imagine
788 1281 906 1336 formans.
930 1304 946 1335 a

43 1372 47 1380 ·
132 1352 192 1417 Ergo
204 1357 266 1415 totus
275 1355 371 1405 muudus
385 1358 421 1405 est
432 1352 460 1403 ad
473 1352 598 1418 imaginem
611 1353 665 1416 liei,
679 1356 704 1432 et
716 1367 762 1405 non
776 1352 853 1405 solium
867 1359 948 1410 ratim

134 1425 193 1475 nalis
206 1430 317 1479 creatura.
554 1477 556 1482 ,

163 1498 209 1549 Sed
222 1501 300 1553 eontra
311 1502 360 1561 est,
372 1496 431 1562 quod
447 1498 502 1549 dicit
513 1491 666 1562 Augustinus,
676 1498 714 1549 Vl.
725 1498 808 1563 Super
819 1499 885 1551 Gen.
902 1502 943 1552 ad

133 1564 175 1619 tn.
190 1570 256 1635 (cog.
270 1569 335 1635 dal:
351 1586 364 1617 o
374 1568 421 1621 lloo
432 1571 524 1621 excellit
536 1570 561 1621 in
574 1571 680 1633 homine,
695 1570 748 1635 quia
761 1570 823 1621 Deus
834 1571 947 1638 adima-

134 1638 210 1703 ginem
224 1655 287 1691 suam
301 1640 416 1693 hominem
429 1642 483 1693 leoit
495 1647 588 1707 propter
597 1645 640 1694 laoo
654 1640 714 1707 qudd
724 1641 786 1692 dedit
795 1643 818 1693 ei
831 1647 944 1697 mentem

134 1713 311 1763 intellectualem
327 1728 372 1777 qua
386 1717 480 1777 praestat
502 1714 632 1779 pecoribus.
649 1732 663 1762 n
683 1716 717 1765 Ea
737 1727 791 1778 ergo
812 1729 866 1782 quae
892 1732 947 1771 non

135 1782 219 1831 habent
232 1782 382 1847 intellectam,
397 1798 443 1834 non
454 1788 509 1837 suut
520 1786 549 1835 ad
559 1784 682 1849 magnam
696 1783 745 1835 liei.

169 1854 424 1917 (coronano-eom
432 1848 485 1907 solae
494 1855 659 1909 intellectuales
666 1860 774 1906 ereatura
780 1854 947 1911 assimilentur

135 1920 181 1975 Deo
196 1930 221 1976 ut
232 1924 340 1991 intelligit
353 1931 376 1977 et
391 1926 459 1991 sapit,
474 1941 507 1979 aa
521 1930 575 1979 sola
591 1928 622 1993 lsi
637 1926 726 1993 proprii
739 1928 871 1995 loquamur)
883 1938 945 1984 sunt

137 1997 166 2047 ad
177 1997 299 2063 imaginem
312 1997 378 2062 liei.)

168 2066 303 2135 Respoirdeo
316 2071 447 2136 dicendum,
458 2068 518 2135 qudd
528 2084 573 2123 non
586 2070 696 2137 qualibet
704 2068 838 2137 similitudo,
847 2070 946 2126 etiamsi

137 2138 166 2193 sit
177 2153 283 2208 expressa
297 2158 325 2193 es
344 2144 428 2208 altero,
439 2143 524 2194 suflicit
537 2144 566 2195 ad
581 2143 692 2195 munirem
704 2142 827 2207 imaginisg
839 2145 861 2194 si
875 2146 944 2197 enim

136 2212 257 2267 similitudo
272 2214 302 2265 sit
315 2210 440 2267 seeundum
454 2229 527 2279 genus
538 2213 640 2280 tantiam,
653 2216 691 2267 rel
702 2212 830 2265 seeundum
845 2212 945 2280 aliquod

137 2286 240 2337 accidens
259 2301 390 2349 commune,
402 2292 496 2351 propter
511 2289 555 2338 hoc
570 2300 616 2338 nou
634 2286 721 2337 dicetur
737 2285 823 2349 aliquid
842 2300 894 2339 esee
913 2288 945 2340 ad

136 2356 259 2420 imaginem
267 2358 366 2409 alterius.
377 2359 428 2409 Non
442 2358 504 2408 enim
512 2360 589 2423 posset
597 2356 807 2421 diciquddvermis,
816 2357 943 2421 quioritur

138 2430 279 2488 salomias,
296 2428 326 2478 sit
339 2430 412 2493 imago
425 2428 533 2492 hominis,
545 2434 639 2493 propter
649 2428 821 2479 similitudinem
835 2427 943 2492 generis.

137 2498 215 2561 Neque
230 2499 309 2549 iterum
324 2503 398 2563 potest
412 2498 470 2561 diei,
484 2499 545 2563 quod
558 2500 578 2550 si
586 2500 672 2563 aliquid
687 2502 727 2549 liat
744 2499 820 2550 aldum
833 2503 861 2551 ad
876 2498 943 2552 simi·

138 2570 257 2619 titudinem
274 2570 380 2634 alterius,
398 2570 458 2635 qaod
478 2575 571 2635 propter
584 2572 628 2621 hoo
642 2571 673 2621 sit
686 2573 714 2621 ad
729 2571 781 2635 ejus
798 2570 942 2639 imaginem3

138 2640 191 2704 quia
208 2641 284 2691 album
298 2646 334 2691 est
347 2641 451 2693 aeeidens
463 2655 583 2693 commune
593 2642 697 2706 pluribus
711 2641 841 2706 anacteam.
854 2645 945 2709 Requi·

139 2710 195 2763 uitur
204 2716 280 2763 autem
288 2714 315 2763 ad
325 2714 437 2763 rationem
443 2711 632 2777 imaginis,qudd
640 2714 672 2763 sit
680 2711 803 2763 similitudo
813 2715 944 2766 secundnm

139 2848 193 2897 dist.
205 2852 234 2909 2,
246 2864 286 2909 qu.
296 2853 320 2909 a,
333 2858 376 2897 art.
388 2852 412 2911 a,
420 2864 460 2909 qu.
473 2850 485 2897 l
496 2868 502 2905 ς
514 2858 539 2896 et
550 2849 619 2897 dont.
631 2850 713 2903 Geni„
723 2853 765 2899 lan.
773 2854 822 2911 Π,
831 2853 947 2913 ωρμθς

140 2921 164 2961 et
177 2915 201 2959 in
215 2916 234 2961 l.
246 2915 277 2961 ool
290 2916 415 2977 Cor.,=X1,
428 2916 483 2961 leot.
497 2915 525 2975 ²,
539 2914 586 2961 ool.
598 2913 622 2960 3.
