1984 3309
132 132 179 178 766
287 136 361 176 amun
378 135 506 186 saonen,
522 134 745 195 oomsr.1x,bnr.
763 137 782 173 1.

130 218 249 280 tenedus,
260 215 360 279 sequitur
373 215 450 265 tardus
464 215 504 264 eut
514 213 589 264 narllus
602 212 700 263 allectos
716 229 721 262 :
737 212 932 276 seimusbonum,

132 303 174 339 nec
191 289 288 338 delectat
303 301 378 351 egere.
396 302 410 333 »
431 286 479 336 Hoc
496 288 575 336 autem
592 297 638 334 nou
658 287 720 336 esset
724 322 733 349 ‚
749 284 770 336 si
790 285 897 334 noluntas
911 285 936 334 ab

131 360 247 410 intellectu
266 361 408 422 moveretur;
422 357 477 422 quia
489 360 563 408 motus
580 355 669 407 mobilis
687 355 795 422 sequitur
814 357 937 407 motionem

131 432 255 483 moventis.
267 433 326 494 Ergo
338 430 469 481 intellectus
485 443 532 480 non
545 432 620 480 mouet
632 428 787 479 voluntatem.

162 509 185 552 2.
197 505 323 564 preterea,
336 500 467 552 intellectus
481 514 506 552 se
517 501 586 552 babet
599 501 627 550 ad
641 499 785 550 voluntatem
796 504 822 552 ut
836 503 937 552 demons-

131 581 193 626 traus
206 572 343 638 appetibile,
360 572 418 624 sicut
432 573 565 636 imaginatio
578 573 720 623 demonstrat
731 573 862 637 appetmile
872 589 939 639 appe·

131 647 183 697 litui
204 645 321 696 sensitiro.
339 645 385 696 Sed
408 644 543 708 imaginatio
565 643 722 696 demonstraus
746 645 876 708 appetibile
898 660 938 695 nou

132 721 208 769 movet
225 716 352 781 appetitum
364 715 512 778 sensitivum3
524 715 571 766 imo
581 716 715 780 quandoque
731 715 765 764 ita
775 729 819 766 nos
830 715 938 767 habemus

132 789 204 839 adea
226 801 277 852 que
297 787 461 851 imaginamur,
476 787 536 838 siout
557 787 584 837 ad
603 799 630 836 ea
648 799 699 850 que
716 786 741 836 in
762 785 857 850 pictura
875 787 939 838 uobis

132 863 294 923 ostenduntur,
310 861 433 925 exquibus
450 873 496 913 oon
515 873 645 923 moremur,
660 863 685 908 ul
703 859 788 909 dicitur
803 860 829 909 in
844 861 885 912 lib.
908 863 938 909 lle

133 936 220 983 autom
237 933 335 996 (libb,
347 937 403 984 tent.
414 933 469 995 15).
482 934 542 996 Ergo
551 944 627 994 neque
638 931 707 982 etiam
720 931 857 984 intellectus
866 936 938 984 moret

133 1005 293 1057 voluntarium.

166 1082 189 1127 3.
202 1079 329 1141 eruerer,
341 1076 400 1127 idem
411 1082 516 1142 respectu
526 1077 628 1142 ejusdem
639 1088 686 1126 uon
697 1079 734 1126 est
745 1088 847 1127 movens
858 1081 882 1128 et
894 1091 939 1126 mo-

133 1153 188 1199 tum.
199 1149 243 1199 Sed
252 1150 358 1200 voluutas
367 1153 443 1201 moret
453 1150 604 1210 intellectum,
612 1147 761 1208 intelligimus
768 1148 835 1198 enim
849 1149 935 1213 maudo

133 1222 245 1272 volumus.
259 1223 317 1285 Ergo
331 1221 461 1272 intellectus
477 1234 525 1272 non
540 1223 618 1271 moret
629 1220 780 1270 volunlatem.

164 1293 209 1343 Sed
226 1295 304 1343 contra
322 1295 370 1355 est,
385 1294 445 1356 quod
463 1293 616 1356 Philosophus
637 1289 692 1341 dicit
707 1290 731 1338 in
745 1291 786 1340 111.
803 1291 843 1340 De
855 1293 937 1340 aalma

136 1365 208 1428 (teat.
224 1364 286 1427 bt),
307 1361 367 1426 quod
386 1380 401 1411 «
420 1362 543 1428 appetibile
564 1362 705 1413 intellectum
724 1363 760 1411 est
777 1374 878 1413 movens
898 1375 938 1412 nou

134 1434 233 1499 molum;
246 1434 352 1486 voluutas
361 1437 439 1486 auom
451 1438 486 1499 est
501 1447 599 1485 mouens
607 1436 703 1490 motum.
716 1449 730 1480 b

167 1507 373 1570 (Concuos10.-
391 1507 466 1558 Movet
486 1506 615 1558 intellectus
634 1506 778 1556 uoluntatem
798 1519 849 1557 non
867 1506 934 1570 quoad

134 1579 265 1630 exercitium
286 1583 365 1642 actus,
384 1579 424 1629 scd
442 1581 517 1642 quoad
539 1577 745 1644 specificatiouem3
761 1578 873 1629 voluntas
889 1577 937 1628 verb

134 1664 214 1703 omnes
226 1650 341 1714 potentias
357 1651 447 1712 movet,
460 1649 535 1714 quoad
553 1649 688 1702 exercitium
703 1650 797 1714 actus.)

166 1722 302 1785 Respondeo
315 1722 447 1785 dicendum3
455 1721 551 1787 quod-in
559 1722 647 1772 tantum
657 1719 744 1784 aliquid
753 1717 846 1784 indiget
855 1720 937 1772 morem

136 1793 164 1842 ab
178 1791 268 1859 aliquo,
281 1791 306 1841 ia
322 1796 431 1856 quantum
443 1795 478 1842 est
490 1791 515 1843 iu
525 1791 627 1858 potentia
638 1791 665 1841 ad
679 1791 759 1854 plura,
770 1796 867 1857 oportet
879 1793 935 1842 euim

137 1867 162 1913 ut
173 1863 197 1913 id
210 1865 270 1927 quod
278 1866 314 1914 est
324 1863 349 1913 iu
358 1864 470 1928 potentia,
480 1864 599 1914 reducatur
608 1863 632 1912 in
647 1865 722 1912 aetum
731 1875 773 1928 per
784 1861 937 1928 aliquid'quod

137 1938 173 1988 est
184 1939 281 1998 actu‚et
290 1937 334 1985 boc
346 1939 382 1986 est
390 1949 492 1986 morere.
501 1934 625 1998 Dupliciter
634 1938 710 1984 autem
724 1933 849 1998 aliquavis
862 1933 936 1985 animo

137 2008 253 2060 iuvenitur
264 2019 315 2059 esse
327 2007 353 2057 in
363 2008 466 2072 potentia
478 2007 505 2056 ad
521 2007 609 2058 diversa
620 2022 626 2052 ε
639 2017 685 2056 uuo
700 2007 777 2070 modo,
790 2011 904 2070 quamnim
913 2007 936 2054 ad

138 2095 213 2144 opere
223 2079 260 2130 rel
273 2093 320 2128 non
336 2091 423 2142 opem
437 2077 482 2128 alio
497 2079 577 2140 modo,
589 2081 698 2142 mantum
710 2077 738 2127 ad
752 2091 830 2141 apere
846 2077 889 2126 boc
904 2076 936 2125 rel

139 2152 207 2202 illud
224 2167 233 2200 .·
248 2149 306 2201 sicut
317 2150 381 2200 usus
394 2151 529 2214 quandoque
542 2149 604 2202 videt
622 2151 690 2211 actu,
705 2151 729 2200 et
742 2150 881 2214 quaudoque
896 2163 936 2198 noa

137 2222 212 2284 videt;
226 2225 249 2273 et
258 2222 392 2286 quaudoque
404 2221 467 2272 videt
475 2222 565 2286 album³
578 2225 601 2272 et
614 2220 750 2284 quaudoque
761 2220 828 2276 uidet
842 2221 934 2284 nigram.

137 2294 227 2356 indiget
238 2294 307 2357 igitur
321 2296 425 2343 movente
444 2295 553 2356 quantum
567 2294 594 2343 ed
608 2292 668 2354 duo,
684 2289 774 2342 scilicet
787 2295 898 2356 quantum
912 2291 935 2338 ad

137 2364 269 2414 exercitium
283 2367 319 2417 rel
336 2379 404 2416 usum
421 2369 500 2428 actim,
514 2367 538 2415 et
552 2366 663 2428 quantum
682 2363 710 2414 od
723 2363 934 2414 determinationem

136 2439 201 2486 actas
218 2450 331 2499 :quemm
340 2437 438 2501 primum
450 2440 485 2488 est
497 2450 527 2487 ea
535 2440 598 2501 parte
609 2435 706 2500 subjecti
712 2471 720 2498 ,
730 2436 793 2498 quod
804 2435 936 2500 qumdoque

136 2506 252 2557 invenitur
266 2521 351 2573 agene,
364 2509 501 2573 quandoque
520 2522 567 2558 aon
585 2521 667 2571 ageas3
683 2506 747 2556 aliud
766 2509 845 2558 autem
861 2509 895 2556 ml
910 2517 934 2553 ea

121 2580 200 2640 ‘parte
211 2578 303 2643 objecti,
320 2581 445 2632 secundum
458 2580 518 2644 qudd
531 2579 677 2645 specificatur
689 2581 762 2639 artua
779 2577 852 2629 motio
865 2581 934 2627 autem

137 2648 210 2712 ipsius
221 2651 317 2713 subjecti
330 2655 365 2702 est
382 2666 411 2703 ex
421 2655 505 2715 agente
518 2651 602 2715 aliquo.
617 2651 645 2700 nt
655 2649 707 2700 edm
720 2663 790 2700 omne
805 2663 874 2714 agens
886 2651 932 2710 agat

138 2724 231 2784 propter
240 2721 323 2783 finem,
337 2727 363 2770 ut
376 2717 444 2786 aup'rd
457 2727 575 2774 occasum
590 2726 625 2773 est
635 2724 686 2786 (qu.
705 2725 733 2783 t,
749 2724 791 2772 erl.
804 2721 842 2786 2),
856 2719 933 2786 priuci-

138 2790 202 2852 pium
210 2791 280 2853 bajus
294 2791 401 2842 motionis
412 2797 447 2844 est
459 2807 488 2844 ex
500 2795 553 2845 line.
563 2795 592 2847 nt
602 2793 655 2844 inde
665 2792 771 2856 estquod
784 2806 822 2844 ars
833 2793 861 2843 ad
872 2802 932 2855 quam

139 2860 238 2921 pertinet
250 2859 316 2924 fluis,
333 2868 410 2913 moret
426 2876 468 2916 suo
481 2865 577 2930 imperio
591 2866 663 2918 artem
677 2865 705 2916 ad
719 2877 788 2932 quam
801 2863 897 2932 pertinet
912 2859 931 2910 id
