1984 3309
326 151 383 196 ubtn
399 151 437 193 ΕΠ
451 153 592 196 bunwoo.

330 341 500 412 bumbulo
518 346 573 410 tlt.

149 491 216 549 (leid
230 493 262 538 uit
276 491 411 544 lentitudo,
426 495 455 539 du
470 499 521 541 otto
533 501 653 547 caliculos
669 503 759 552 dinuo.

86 631 171 684 beinde
183 630 371 686 considerandum
386 639 420 686 est
431 637 485 700 quid
495 640 526 690 sit
537 641 661 708 beatitudo,
676 648 700 696 et
712 661 764 712 qno
776 651 853 714 reom-
916 705 921 711 ,

58 707 132 754 mutor
145 705 267 770 adipsum.

85 777 149 828 Circa
172 778 271 842 primum
289 785 421 844 queruntur
439 787 490 834 octo
516 801 521 832 :
547 789 574 835 1⁰
592 787 670 838 Utrum
687 790 803 844 beatitudo
822 795 852 846 sit

55 847 137 912 aliquid
149 849 286 901 increatum.
301 852 329 901 po
346 849 425 904 llt'rbm
440 853 555 908 beatitudo
568 858 599 908 sit
608 861 718 923 operatios
734 866 760 911 d·
774 862 852 916 tttrdm

54 920 195 985 uituperatio
210 923 325 975 sensitiva
336 925 419 990 partis,
431 939 460 978 au
474 927 623 982 intellectiva
633 931 730 983 tantini.
746 937 772 984 ιο
782 936 806 986 Si
815 939 852 987 esl

55 992 155 1056 opemtio
170 994 314 1056 intellectiva
327 997 407 1062 partis,
417 997 493 1050 utrium
506 1000 535 1050 sit
548 1003 650 1066 operatio
662 1003 805 1069 intellectus,
822 1021 851 1058 aa

54 1063 185 1115 voluntatis.
202 1066 228 1114 5⁰
242 1065 268 1116 si
279 1071 313 1118 est
324 1069 426 1134 operatio
438 1071 569 1134 speculativi
581 1073 722 1139 intellectis,
733 1081 772 1128 ant
784 1090 850 1143 prac-

52 1136 97 1188 tici.
109 1141 136 1186 6ο
149 1139 173 1188 Si
191 1143 225 1189 est
238 1140 339 1204 operatio
352 1139 480 1194 intellectis
490 1145 639 1210 speculativi,
651 1147 727 1198 utrum
740 1147 850 1204 consistat

52 1209 75 1257 in
94 1209 249 1274 speculatione
270 1211 415 1263 scientiarum
432 1215 630 1278 speculativarum.
647 1219 674 1267 7⁰
693 1218 772 1269 tlta'irm
792 1221 850 1273 edn-

51 1281 114 1331 sistat
130 1280 154 1332 in
168 1283 321 1348 speculatione
336 1285 513 1337 substantiarum
529 1292 697 1352 separatarum,
712 1291 800 1344 seilicet
809 1289 850 1345 a'n-

51 1353 160 1414 gelornm.
173 1355 200 1404 8⁰
210 1355 289 1406 Utrum
302 1357 326 1406 iu
338 1359 385 1408 sola
395 1358 548 1422 speculatione
558 1359 613 1423 bei,
621 1375 665 1424 qua
675 1375 717 1426 per
726 1364 849 1417 essentiam

51 1425 147 1477 videtur.

353 1501 511 1554 anbrcbtbs
524 1505 541 1555 1.

191 1607 278 1655 Uirrium
290 1609 409 1655 beatitudo
417 1611 450 1655 ait
459 1611 554 1668 aliquid
562 1612 704 1660 increatum.

77 1717 110 1766 dcl
124 1717 224 1782 primunr
244 1715 276 1768 sic
290 1717 418 1782 proceditur
433 1714 473 1783 (1).
494 1720 587 1771 Videtur·
605 1722 666 1787 qubd
683 1722 800 1776 beatilndo
818 1727 847 1778 sil

48 1788 131 1852 aliquid
153 1787 289 1840 increatum.
311 1789 371 1840 llicit
394 1791 456 1840 emim
477 1793 569 1843 Boetius
590 1793 614 1842 in
635 1793 674 1844 ΙΙΙ.
698 1795 735 1844 De
756 1797 846 1849 umasol.

48 1863 124 1924 (pirosa
134 1858 181 1922 iil:
196 1861 275 1929 «Esse
291 1861 361 1912 llenm
379 1861 452 1926 ipsam
465 1863 626 1916 beatitudinem
640 1869 734 1918 necesse
748 1872 784 1918 est
794 1883 848 1920 oon-

48 1931 113 1984 fileri.
126 1947 141 1979 o

77 2010 100 2055 2.
119 2007 242 2069 Praeterea,
255 2005 371 2058 beatitudo
384 2011 419 2058 est
430 2009 543 2060 summum
553 2011 646 2061 bonum.
662 2010 707 2061 Sed
719 2024 772 2062 essa
786 2025 847 2062 sum-

47 2093 107 2129 nmm
116 2079 203 2129 bouum
211 2077 320 2128 conuenit
327 2079 423 2144 boola).
433 2080 490 2131 Cium
502 2093 555 2146 ergo
567 2095 612 2132 non
622 2084 675 2132 sunt
683 2083 749 2146 plura
759 2095 847 2134 mmma

46 2153 117 2214 bona,
128 2151 219 2202 uidetur
236 2149 295 2216 qnod
306 2151 422 2202 beatitudo
439 2153 469 2204 sit
481 2153 541 2204 idem
552 2154 613 2218 quod
624 2155 690 2204 lleus.

77 2229 100 2272 3.
115 2225 230 2274 Praeterea
236 2261 244 2287 ,
254 2223 370 2274 beatitudo
382 2229 416 2276 est
426 2225 520 2275 ultimus
533 2225 585 2275 bnis
598 2225 623 2274 in
636 2237 704 2288 quem
715 2224 848 2295 naturaliter

47 2297 147 2345 bumana
161 2295 267 2346 uoluntas
276 2299 383 2362 anquam
393 2297 417 2347 in
427 2298 495 2348 finem
506 2296 588 2349 tendit.
598 2295 674 2347 sedin
686 2296 772 2346 nullum
785 2297 846 2350 abad

47 2368 153 2418 voluutas
166 2370 274 2431 anquam
289 2368 312 2419 im
325 2369 395 2420 finem
411 2370 505 2420 tendere
522 2367 589 2418 debet
602 2367 648 2417 nisi
664 2367 689 2418 in
701 2370 788 2434 ileum,
800 2385 846 2436 qno

46 2439 92 2489 solo
106 2437 231 2489 fruendum
244 2444 292 2504 est,
302 2444 328 2492 nt
343 2441 481 2506 Augustinus
490 2437 599 2504 dioillo).
614 2441 673 2504 Ergo
686 2439 800 2492 beatitudo
811 2445 848 2494 est

45 2510 105 2562 idem
119 2512 183 2576 quod
196 2513 266 2563 Deus.

76 2627 110 2692 (a)
124 2605 171 2678 no
183 2631 219 2676 aas
234 2631 305 2678 eurum
318 2632 391 2693 rutra,
404 2645 443 2690 qu.
467 2633 512 2694 aa,
525 2639 567 2681 aaa.
583 2633 610 2689 a;
625 2630 650 2679 da
668 2637 692 2680 o
708 2635 755 2693 un,
770 2632 848 2682 stou,

47 2693 99 2740 dist.
111 2693 156 2761 til,
168 2707 209 2752 qu.
226 2692 309 2755 l,art.
322 2696 346 2755 2,
360 2697 496 2754 quaestiune.
511 2696 534 2744 ί.

75 2763 107 2826 (2)
124 2769 157 2812 Ut
169 2781 199 2814 ex
210 2767 316 2825 professu
329 2769 349 2816 I.
359 2775 429 2828 part,
445 2781 485 2826 qn.
498 2768 522 2829 d,
537 2776 581 2815 art.
593 2764 622 2823 ἲ,
637 2768 766 2815 discussum
775 2772 819 2813 est.

76 2836 108 2900 (3)
121 2840 160 2886 sic
170 2841 234 2887 euim
245 2841 287 2887 lib.
297 2845 315 2886 Ι.
328 2841 362 2888 De
372 2842 488 2894 doctrino
496 2843 594 2894 ebriat,
601 2854 654 2899 unp.
665 2840 680 2885 5
691 2842 751 2886 :list
760 2837 848 2897 pullos

44 2902 181 2956 [ruendum
196 2907 244 2956 eat,
258 2905 331 2954 Potor
342 2908 363 2950 et
373 2905 457 2952 Filios
472 2909 493 2954 at
506 2905 618 2966 Spiritus
631 2907 730 2952 moram
748 2906 795 2961 oct,
807 2913 849 2949 oo·
