1984 3309
137 167 182 212 ιιι
337 176 396 213 nnnc
410 176 436 224 r,
446 175 540 220 oonsr.
554 171 696 223 cv1n‚tnr.
710 173 729 212 ι.

135 255 261 312 neumas,
275 253 366 313 oportet
379 249 454 300 dicere
467 251 528 314 qnod
545 251 591 302 sint
604 249 689 314 optimi
702 249 819 313 dispositi.
833 249 877 301 Sed
889 261 932 312 op-

135 323 191 372 tima
201 321 321 385 dispositio
333 326 370 372 est
382 322 535 389 mpititudinis
545 321 668 372 secundini
682 320 743 384 qudd
752 321 880 372 continetur
894 321 932 371 suh

135 406 182 444 uno
194 391 336 456 principatu,
350 397 377 442 ut
387 396 450 457 patei
464 406 505 456 per
514 394 685 457 Philosophum,
697 393 749 442 ΧΠ.
757 393 899 459 Meinphps.
910 395 933 442 et

136 463 160 513 in
178 465 217 513 111.
229 463 307 513 Ροιίι.
322 463 379 514 Chm
390 477 444 526 ergo
457 463 586 515 hierarchia
599 463 656 514 nihil
673 462 703 514 sit
717 463 780 514 aliud
794 465 864 528 quim
874 477 935 515 sacer

135 535 286 600 principatus,
303 536 393 588 ridetur
412 535 473 600 quod
495 551 576 588 omnes
595 535 670 599 angeli
692 535 739 586 sint
757 536 828 588 unius
851 537 935 588 hierar-

136 606 203 657 chier.

167 684 191 728 2.
201 679 330 742 Preietos,
340 679 464 744 Dionysius
477 679 533 730 dicit
541 678 565 730 in
576 680 615 728 lli.
625 692 677 742 cap.
689 679 933 735 verissimorum..

136 749 197 814 qudd
213 769 227 799 ι(
243 751 370 802 hierarchia
386 756 421 802 est
435 752 508 816 ordo,
524 751 620 802 scicntia
637 757 661 802 ct
678 750 746 802 actio.
761 767 775 800 o
791 751 838 802 Sed
856 765 937 804 omnes

137 823 213 885 augeli
228 823 368 874 morcourt
376 823 400 874 in
409 837 455 874 uno
462 823 543 874 ordine
554 824 582 873 ad
594 824 666 874 Deum
674 833 743 886 quern
754 829 907 886 cognoscunt,
917 827 937 873 ct

137 894 208 958 dquo
229 896 254 945 in
267 895 314 949 suis
331 895 457 949 actionibus
474 893 614 959 regelantur.
628 897 685 960 Ergo
694 908 779 960 ¹orrtnes
793 897 873 960 angeli
888 900 938 948 sunt

136 965 204 1016 nnus
217 966 360 1018 hierarchice.

169 1041 193 1087 3.
212 1041 338 1100 eruerer,
353 1052 417 1089 sacer
431 1039 585 1103 principatus,
600 1039 640 1102 qui
654 1037 737 1088 dicitur
752 1037 904 1104 hierarchia(
921 1038 937 1103 i,

137 1109 252 1160 invenitur
271 1111 296 1160 in
313 1109 443 1161 hominihus
458 1116 482 1162 et
500 1111 595 1174 angelis.
610 1111 654 1161 Sed
668 1123 748 1161 omncs
760 1110 868 1162 homines
888 1115 939 1162 suot

137 1182 205 1232 unius
215 1182 356 1233 hierarchia.
372 1183 430 1246 Ergo
440 1183 510 1234 eham
523 1195 602 1234 omnes
617 1182 691 1245 angeli
701 1185 754 1232 sunt
769 1182 840 1233 unius
853 1179 940 1234 merar-

138 1253 205 1304 chiae.

169 1327 214 1376 Sed
231 1330 310 1377 contra
327 1331 376 1391 cst,
394 1325 455 1390 qnod
474 1323 611 1392 Dionysius,
630 1325 670 1374 Vl.
688 1339 740 1390 cap.
763 1325 861 1377 ooeicsi.
889 1330 939 1378 hie·

138 1398 239 1459 curci„
252 1399 373 1462 distinguit
388 1402 436 1449 tres
456 1396 595 1447 hieremias
609 1397 748 1460 augelorum.

171 1471 332 1536 (Concnnsro.
348 1499 379 1508 -
393 1472 427 1521 Er
449 1474 512 1535 parte
530 1469 641 1534 principis
664 1469 749 1534 unius,
773 1469 860 1522 scilicet
885 1473 939 1534 Dei,

138 1554 216 1592 omnes
226 1542 301 1605 angeli
317 1547 340 1592 et
349 1541 471 1592 rationuies
483 1544 593 1591 creatore
606 1539 674 1590 unius
686 1543 738 1590 suni
750 1541 903 1604 hierarchiae3
916 1557 940 1594 ex

138 1616 202 1674 parte
215 1611 271 1662 uero
280 1612 433 1662 multitudinis
443 1611 551 1662 ordinatu
563 1612 605 1662 sub
616 1610 732 1677 principe,
745 1613 821 1677 angeli
834 1627 877 1666 uec
889 1629 940 1664 cunr

138 1683 280 1746 hominihus,
291 1697 333 1733 nec
347 1685 405 1734 inter
414 1699 453 1745 se,
466 1687 520 1734 sunt
530 1683 597 1734 unius
608 1683 755 1748 hierarchiae,
771 1685 810 1736 sed
821 1685 869 1750 ipsi
883 1685 941 1736 inter

139 1767 164 1802 sc
175 1753 251 1816 angeli
263 1757 310 1804 tres
324 1755 466 1805 constituunt
478 1754 642 1819 hierarchias.)

170 1826 304 1889 Respondeo
315 1827 451 1889 dicendum,
462 1827 523 1892 qudd
533 1825 657 1877 hierarchia
668 1829 702 1876 est
714 1839 778 1878 sacer
785 1825 940 1892 principatus,

139 1901 164 1945 ni
177 1897 319 1950 dictumest.
331 1900 355 1949 in
368 1901 460 1950 nomine
471 1903 547 1950 autem
562 1897 704 1962 principatds
716 1900 761 1950 duo
770 1899 942 1964 intelliguntur,

139 1968 226 2019 scilicet
234 1969 283 2033 ipse
294 1972 412 2036 princeps,
424 1977 447 2022 ei
459 1973 578 2022 multitudo
590 1969 691 2020 ordinata
704 1972 746 2021 suh
759 1971 873 2036 principe.
884 1973 941 2030 Quia

139 2041 208 2103 igitur
220 2057 280 2093 unus
290 2048 325 2094 est
338 2045 398 2094 Deus
407 2044 531 2108 princeps,
544 2055 590 2092 non
599 2040 672 2091 sotum
681 2042 781 2092 omnimo
794 2044 938 2107 angelorum,

138 2113 259 2164 sedetiam
273 2115 426 2166 hominumct
441 2114 511 2165 totius
528 2117 652 2178 creaturo3
667 2114 718 2164 ideo
733 2107 779 2164 non
798 2112 873 2164 soihm
890 2127 940 2164 oro-

140 2185 203 2235 nium
218 2186 367 2248 angelorum,
387 2185 508 2236 sedetiam
526 2184 597 2236 totius
618 2184 738 2235 rationalis
753 2188 878 2249 creaturae,
892 2199 941 2249 quc

140 2270 252 2307 sacrorum
265 2259 378 2322 particeps
392 2271 441 2308 esse
452 2261 542 2322 potest,
561 2269 606 2306 nna
618 2259 653 2306 esi
663 2253 939 2326 hierarchia.·Secundirnr

140 2329 201 2389 quod
221 2330 361 2390 Augustinus
376 2329 432 2378 dicii
446 2328 472 2377 in
490 2327 540 2379 xli.
556 2329 592 2377 De
613 2328 688 2378 Cioz'i.
712 2327 761 2377 Dei
765 2332 804 2388 ,'«
822 2330 880 2378 duas
893 2343 941 2378 essc

140 2398 258 2463 civitates,
273 2403 317 2450 hoc
328 2405 364 2452 est
378 2400 512 2466 societates,
524 2413 591 2452 urrann
603 2399 628 2448 iu
645 2398 732 2464 anguiis
746 2399 813 2450 bonis
831 2405 856 2450 et
869 2401 940 2452 honri·

140 2471 216 2534 nibus,
230 2473 322 2523 alterum
334 2475 359 2522 in
370 2472 445 2524 halis.
465 2489 479 2519 o
491 2472 536 2524 Sed
553 2471 572 2522 si
588 2471 743 2522 consideretur
755 2471 900 2537 principatus
913 2487 940 2523 es·

140 2546 203 2606 purte
216 2544 367 2595 multitudinis
379 2546 489 2596 ordinato
504 2545 548 2596 sub
559 2545 675 2610 principe,
688 2543 721 2595 sio
729 2556 790 2595 unm
800 2543 940 2610 principatus

141 2614 224 2665 dicitur
237 2615 360 2666 secundino
378 2617 438 2680 qudd
454 2617 576 2668 multitudo
592 2629 637 2666 nno
650 2619 673 2666 et
687 2616 767 2666 eodem
785 2616 854 2668 modo
868 2619 940 2682 potest

176 2749 205 2812 (i)
220 2754 255 2797 En
272 2753 367 2797 notione
382 2761 462 2809 grecie
478 2755 545 2800 nocis
562 2753 685 2824 ispuppin,
700 2755 809 2800 nimirum
828 2761 859 2804 ab
878 2753 938 2822 ἱερὸς,

142 2824 204 2878 qnod
223 2822 336 2879 significat
348 2835 445 2870 oacrum
454 2858 463 2875 ,
473 2831 498 2869 et
509 2827 538 2870 ah
551 2825 622 2894 ἀρχὴ,
640 2827 700 2882 qrrod
716 2825 830 2884 significat
840 2833 938 2888 panci-

140 2898 234 2949 petum.
