1984 3309
115 192 763 245 uuuoummouucxsmarruaurarcoaroaaur,urrc.
797 186 844 243 lot

42 282 160 333 corporua3
172 271 247 321 auima
259 270 316 322 rard
327 272 428 321 humana
438 270 451 321 l
462 273 520 324 Duo.
532 274 562 323 Et
576 274 605 323 ad
615 273 659 323 lucc
667 272 843 336 significandum

40 340 120 391 dicitur
132 347 202 406 dea,
215 344 242 401 l.
255 346 370 407 quantum
383 344 414 394 ad
432 342 476 393 alia
489 344 611 407 animalia,
632 362 646 393 r<
657 344 767 408 producat
784 348 843 396 terra

40 411 136 461 cumam
148 410 279 475 uiuentem
289 430 304 460 a
316 417 429 477 quantum
440 412 495 483 raro
509 416 535 465 ad
544 414 674 478 homiuum,
683 415 774 476 dicitur,
783 415 844 479 qood

40 501 53 528 u
61 481 181 548 inspiravit
193 482 218 533 iu
232 483 316 535 facicm
331 483 383 548 cjus
396 484 535 549 spiraculum
545 486 609 537 vita.
622 503 635 533 u
649 488 677 537 llt
687 486 740 538 ideo
751 488 844 537 conclu·

38 556 94 606 ditur
106 556 187 607 Eccli.
207 558 274 607 ult.:
292 559 453 608 «Revertatur
471 558 547 621 puluis
561 558 585 608 iu
598 562 681 610 terram
698 572 762 609 suam
782 559 843 609 uudc

38 633 94 690 erat,
105 633 130 679 at
141 627 240 693 spiritua
253 631 332 681 redcat
348 632 376 679 ad
392 631 479 692 Mum,
489 630 529 693 qui
539 630 602 682 dedit
617 631 688 680 illum.
706 648 719 677 u
736 630 844 679 Similiter

36 714 152 761 procoma
165 701 222 752 rita
237 702 383 766 estsimilis,
396 706 509 765 quantum
525 704 553 752 ad
567 716 659 767 corpus3
674 704 702 753 ad
714 703 774 766 quod
788 714 841 765 pcr-

35 770 105 831 tiuet,
115 773 179 835 quod
194 771 279 822 dicitur
288 773 314 821 in
326 772 408 823 Eucti.
424 788 434 822 .·
447 772 579 823 «Similiter
591 774 678 837 spirant
688 773 773 836 omnia,
787 790 800 819 u
817 774 841 821 al

33 844 103 904 Sap,
115 844 136 893 ll
150 860 157 893 z
176 861 191 891 u
202 844 295 894 dumus
303 848 327 895 et
337 846 406 902 datus
422 848 458 894 cst
470 844 495 894 iu
508 844 600 895 umidus
613 842 705 907 nostris,
716 848 760 895 etc.
772 842 842 895 »sud

33 927 77 961 ucu
90 918 124 964 εει
132 915 220 965 munilia
233 928 358 979 processus
366 918 478 977 mantum
491 916 519 965 ad
532 916 644 976 unimam,
654 916 708 979 quia
721 918 789 966 homo
802 913 841 963 iu·

33 982 130 1047 telligit,
145 1000 194 1035 nou
210 989 291 1036 autem
304 984 411 1035 animalia
423 985 499 1035 bruta.
515 987 578 1036 Unde
589 986 671 1036 laisum
688 986 793 1049 estquod
807 984 844 1034 di-

35 1054 109 1105 citur:
122 1057 358 1107 «mhdhalacthomo
365 1060 473 1121 jumento
482 1057 588 1121 amplius.
599 1074 614 1105 »
624 1058 654 1108 lli
662 1057 724 1121 idco,
734 1074 748 1105 «
760 1055 843 1107 similis

33 1131 68 1175 est
81 1126 204 1189 interitus,
220 1146 236 1177 u
258 1133 369 1192 quantum
387 1128 417 1178 ad
438 1141 538 1192 corpus,
557 1130 597 1179 aad
617 1143 664 1180 uou
680 1133 789 1193 quantum
814 1127 842 1177 ad

31 1211 138 1248 ammana
383 1236 387 1245 ,

59 1272 94 1320 dd
106 1271 236 1321 secundum
249 1270 373 1319 dicundum
380 1307 390 1335 ,
402 1268 464 1333 quod
475 1270 535 1320 sicut
548 1284 616 1334 possa
626 1269 696 1321 creari
704 1269 786 1320 dicitur
797 1267 838 1319 ali·

29 1339 84 1400 quid
100 1352 148 1390 nou
160 1353 204 1403 per
217 1339 349 1403 potentiam
363 1339 497 1404 passivam,
514 1342 555 1391 aad
573 1339 646 1390 uoldm
662 1353 702 1403 pcr
714 1338 841 1402 potentiam

32 1409 131 1459 activam
144 1408 266 1470 creantis,
280 1409 321 1475 qui
335 1424 365 1461 cx
378 1410 452 1460 nihilo
465 1415 542 1473 potest
555 1410 640 1475 aliquid
654 1412 794 1473 producere3
810 1409 844 1459 ita

34 1478 88 1529 cim
99 1480 181 1531 dicitur
189 1481 279 1545 aliquid
291 1482 397 1533 vertibile
404 1481 431 1531 iu
445 1481 502 1531 nihil
508 1519 517 1546 ,
527 1496 573 1533 uon
584 1481 719 1545 importatur
729 1480 753 1529 iu
765 1484 840 1531 creata

35 1552 170 1613 potcutiaad
181 1568 232 1603 noc
243 1568 309 1610 erae,
321 1556 360 1604 aud
372 1553 399 1604 iu
409 1557 510 1605 creature
520 1554 621 1619 potantia
631 1555 658 1605 ad
669 1555 713 1606 hcc
722 1553 782 1615 quod
790 1566 844 1601 erae

35 1637 80 1672 nou
97 1622 183 1675 induat.
199 1625 288 1675 llicitur
307 1629 384 1676 autam
402 1625 489 1689 ailquid
502 1624 648 1689 corruptibile
664 1637 706 1688 per
719 1624 764 1673 hoc
782 1622 844 1686 quod

30 1694 91 1745 inest
99 1696 123 1747 ci
135 1696 241 1761 potentia
252 1698 280 1746 ad
295 1712 343 1746 non
356 1712 417 1747 ease.

60 1769 95 1817 ad
108 1769 204 1818 tertium
214 1767 352 1830 dicundum,
365 1767 427 1831 qudd
436 1767 564 1831 intelligere
572 1781 624 1817 cum
633 1768 792 1831 phantasmate
802 1769 839 1816 cst

28 1838 125 1901 propria
134 1838 242 1903 aparatio
251 1837 334 1889 aalma
344 1838 471 1890 secuudum
480 1840 541 1903 quod
548 1838 636 1903 corpori
645 1841 681 1887 est
689 1836 762 1887 unita.
773 1837 844 1899 Sepa-

30 1916 75 1957 rata
90 1914 171 1961 autem
185 1909 201 1959 a
213 1922 311 1973 corpore
324 1909 420 1961 habebit
436 1909 505 1959 ulium
518 1910 608 1960 modum
623 1906 765 1971 intelligendi
781 1904 844 1955 uimi-

29 1981 73 2029 lem
80 1980 283 2036 aliiusuhstautiis
291 1981 305 2031 d
312 1994 408 2046 corpora
418 1980 538 2045 separatis,
549 1985 575 2031 ut
584 1980 642 2033 iutra
652 1978 736 2031 molius
747 1976 843 2043 patebit.

324 2124 487 2176 admotus
508 2125 556 2175 llll.

149 2238 242 2285 Uir-clm
252 2240 370 2285 animari
386 2242 487 2296 cupetur
496 2240 546 2285 sint
554 2241 627 2285 unica
635 2239 728 2297 speciei.

62 2350 94 2398 ld
105 2348 239 2414 acptimum
252 2347 287 2398 uic
299 2348 440 2413 proceditur.
450 2348 544 2399 Videtur
552 2348 613 2411 quod
627 2348 701 2399 aalma
711 2352 734 2399 ct
746 2349 842 2412 angelus

33 2420 155 2472 sturmus
163 2418 266 2485 spatici
278 2421 462 2484 Unumquodque
473 2420 536 2471 cuim
553 2420 669 2471 ordinatur
682 2420 710 2469 ad
726 2420 842 2483 proprium

30 2493 97 2543 finem
109 2507 154 2558 pur
167 2496 279 2543 maturum
291 2506 341 2543 suc
353 2491 449 2557 speciei,
457 2505 498 2556 per
508 2506 576 2555 quam
588 2492 658 2545 habat
670 2491 842 2542 inclinationem

31 2566 56 2612 ad
68 2566 149 2616 licem.
159 2564 209 2615 Sed
219 2563 282 2614 idem
292 2568 330 2615 cst
340 2563 395 2614 duis
405 2563 489 2613 auimae
499 2567 522 2614 ot
531 2563 620 2627 augeli,
630 2562 716 2614 scilicet
725 2562 841 2613 beatitudo

30 2641 124 2687 aterna.
138 2638 205 2699 Ergo
218 2639 274 2685 aaut
288 2635 358 2686 unius
368 2633 468 2699 aporici.

58 2712 82 2755 a.
92 2710 223 2769 preterea,
233 2705 313 2756 ultima
321 2706 453 2757 differentia
463 2706 616 2769 speciilcaest
625 2704 779 2764 nobilissima,
788 2703 842 2765 quia

32 2780 126 2843 corrpiet
138 2778 258 2829 rationem
274 2778 368 2841 speciei.
384 2776 431 2828 Scd
446 2776 504 2826 nihil
520 2780 554 2831 eat
567 2774 667 2827 nobilius
683 2774 708 2825 iu
725 2775 804 2837 angelo
821 2776 844 2821 et

34 2851 120 2914 aima,
134 2862 210 2913 quam
225 2862 278 2897 ecre
293 2848 459 2901 intellectuale.
473 2849 534 2913 Ergo
548 2848 623 2899 anima
639 2852 663 2911 ct
678 2846 771 2909 augelus
789 2855 845 2921 cou-

34 2921 124 2971 ueniunt
137 2922 163 2973 iu
173 2919 259 2972 ultima
270 2919 399 2973 differentia
410 2919 527 2985 specifica.
538 2922 597 2985 lirgu
610 2916 738 2971 suutuuius
750 2924 844 2977 speciei.
