1984 3309
138 204 199 251 oum
212 202 370 243 mmmscrus
384 200 410 243 m
423 200 499 245 annus
514 198 601 246 nien
615 200 765 245 cosnoscar.
813 193 858 243 est

50 283 124 333 torma
143 282 241 347 ignota,
253 282 304 333 inde
318 286 355 333 est
367 284 428 347 quod
438 282 553 333 infinitum
562 282 678 334 materiale
686 286 721 335 est
733 282 860 333 secundum

49 367 72 404 se
85 354 210 419 ignotum3
225 352 340 403 infinitum
355 356 433 404 autem
444 354 538 405 formale
551 353 626 419 (quod
637 358 672 405 est
683 353 760 417 bens)
773 359 808 405 est
823 367 860 405 se·

50 426 151 477 cundum
164 440 191 476 se
201 429 292 489 notum,
307 426 412 491 ignotum
425 428 503 476 autem
516 428 590 489 quoad
603 440 659 489 nos,
673 430 766 491 propter
783 425 860 477 deiec-

50 502 98 548 tum
107 498 243 548 intellectus
251 497 323 548 nostri
330 497 371 563 qni
382 498 505 548 secundum
511 500 594 547 statum
604 498 781 561 praesentisvitae
791 498 860 549 babet

49 572 182 621 naturalem
196 570 348 635 aptitudinem
367 570 394 619 ad
412 570 537 621 materialia
551 572 716 634 cognoscenda.
728 572 758 621 Et
771 570 860 623 ideoiu

48 642 161 705 presenti
178 642 250 691 benm
263 654 401 705 cognoscere
415 656 460 692 non
472 654 604 706 possumus,
622 641 666 691 nisi
680 655 722 706 per
731 642 860 693 materiales

49 714 155 764 edoctus.
166 714 194 763 ln
205 713 283 764 tuturo
294 718 371 764 autem
381 714 471 764 tolletur
482 714 584 763 deiectus
597 714 726 765 intellectus
734 713 806 764 nostri
819 727 861 779 per

51 786 158 851 gloriarm
174 789 198 837 et
209 790 266 837 tunc
274 786 352 851 ipsum
362 787 433 837 Deum
443 786 467 836 in
478 800 520 837 sua
529 786 626 840 essentia
636 787 714 838 ridere
725 787 859 851 poterimus,

51 863 127 909 tamen
138 860 228 923 absque
240 858 451 923 comprehensione.

84 932 117 980 bd
131 931 263 986 secundum
276 928 416 991 dicendum,
429 928 490 993 qudd
507 930 635 981 inteliectus
650 934 727 981 noster
741 935 808 982 natus
826 934 862 983 est

54 1014 188 1065 cognoscere
199 1000 289 1066 specics
300 1014 341 1065 per
352 1000 526 1053 abstractionem
536 1000 762 1066 dpbantasmatibus.
772 1003 802 1051 Et
809 1002 860 1053 ideo

53 1070 106 1122 illas
116 1073 204 1137 species
215 1084 365 1123 numerorum
380 1076 402 1123 et
416 1073 553 1137 figurarum,
566 1086 624 1137 quas
636 1073 686 1138 quis
699 1086 746 1124 non
761 1078 796 1124 est
804 1074 861 1125 ima·

54 1145 152 1209 pratus,
161 1159 213 1196 non
224 1148 301 1208 potest
311 1156 458 1208 cognoscere,
469 1158 513 1195 nec
523 1149 584 1209 actu,
596 1158 639 1197 nec
647 1146 735 1207 habitu,
746 1145 792 1196 nisi
803 1144 860 1197 forte

53 1217 77 1265 in
88 1230 188 1280 genere,
204 1222 229 1268 et
241 1215 266 1266 in
274 1215 396 1283 principiis
409 1216 592 1282 universalibns;
603 1218 663 1283 quod
678 1220 714 1269 est
724 1232 860 1283 cognoscere

53 1288 75 1337 in
92 1290 210 1354 potentia,
223 1293 248 1339 et
261 1288 366 1339 contuse.

81 1360 229 1413 adonium
242 1360 363 1413 dicendum
376 1399 382 1422 ,
396 1361 456 1425 quod
474 1362 494 1413 si
509 1361 554 1413 dno
567 1374 662 1426 corpora
676 1367 754 1413 essent
770 1362 795 1413 in
813 1375 859 1414 nno

51 1432 113 1502 loco',
128 1436 168 1485 rel
192 1436 277 1499 plura,
292 1446 339 1483 non
356 1436 468 1497 oporteret
486 1433 548 1497 qudd
565 1432 691 1485 successive
709 1432 862 1484 subintrarent

52 1506 140 1571 locum,
156 1510 184 1557 ut
198 1506 233 1556 sic
246 1517 287 1569 per
299 1504 373 1570 ipsam
388 1506 558 1556 subintrationis
572 1506 738 1556 successionem
751 1519 861 1557 numera-

51 1584 130 1629 rentur
137 1580 224 1629 locate.
237 1578 281 1628 Sed
293 1577 383 1642 species
390 1576 545 1641 intelligibiles
554 1578 709 1639 ingrediuntur
717 1577 858 1628 intellectum

52 1654 154 1701 nostrum
171 1648 318 1707 successive,
331 1647 385 1713 quid
398 1662 444 1699 non
457 1650 529 1700 multa
544 1650 610 1701 simul
625 1653 677 1699 actu
692 1649 859 1713 intelliguntur.

52 1722 78 1771 Et
88 1724 142 1773 ideo
154 1724 248 1786 oportet
259 1724 389 1771 numeratas
400 1725 423 1771 et
431 1735 477 1773 non
485 1720 586 1772 infinitos
595 1721 683 1787 species
695 1721 780 1775 esseio
790 1721 859 1773 intel-

54 1793 113 1845 lectu
127 1796 218 1844 nostro.

83 1867 118 1917 dd
128 1868 240 1929 quartum
251 1862 387 1927 dicendum,
399 1862 459 1927 qndd
469 1864 529 1915 sicut
538 1863 668 1916 intellectus
679 1867 756 1916 noster
766 1869 802 1916 est
809 1864 862 1915 infl-

54 1938 114 1987 nitns
130 1936 234 1999 virtute,
247 1934 279 1985 ita
291 1932 405 1984 intuitum
419 1936 543 1998 cognoscit.
558 1936 599 1986 Est
611 1937 672 1987 enim
682 1938 755 1987 rirtns
767 1938 817 2001 ejus
825 1936 862 1987 in·

54 2009 126 2071 inita,
135 2007 265 2059 secundum
274 2006 336 2071 quod
345 2016 389 2057 non
397 2007 530 2057 terminatur
536 2021 578 2073 per
584 2008 701 2059 materiam
709 2010 859 2073 corporalem

53 2086 75 2129 et
87 2086 124 2131 est
133 2078 308 2142 cognoscitiuus
321 2076 468 2141 universalis,
480 2079 540 2143 quod
550 2082 585 2130 est
596 2079 733 2130 abstractum
745 2078 759 2128 d
769 2077 862 2130 materia
952 2135 956 2148 ¹

55 2150 206 2214 individuali3
226 2152 249 2201 et
266 2164 308 2215 per
321 2160 463 2223 consequens
476 2162 523 2201 non
539 2150 617 2203 fruitur
631 2151 660 2200 ad
673 2150 764 2213 aliquod
778 2149 861 2199 indivi-

55 2225 142 2289 duum,
153 2222 197 2275 sed
206 2226 317 2289 quantum
327 2224 363 2273 est
373 2222 400 2273 de
409 2236 442 2285 se,
451 2223 479 2273 ad
488 2223 578 2273 infinita
588 2222 707 2274 indiuidua
715 2235 740 2273 se
750 2221 859 2273 extendit.

355 2394 515 2447 abstentus
527 2396 565 2447 tlt.
615 2441 619 2445 Α

115 2521 208 2571 Utra'cm
225 2519 361 2567 intellectus
375 2520 407 2565 sit
422 2520 593 2577 copnoseitr'our
608 2520 802 2579 conserpentibus

84 2652 117 2703 dd
131 2648 230 2701 tertium
246 2646 280 2697 sic
293 2646 423 2711 proceditur
438 2644 480 2712 (1).
495 2645 590 2696 Videtur
601 2643 661 2709 quod
671 2645 798 2698 intellectus
814 2660 861 2698 non

54 2722 83 2775 sit
93 2720 270 2789 cognoscitivus
279 2718 470 2783 contingentium.
481 2718 547 2783 Quia,
559 2717 705 2769 ntdiciturin
718 2721 757 2771 Vl.
765 2719 861 2779 iiidie,

88 2894 174 3007 (iisttr‘e¹
183 2895 221 3005 ige
230 2894 303 2941 etiem
316 2892 409 2943 neoto..
418 2895 465 2952 Vl,
476 2893 533 2939 ieet.
547 2890 574 2948 1;
588 2898 612 2939 ει
624 2904 664 2950 qu.
678 2892 722 2953 15,
737 2893 766 2939 de
780 2893 859 2954 serio,

55 2969 99 3009 art.
143 2974 157 3007 a
208 2992 214 3005 .
