1984 3309
163 185 194 222 un
209 184 395 228 rurum-uersus
410 185 443 225 an
457 188 559 230 neumae
575 187 706 229 nemean.
790 181 837 232 tta

27 262 126 328 obedire
140 260 253 328 epuloni
267 263 401 316 subeuntis
414 265 488 328 magu
496 264 565 330 pedm
580 265 701 321 contrariis
716 266 839 332 mentius

27 335 51 386 iu
70 336 168 386 natura.
185 333 289 398 etiem,
303 335 393 399 errando
406 335 482 386 anima
496 336 564 388 inerit
580 337 646 389 tortis
662 337 687 388 iu
703 351 744 388 sua
757 338 838 403 Μ’·

29 406 138 466 natoue,
150 405 273 470 corporalia
281 407 376 458 materia
388 407 521 460 immutatur
530 408 654 463 mlum
665 423 729 474 ean3
740 414 766 462 at
776 411 838 464 hane

29 480 85 530 dicit
103 491 158 530 esse
173 491 264 529 eausmo
281 480 340 533 oculi
361 479 505 530 iaeeiuands
518 480 563 534 Sed
575 479 644 544 supet
654 485 771 532 ostensum
785 484 837 546 est,

29 552 93 615 qudd
114 549 213 610 materia
230 552 352 614 corporalis
372 564 419 602 non
437 551 516 608 obedit
533 551 668 603 substantie
681 551 794 616 spirituali
809 555 838 605 ad

30 625 128 686 putum,
149 618 195 671 uisi
208 621 250 671 soli
263 622 370 674 creatori.
386 623 414 672 Et
427 623 479 674 ideo
497 622 580 675 neliim
591 623 765 687 dicendumst,
777 623 839 688 qudd

31 709 59 744 ex
72 693 131 745 torti
143 691 308 760 imaginatione
323 693 405 746 animae
419 693 568 752 immutandum
577 694 670 758 spiritus
683 695 774 760 corpori
782 709 839 746 eon·

30 764 126 830 juuetip
137 777 191 830 que
203 765 296 828 quinem
306 765 433 818 immutatio
443 765 566 830 spirituum
576 765 676 818 maximi
690 766 716 818 lit
726 765 838 836 uenus,

32 838 58 886 ad
77 849 139 900 quos
151 836 282 888 subtiliores
298 837 390 900 spiritus
404 837 549 901 perveniunt.
564 837 630 890 Oeuli
643 841 721 888 autem
734 836 840 891 infinum

32 920 111 958 aerem
129 906 242 960 continue
260 921 334 972 usque
351 909 380 961 ml
401 909 574 964 determinatum
589 909 700 973 spatium
715 921 756 974 per
769 921 839 973 qoem

31 980 124 1036 moiun
139 980 233 1044 specilla
245 979 266 1029 si
276 979 361 1030 ineunt
372 993 432 1042 noua
445 983 469 1030 et
479 993 551 1044 puri,
565 981 705 1032 contrahunt
716 980 838 1043 quandam

30 1050 189 1115 impuritatem
209 1065 238 1102 ex
257 1055 351 1115 aspectu
369 1051 472 1106 mulieris
490 1054 648 1113 roensuuatae,
661 1050 839 1105 uttrmmieler

32 1122 87 1171 licit
99 1121 123 1171 in
138 1122 180 1171 lib.
196 1126 229 1170 De
245 1136 330 1170 eoozno
345 1124 370 1171 et
384 1123 457 1187 eripit.
472 1121 592 1186 sicigitur
606 1121 658 1172 eim
671 1121 748 1185 aliqua
761 1120 839 1173 anima

33 1193 100 1243 luerit
112 1195 264 1244 uehementer
277 1197 390 1264 commota
401 1195 430 1244 ad
444 1193 569 1256 adelitiam,
581 1193 642 1244 sieut
652 1191 752 1245 maxime
762 1192 787 1245 in
797 1205 838 1244 ue·

33 1265 86 1316 lulis
100 1264 226 1329 contingit,
237 1264 335 1314 eltleitur
349 1264 473 1316 seeundum
483 1266 575 1317 modum
586 1264 719 1330 predictum
732 1267 838 1328 aspectus

34 1339 81 1399 ejus
94 1349 228 1402 venenosus
239 1337 373 1400 ennesius,
388 1335 487 1388 maxime
501 1336 592 1400 pueris,
604 1335 644 1400 qui
657 1335 744 1395 habent
754 1348 838 1399 corpur

35 1410 138 1460 tenerum
158 1408 228 1468 etde
248 1407 310 1458 laeli
325 1407 464 1472 receptivum
483 1405 650 1470 impressionis.
675 1402 787 1456 Possiblle
804 1407 839 1456 eet
940 1456 942 1461 ,

35 1480 102 1530 etiam
122 1479 185 1545 qudd
203 1493 235 1530 ex
250 1479 292 1530 llei
309 1479 472 1544 permissione,
491 1478 529 1528 uel
546 1477 616 1529 etiam
632 1491 661 1528 er
675 1473 752 1540 alliquo
774 1478 840 1538 pacto

36 1552 140 1616 occulto,
154 1555 289 1614 cooperetur
302 1552 331 1602 ad
347 1552 391 1602 hoe
404 1550 534 1613 malignitas
545 1549 688 1610 daemonum,
697 1559 749 1619 cum
757 1545 839 1612 quidue

36 1622 115 1674 vetule
129 1622 246 1686 sortilegae
261 1621 350 1686 aliquod
364 1621 437 1686 telus
449 1622 542 1672 habent.
699 1675 703 1680 ,
892 1655 896 1664 .

67 1694 100 1744 ld
117 1692 211 1748 tertium
226 1692 360 1758 dicendum,
371 1691 430 1756 qudd
449 1690 525 1742 anima
540 1689 629 1756 corpori
646 1692 746 1743 humane
762 1689 840 1742 unitur

39 1769 62 1814 ut
76 1765 161 1829 lorma3
173 1769 198 1816 et
206 1764 320 1830 appetitus
331 1763 460 1828 sensitivus,
470 1762 511 1826 qui
521 1763 598 1813 obedit
608 1761 735 1827 aliqualiter
744 1760 837 1825 rationi,

38 1840 63 1884 ut
77 1837 145 1902 sopri
158 1836 245 1889 dietum
259 1840 295 1888 est
309 1837 357 1902 (uu.
372 1839 410 1897 8t,
426 1839 469 1886 art.
483 1835 517 1898 3),
525 1839 560 1886 est
572 1838 634 1885 aetus
648 1834 840 1898 alieniusorgaui

39 1909 166 1972 corporalis.
180 1908 211 1960 El
229 1907 280 1961 iden
298 1911 387 1974 oportet
406 1905 466 1972 quod
488 1905 517 1957 ad
535 1905 741 1970 apprehensionem
757 1905 840 1959 animm

40 1979 144 2036 humanm
153 1983 324 2044 commoveatur
335 1977 450 2043 appetitus
464 1975 587 2028 sensilluus
600 1990 654 2026 oum
670 1975 747 2039 aliqua
758 1989 839 2042 opera·

42 2050 99 2101 tione
114 2049 236 2116 corporali.
251 2049 285 2104 ud
297 2051 408 2104 exteriora
423 2049 476 2100 uerd
489 2061 584 2112 corpora
600 2047 741 2100 immutanda
758 2059 839 2116 appre-

43 2121 116 2172 hensio
127 2122 211 2178 auime
222 2123 326 2172 humana
338 2135 384 2172 uon
396 2120 493 2182 suffieit,
504 2118 550 2172 nisi
559 2117 673 2172 mediante
682 2116 840 2170 immutatione

43 2193 123 2257 proprii
133 2193 249 2258 eorporis,
262 2195 287 2244 ut
300 2190 386 2244 dietum
397 2197 441 2244 est.

333 2343 551 2400 tutlcdlustu.

58 2420 156 2500 ¹istriam
175 2455 258 2498 aalma
272 2453 376 2499 mostata
392 2451 504 2508 separatu
521 2451 596 2508 pontit
610 2460 710 2506 corpora
727 2446 812 2494 nollem

331 2515 440 2560 tonaliter
449 2519 558 2558 movere„

73 2627 103 2676 ld
123 2629 231 2690 quartum
250 2625 283 2676 sie
303 2623 441 2690 proceditur.
458 2623 553 2680 Videtur.
570 2620 632 2686 qudi
653 2620 729 2671 anima
743 2618 844 2671 hominia

49 2701 144 2760 separata
163 2697 236 2762 possit
253 2709 348 2761 corpora
364 2695 444 2746 saltem
463 2693 564 2745 localiter
582 2705 682 2744 movere.
703 2689 841 2742 substantie

50 2770 104 2819 euim
114 2768 227 2836 spirituali
239 2768 371 2821 naturaliter
382 2767 458 2818 obedit
473 2779 554 2830 corpus
564 2766 687 2816 admotum
698 2763 803 2821 looalem,
817 2763 843 2809 ut

51 2841 110 2904 suprl
122 2841 208 2891 dietum
218 2845 261 2891 est.
272 2840 318 2892 Sed
329 2839 403 2890 anima
414 2841 518 2902 separata
528 2842 564 2888 est
574 2836 701 2888 substantia
709 2831 841 2899 spiritualis.

52 2911 101 2975 llrgo
117 2925 159 2967 eud
172 2913 268 2978 imperio
281 2915 357 2977 potest
370 2909 482 2963 exteriora
495 2921 588 2975 corpora
599 2919 698 2960 mouere.
788 2957 791 2962 ,
