1984 3309
131 228 162 266 ns
174 223 248 267 nuto.
264 225 364 265 comare
376 227 408 266 nx
419 227 513 266 nomas
525 227 640 274 cumcun
650 225 682 268 tu
693 227 796 269 manen.
823 223 867 270 tal

69 303 199 358 credebaut.
214 303 243 354 nt
258 303 310 354 ideo
328 302 435 356 credibile
455 308 504 369 cst,
522 303 581 370 quod
598 305 676 357 Simon
694 306 773 371 uagus
789 306 870 358 illude-

69 377 135 426 hatur
147 375 262 439 abaliquo
274 377 391 438 demone,
404 376 444 440 qui
452 377 575 428 simulabat
588 391 614 429 se
626 391 677 430 esse
692 377 792 429 animam
804 379 870 444 pueri

68 459 135 510 quem
151 445 202 510 ipse
215 445 327 500 coemerat
336 444 380 511 (l).

308 774 474 846 QUAESTIO
491 775 629 848 tllllllll.

116 937 150 982 De
169 935 324 983 traductione
343 935 451 982 hominis
471 950 503 982 ex
516 937 614 983 tomice
631 941 750 998 coortu
763 940 796 984 od
814 941 871 984 arri·

267 1020 344 1058 mm,
358 1009 388 1052 isr
401 1013 448 1054 tres
462 1011 582 1056 articulos
594 1009 684 1056 dicito.

100 1158 186 1212 Deinde
202 1157 391 1210 musideraudum
408 1164 443 1209 est
460 1160 488 1210 de
506 1159 651 1212 traductione
664 1161 764 1213 hominis
784 1175 812 1213 ex
827 1165 870 1214 ho·

67 1231 139 1282 mine.
153 1231 183 1279 nt
196 1227 288 1294 primo,
302 1232 412 1293 qnantum
426 1231 455 1281 ad
469 1231 582 1294 animam,
593 1231 707 1296 secundo,
718 1237 828 1297 quantum
840 1235 871 1286 ad

67 1317 163 1426 corgitu&
184 1373 285 1438 prinum
304 1375 436 1436 queruntur
451 1373 494 1423 tria
510 1388 517 1422 :
532 1374 654 1426 teucrum
667 1375 743 1425 anima
760 1374 872 1427 sensitiva

69 1445 200 1498 traducatur
210 1457 263 1495 cnm
272 1445 369 1496 semine
383 1448 410 1493 2⁰
419 1443 498 1494 lltrlrm
511 1446 587 1496 aalma
597 1445 745 1498 intellectiva.
757 1450 782 1494 3⁰
791 1445 871 1498 Utrum

69 1531 148 1570 omnen
163 1516 247 1568 amma
264 1515 348 1567 tuerint
361 1515 428 1566 simul
438 1520 527 1579 creatae.

376 1659 535 1712 collectos
549 1662 567 1712 l.

151 1767 238 1813 ocrem
252 1767 335 1811 noima
346 1763 676 1812 maticsonensis-stream
693 1768 791 1813 semiue.

101 1877 135 1928 td
145 1876 244 1941 primum
256 1875 291 1928 sic
301 1876 430 1942 proceditur
443 1876 487 1941 (t).
497 1876 592 1927 Videtur
601 1876 662 1940 qnod
673 1877 750 1929 anime
762 1877 872 1930 munitius

71 1962 114 1999 nou
131 1949 264 2000 traducatur
280 1961 331 1998 cum
347 1947 450 2011 wmme,
470 1949 510 1999 sed
530 1947 561 1998 sit
578 1961 618 2012 per
635 1948 772 1998 mentonem
789 1948 871 2000 tlteo.

73 2019 149 2070 Omnis
160 2018 222 2070 enim
234 2018 359 2070 substantia
368 2019 478 2083 perlecta,
489 2031 599 2082 quacuou
607 2021 643 2070 est
651 2019 776 2082 composita
785 2031 815 2068 er
826 2032 873 2070 ma·

72 2091 126 2142 erin
139 2095 163 2142 ct
173 2090 259 2151 torma,
270 2089 291 2140 si
303 2103 353 2142 esse
366 2091 476 2155 incipiat,
487 2092 533 2140 hoc
542 2103 589 2140 uon
599 2093 633 2145 est
642 2089 871 2154 congenerationem,

73 2162 110 2211 sed
123 2175 165 2226 per
176 2159 329 2225 creationem,
342 2161 396 2226 quia
409 2162 466 2212 nihil
478 2164 599 2226 generatur
610 2161 695 2211 nisiex
708 2160 812 2211 materia.
826 2161 871 2212 Sed

72 2234 146 2284 anima
165 2231 275 2284 mamhra
287 2237 322 2284 est
338 2233 464 2284 substantia
481 2233 598 2297 mrlecta,
615 2232 714 2297 alioquin
727 2246 774 2284 nou
792 2238 869 2298 posset

75 2317 269 2369 nosceremus,
282 2308 306 2356 et
317 2305 370 2358 cium
382 2305 413 2356 sit
426 2307 499 2358 torma
513 2304 627 2371 rorpah,
638 2317 685 2357 uon
694 2308 730 2357 est
739 2318 768 2356 er
778 2306 873 2358 materia

107 2449 138 2513 (l)
154 2454 204 2499 ltee
221 2457 300 2500 tamen
313 2453 342 2498 iis
356 2464 407 2510 quus
424 2453 448 2498 in
466 2453 581 2510 predicto
596 2452 657 2500 lihro
672 2455 804 2500 tumoris·
821 2467 874 2501 urr-

76 2521 166 2574 rantnr,
182 2515 348 2561 inherendum.
359 2517 418 2562 llam
430 2515 454 2560 in
466 2516 580 2575 Decretis,
591 2517 645 2563 dist.
659 2515 698 2576 15,
716 2529 769 2576 cap.
784 2517 875 2565 Scorto

78 2579 183 2626 lioomno
195 2578 321 2628 ldcctns'o,
338 2575 354 2638 ἓ
371 2577 503 2628 Caeterum,
516 2580 576 2624 inter
589 2579 629 2627 illa
643 2592 695 2636 qun
705 2581 741 2626 vol
755 2581 786 2626 uh
796 2581 875 2626 hura-

77 2639 124 2686 ticis
132 2641 169 2686 sel
181 2640 335 2686 schismaticis
344 2643 475 2698 conscripta
484 2648 552 2700 suut,
562 2648 586 2688 et
594 2644 666 2698 qued
675 2643 795 2690 catholicis
806 2643 871 2690 uitari

78 2702 173 2761 debent,
189 2717 232 2750 nec
248 2705 365 2750 ullatenus
377 2703 519 2762 recipiuntur
535 2703 566 2750 uh
578 2706 699 2763 Ecclesia,
711 2706 875 2752 lttsrcrcrtom

79 2767 171 2812 comisto
188 2767 258 2814 Petcs'
271 2765 395 2825 Apostoli,
411 2767 474 2824 qood
491 2768 631 2826 appeltam
647 2767 673 2813 S.
693 2767 834 2816 Clementis,
849 2771 874 2811 ut

80 2830 231 2886 concupitum
241 2829 255 2876 d
267 2829 358 2877 octaris
372 2831 383 2874 l
396 2833 538 2876 recensetur.

111 2895 140 2961 (1)
155 2903 188 2946 lie
197 2902 234 2948 hie
248 2901 319 2952 etism
332 2901 404 2960 lull,
415 2901 493 2950 Serri„
506 2900 560 2946 dist.
573 2899 615 2959 le,
627 2915 668 2958 qu.
682 2902 714 2963 1,
728 2905 770 2946 art.
787 2897 834 2944 iet
843 2898 872 2951 83

82 2964 104 3002 et
112 2961 199 3012 doctu
209 2965 292 3014 Geni„
300 2961 344 3010 lih.
352 2965 387 3023 ll,
396 2976 449 3021 erp.
459 2962 501 3018 81η
510 2969 536 3010 et
546 2977 586 3022 qu.
598 2963 623 3023 ³,
631 2964 661 3010 de
669 2968 770 3022 potent,
778 2967 822 3008 art.
833 2959 872 3007 11.
