1984 3309
122 197 157 234 nu
169 186 273 247 marcu,
288 194 332 241 our
344 193 377 234 nx
390 194 527 235 crmruccr
540 186 570 235 ir
582 196 731 252 courcnanr,
745 202 798 240 arc.
818 192 863 241 ‘aa

52 276 88 323 cet
99 277 176 323 actua
189 272 214 322 id
228 272 306 323 auen
320 270 383 336 qnod
396 276 433 324 eet
444 270 471 323 in
481 273 585 337 potentia
596 276 702 341 unum,
720 287 767 329 non
780 283 858 344 poten

52 358 104 395 em
122 356 178 409 parc
188 343 254 393 actis
261 381 270 407 ,
283 343 339 395 cllrn
351 344 457 407 potentia
469 348 582 409 repugnet
597 347 671 413 actui,
688 349 767 413 utpote
780 354 861 402 contra

53 420 129 466 actum
145 415 230 466 dim
245 415 270 464 Si
290 418 367 466 autern
381 416 412 466 ait
428 416 502 467 torua
517 417 642 468 secundino
655 416 753 483 aliquam
771 426 861 485 partem

51 487 101 550 sui,
108 486 175 538 illam
187 489 279 551 purtem
289 486 394 537 &euna
408 499 459 538 eoae
469 487 568 538 animm
573 525 581 552 ,
595 492 620 539 et
628 489 692 539 illam
702 494 840 543 materiam
848 530 857 557 ,

53 558 117 622 cojano
128 558 205 623 prlmd
220 562 257 609 ect
269 562 348 622 adua,
362 559 467 610 demus
483 568 534 611 ease
552 561 652 627 primunr
669 562 802 614 animuum.
816 564 859 617 Se-

53 630 139 693 cundi,
148 630 283 694 aporiam
295 644 326 682 eu
335 630 423 681 atione
438 632 547 683 inmane
558 630 640 683 animae
649 670 657 696 ,
667 630 692 682 in
704 639 815 697 quantum
826 638 861 687 est

54 700 194 752 intellectiva
208 718 215 751 :
229 702 378 753 manifestum
388 706 424 753 cst
433 702 496 753 enlm
508 702 568 767 quid
578 721 591 751 o
600 716 668 755 omne
680 706 740 768 qnod
751 700 861 770 recipitur

53 772 179 837 inatiquo‚
193 773 305 837 recipitur
315 773 341 822 in
354 786 382 824 cc
394 787 436 837 per
450 774 542 824 modurn
554 774 692 849 recipientis.
705 792 719 822 n
734 775 860 830 sinautem

54 844 196 906 wqucacitur
212 845 410 909 unumquodque,
426 845 488 895 cient
504 844 577 896 torma
598 845 649 909 ejuc
667 850 702 897 est
718 846 744 895 in
767 860 862 913 cognoc-

54 920 126 966 cente.
135 916 220 966 tulna
235 920 314 966 aowin
326 915 468 966 intellectiva
481 916 599 978 cognonit
611 930 659 966 rern
670 916 768 981 aliquam
781 917 806 968 in
820 932 861 971 sua

57 990 132 1037 uulua
140 988 258 1049 ahmluta,
266 989 333 1051 putat
341 986 456 1051 lapidem,
468 984 494 1034 iu
505 990 662 1050 quantumcst
675 987 733 1051 lapis
746 988 858 1041 ahsclult.

58 1056 95 1105 Fet
103 1057 172 1121 &nur
184 1059 260 1109 torma
272 1058 355 1123 lrp'dic
365 1056 470 1108 absolute
482 1056 607 1108 secundino
621 1058 735 1123 propriam
746 1059 861 1113 rationem

55 1126 169 1181 suumn
185 1130 211 1180 in
223 1130 303 1180 anima
315 1127 467 1179 intellectiva.
482 1128 562 1179 unua
576 1126 646 1193 igitur
666 1128 808 1183 intellectiva
823 1136 858 1184 est

53 1198 123 1250 torna
135 1202 257 1264 muta,
270 1214 318 1251 uon
330 1204 408 1251 antem
422 1198 510 1263 aliquid
523 1198 672 1263 compositum
687 1212 717 1251 ex
727 1202 822 1254 materia
835 1206 860 1255 et

53 1270 132 1323 torna„
146 1274 173 1323 Si
185 1273 251 1324 enirn
267 1272 343 1323 anima
352 1270 704 1336 mundanarumque
720 1283 749 1323 ex
763 1272 858 1325 naenia

53 1344 174 1409 eisarna,
185 1345 351 1395 iormaererum
359 1341 519 1407 reciperentur
529 1341 554 1393 in
567 1356 608 1403 ea,
618 1347 643 1392 ut
656 1342 821 1409 individualea3
836 1350 861 1396 et

53 1413 549 1480 ncmwgnooreretnisisiogulare,u'cut
560 1412 645 1464 accidit
655 1412 681 1463 iu
690 1416 861 1479 potentiisseu-

55 1485 191 1552 aitivic,quae
200 1487 315 1553 reu'pinnt
321 1486 409 1537 prunas
415 1498 492 1535 rerum
499 1484 525 1533 ln
535 1496 620 1549 organo
627 1486 739 1551 corporali
748 1503 754 1537 :
762 1486 859 1539 materia

58 1556 301 1624 ennecprincipicrn
310 1556 500 1609 individuationic
507 1554 638 1607 lorniarum.
650 1556 797 1621 Relinquitur
804 1572 860 1624 ergo

57 1628 117 1692 quit
127 1632 202 1682 anim
216 1631 360 1683 intellectiva
371 1634 396 1681 et
406 1629 483 1681 omme
492 1628 656 1680 intellectualis
665 1628 809 1695 sumunda,
820 1644 859 1682 co·

54 1701 447 1766 gnoacenclorruasalcoolute,curet
456 1699 705 1765 conponuoneronae
715 1706 738 1753 et
746 1702 856 1754 meloda.

83 1774 228 1839 ltprimum
238 1774 434 1838 ergodiocmum,
442 1771 504 1837 quid
514 1772 600 1837 primns
611 1776 676 1823 auus
686 1774 721 1823 est
731 1770 860 1825 unvenalc

53 1846 191 1911 principium
207 1846 311 1898 muium
325 1850 436 1909 actuum,
448 1844 502 1908 qnia
515 1848 551 1895 est
564 1843 695 1908 inlinitum,
707 1844 861 1897 annualiter

53 1919 77 1968 in
86 1932 113 1970 ee
123 1918 203 1969 omnia
214 1919 366 1983 pinnedene,
380 1934 395 1964 u
409 1923 437 1967 ut
448 1916 506 1967 dicit
518 1915 639 1981 Dionysius
653 1916 710 1981 (lib.
726 1918 760 1967 Dc
776 1916 859 1969 dicia.

53 1991 140 2053 Nom„
153 2004 208 2054 cap.
225 1989 272 2053 5);
286 1990 349 2040 unde
363 1987 516 2053 participatur
528 1986 543 2039 l
555 1986 638 2051 nuos,
652 1998 699 2039 non
719 1988 779 2039 sicut
794 2002 861 2053 paro,

51 2063 91 2112 red
105 2062 238 2113 secundum
255 2061 402 2112 dilluamem
422 2063 448 2111 et
467 2058 637 2123 pccecsionenu
654 2060 735 2123 ipsius.
757 2059 862 2111 Potentia

52 2140 145 2199 annm,
163 2133 218 2185 edun
233 2134 265 2183 sit
279 2132 399 2198 receptiva
415 2125 494 2195 udde,
508 2136 598 2195 oportet
615 2130 676 2196 qudd
688 2132 750 2182 actui
767 2144 863 2196 propor-

53 2207 169 2270 tionetur3
183 2209 250 2256 actus
260 2205 316 2257 verd
328 2204 436 2269 recepti,
448 2203 489 2268 qci
498 2204 647 2267 proceduutt
660 2204 734 2268 prium
747 2208 800 2255 acto
810 2204 864 2253 infl-

54 2278 101 2329 nito
114 2283 140 2329 et
156 2280 215 2328 suut
226 2279 331 2340 quadm
344 2273 605 2340 participatumque,
619 2279 672 2325 sunt
684 2274 785 2327 diversi:
801 2276 862 2326 unde

56 2353 188 2415 nonpotcnt
196 2362 247 2402 esse
259 2347 365 2414 potentia
378 2360 435 2408 uua,
445 2359 497 2409 que
512 2346 606 2411 recipiat
620 2350 787 2409 caracciolus,
802 2346 863 2396 sicut

55 2426 90 2469 est
102 2435 162 2471 unus
176 2422 243 2471 actus
256 2416 358 2471 induens
366 2430 449 2468 omnes
461 2415 687 2481 actnsparticipatoa.
702 2416 808 2481 Alioquin
822 2416 862 2467 illa

52 2492 157 2553 mutia
170 2490 291 2554 receptiva
302 2491 439 2553 adaquaret
450 2487 577 2552 potentiana
592 2487 691 2539 ninam
704 2486 773 2551 priuni
789 2491 860 2539 acin

53 2565 186 2621 Fatnmcn
196 2562 242 2613 alia
254 2564 361 2627 poteufia
373 2560 494 2625 receptiva
509 2560 623 2611 inanima
636 2558 777 2611 mtedcctiva
791 2558 805 2609 t
821 2570 863 2623 pc·

51 2637 125 2685 antu
135 2633 254 2697 receptiva
265 2634 370 2685 maenae
380 2633 478 2697 prime,
489 2636 516 2683 nt
527 2636 590 2696 patet
599 2630 772 2681 exrdiuernitate
782 2642 863 2693 recep-

53 2707 136 2757 torunn
149 2707 212 2755 liam
223 2704 321 2755 amna
333 2704 408 2769 prima
419 2702 503 2766 recipit
519 2704 603 2755 tornac
618 2701 783 2764 individentes,
794 2700 864 2751 intel·

53 2776 125 2827 lectus
139 2780 220 2827 aowin
236 2776 319 2841 recipit
330 2776 416 2826 turmas
430 2774 552 2825 absolutas.
567 2775 632 2825 llndo
652 2773 704 2824 talio
718 2771 820 2837 potentia
836 2770 861 2819 in

54 2849 129 2899 anina
141 2846 287 2901 intuma
296 2846 413 2911 eduens,
427 2855 474 2896 ocu
483 2846 584 2897 etenum
596 2845 656 2913 qudi
670 2845 745 2897 anima
758 2844 789 2894 sit
801 2854 863 2893 cocu-

55 2921 128 2982 occu
141 2933 172 2972 ex
184 2918 283 2971 nnteda
297 2918 412 2970 etiorma.
