1984 3309
320 202 353 242 ns
367 202 454 245 unu
467 200 589 246 waso.
807 198 857 249 tta

59 277 528 344 ratis,qnequirlsrncstpcrbsbitnm.
547 280 855 345 bruoliburumurbitrinru

57 355 88 401 est
102 350 203 404 babitus.
224 352 354 403 Bamsrius
370 352 441 403 etiam
458 352 530 415 dicit,
547 354 608 419 quud
622 354 719 407 liberum
738 356 856 412 arbitrium

56 427 110 473 estc
122 424 218 476 bibitum
232 424 315 475 anima
330 423 388 475 liber
401 424 599 489 minumum
615 428 771 491 estpoteutia.

84 500 106 545 ³.
119 497 251 559 heterna,
262 496 327 547 nulls
337 496 441 560 petentia
453 497 564 550 nabrral'n
573 496 661 549 tollitur
672 512 715 564 per
725 505 854 565 peecatum.

56 568 202 621 Sclbbcrurn
216 568 337 619 arbitrium
346 568 431 620 ulitur
439 583 481 634 per
493 573 628 635 peccalumr
642 572 784 635 lnmrst'nrus
793 574 858 627 enlm

56 641 113 704 dicit,
127 640 189 705 quiri
206 659 223 689 a
236 643 308 694 bamb
319 639 379 691 mail
389 646 457 693 uleus
467 642 539 694 libero
551 642 655 706 arbitria,
668 646 692 693 et
705 656 731 694 se
745 645 854 709 perdidit,

57 716 76 760 et
88 712 197 776 ipsum.»
215 714 279 775 Ergo
294 712 393 763 liberum
406 712 526 763 arbitrium
540 726 587 765 usu
598 716 637 765 est
652 714 764 779 putentia

83 784 127 836 sei
140 788 226 837 centra
243 789 293 846 cst,
307 784 370 849 sucu
388 783 447 835 nillil
464 789 501 837 est
516 785 644 850 suujemu
663 785 769 851 babitus,
781 791 808 841 ut
821 788 858 839 ri·

57 855 122 919 detur,
134 856 180 907 nisi
189 856 311 921 petentia.
323 856 369 907 &d
382 856 480 908 bberurn
491 856 611 907 arbitrium
622 860 658 909 est
667 858 797 922 subiectum
808 871 859 924 pra-

58 925 101 989 lia,
111 942 154 992 qur
166 928 215 979 sibi
231 927 359 979 assistente
373 928 459 982 bunum
471 928 546 994 abuit.
559 930 619 993 liras
629 929 726 981 liberum
739 929 858 985 arbitrium

91 1070 245 1135 (immisero.
267 1099 298 1111 -
316 1072 376 1123 Cbnr
393 1072 490 1124 liberum
509 1072 629 1125 arbitrium
644 1072 688 1138 sil,
702 1086 748 1138 quo
765 1073 858 1127 inditis·

60 1146 258 1197 reuicrsebabeni
272 1142 605 1198 bsrnincsadbenerelnraia
616 1145 760 1211 argaman,
772 1145 858 1210 impos-

58 1214 115 1267 sibile
127 1223 160 1269 est
172 1232 228 1269 esse
241 1216 350 1268 habitum
362 1218 492 1281 quemdam,
505 1216 543 1267 rel
559 1216 686 1281 panuliam
701 1232 754 1269 cum
765 1217 856 1283 babitu,

57 1289 91 1338 sci
104 1290 238 1342 neccssarib
252 1289 357 1353 porentia
370 1289 475 1353 quedam
492 1288 574 1341 anime
586 1288 696 1339 naturalis
708 1288 769 1353 est.)

81 1362 215 1428 sumnum
231 1361 371 1424 dianium
380 1359 441 1424 quii
451 1360 556 1425 masuris
566 1360 665 1411 liberum
678 1360 796 1411 arbitrium
813 1374 856 1413 nu

56 1434 119 1487 uiuet
140 1436 270 1501 quemdam
287 1438 366 1485 actum
386 1435 511 1485 secuudum
534 1434 649 1499 propriam
669 1432 858 1497 nauibmtienem

55 1508 165 1570 reatui,
181 1507 313 1559 samnium
326 1509 406 1557 umen
418 1520 562 1558 communem
577 1520 645 1557 nsum
660 1506 783 1570 bereum,
794 1507 857 1558 libe·

55 1592 107 1627 rum
119 1581 270 1631 arbitrium
285 1577 417 1631 banusir
429 1579 489 1643 quoi
503 1582 539 1629 est
549 1577 619 1642 bajus
632 1580 696 1630 asbus
709 1577 856 1645 principium,

55 1650 135 1704 scilibet
149 1667 198 1718 qne
211 1653 285 1702 bomo
301 1648 373 1701 libere
383 1649 484 1711 judicat.
504 1648 646 1715 Principium
665 1653 742 1701 autern
754 1653 818 1701 actus
833 1650 858 1703 in

55 1723 113 1775 rubis
121 1730 168 1789 est,
178 1728 204 1775 et
211 1721 328 1788 potentia,
338 1724 362 1771 et
370 1720 471 1772 babitus.
482 1721 652 1773 llicimnrenim
663 1721 749 1787 aliquid
761 1735 858 1785 munes-

55 1808 108 1858 cerc,
118 1800 195 1862 etper
203 1793 345 1857 missuum,
355 1796 380 1845 et
390 1807 431 1857 per
439 1793 605 1845 intellectivam
615 1794 756 1859 polentiam
769 1798 859 1859 eportet

55 1878 101 1928 erpo
110 1868 173 1932 quiri
185 1868 288 1919 liberum
299 1864 437 1929 arbitrium,
451 1866 487 1917 rel
499 1864 529 1916 sit
538 1866 648 1929 petentia,
660 1865 742 1917 veluit
754 1866 857 1932 babitus,

55 1939 84 1987 rel
94 1939 124 1990 stt
134 1939 245 2005 putentia
257 1951 312 1988 curu
324 1935 402 2001 aliquo
414 1934 504 1987 habitu.
519 1937 584 1995 ουοὰ
596 1940 674 1988 antem
689 1950 736 1989 usn
748 1937 779 1987 sit
792 1937 858 1987 lisbi-

55 2011 93 2072 tus,
100 2024 178 2077 neque
190 2008 300 2075 putentia
311 2022 366 2059 eum
377 2007 468 2069 babitu,
479 2007 601 2059 manifesti
611 2011 707 2074 apparel
715 2021 745 2059 er
753 2009 856 2059 luobus:

55 2080 119 2141 primii
132 2082 247 2147 quidem
265 2080 320 2145 qnia
335 2079 357 2131 si
372 2083 408 2130 cst
418 2079 521 2143 babitus,
540 2083 630 2145 opertet
647 2078 858 2144 sublatissima

54 2154 170 2218 mturalis3
181 2155 230 2204 boc
243 2151 307 2203 enim
319 2154 357 2202 est
368 2151 471 2201 naturale
483 2150 586 2213 homini,
601 2150 660 2215 qubd
674 2149 704 2201 sit
717 2150 783 2201 liberi
798 2151 858 2202 arbi-

55 2221 94 2274 trii.
109 2226 196 2276 Nullus
216 2228 294 2275 antem
309 2222 405 2276 babitus
422 2222 531 2273 naturalis
548 2224 613 2273 adest
629 2222 695 2273 nobis
710 2222 739 2273 ad
758 2234 786 2273 ea
806 2236 857 2289 quse

54 2294 143 2347 subsunt
152 2296 230 2348 libero
243 2295 355 2358 arbitrio,
369 2292 424 2361 quia
438 2294 467 2344 ad
478 2307 506 2346 ca
516 2297 621 2359 respectu
634 2306 729 2359 quorum
744 2292 857 2346 babemus

54 2366 137 2419 bibitus
154 2369 286 2433 naturales,
304 2365 438 2417 naturaliter
455 2365 603 2429 inclinamur,
618 2365 676 2419 sicut
688 2366 717 2417 ad
731 2365 857 2418 manlieu

55 2438 100 2488 dnm
110 2440 195 2504 primis
206 2438 337 2505 principiis.
346 2438 380 2489 lla
389 2442 464 2489 auum
472 2440 501 2489 acl
512 2452 562 2503 qua
571 2436 703 2489 naturaliter
710 2434 855 2502 inclinamur,

55 2523 95 2559 nou
105 2513 208 2562 subsunt
219 2511 291 2562 libero
308 2508 405 2561 arbitrio
415 2548 422 2571 ‚
434 2508 495 2559 sicut
506 2510 593 2560 dictum
604 2513 639 2559 est
652 2509 701 2574 (qu.
716 2513 760 2572 82,
775 2512 819 2559 art.
832 2508 856 2575 1)

56 2581 79 2630 rie
90 2584 195 2648 appetitu
208 2580 369 2633 beatitudiuis
381 2581 446 2632 Unde
455 2585 533 2633 cantra
545 2581 660 2647 propriam
668 2580 779 2632 rabonem
789 2581 855 2634 liberi

55 2655 132 2704 arbitrii
151 2658 188 2706 est
206 2654 267 2720 qubd
288 2655 321 2704 sit
334 2652 428 2703 babitus
448 2653 565 2704 naturalis.
585 2654 669 2704 Contra
687 2652 855 2704 naturalitatem

55 2730 122 2776 autem
130 2728 184 2791 ejus
192 2730 229 2777 est
238 2724 303 2790 qnbrl
312 2725 343 2777 sit
352 2724 445 2775 babitus
452 2739 498 2776 uon
510 2725 627 2775 naturalis.
637 2725 666 2775 Et
676 2724 709 2775 sic
718 2724 855 2789 relinquitur

56 2790 110 2856 quiri
124 2799 189 2849 uuile
202 2798 272 2848 mario
283 2795 314 2847 sii
328 2796 428 2847 habitus.
443 2794 547 2848 Secundb
563 2797 607 2848 bec
622 2799 729 2861 apparet,
747 2796 800 2861 quia
813 2797 855 2845 ira·

57 2865 112 2919 litus
126 2869 237 2920 (licuntur
250 2868 379 2921 securim
387 2868 446 2933 'ques
455 2882 498 2919 nus
510 2868 622 2921 babemus
632 2868 661 2918 ad
674 2866 805 2933 passiones,
815 2866 855 2917 sel

59 2939 83 2987 si
94 2943 157 2992 sans
174 2939 301 3021 beneurel
313 2938 387 3005 mab,
401 2942 428 2990 ut
439 2938 522 2992 dicitur
540 2939 566 2992 in
585 2939 615 2991 ll.
633 2938 715 2991 little.
735 2938 793 2989 Nam
811 2949 852 3001 per
