1984 3309
132 212 177 259 288
313 220 373 257 raas
390 221 412 269 r,
428 218 521 263 onnsr.
537 182 639 267 unsri,
656 216 712 253 aar.
728 214 747 253 r.

132 302 167 348 est
181 297 360 362 propositionem
379 296 483 347 formare.
502 295 561 359 Ergo
578 295 706 345 intellectus
720 294 800 343 nostor
820 296 953 359 cognoscit

131 370 173 419 hoc
185 368 309 431 singulare,
326 369 386 432 prod
399 371 435 418 est
449 368 563 417 Socrates.

163 445 187 491 ι.
205 443 319 492 Proterea
329 480 336 503 ,
348 440 478 491 intellectus
493 438 606 503 practicus
620 436 697 501 dirigit
708 436 738 486 ad
752 438 890 499 agendum.
903 441 951 490 Sed

131 515 196 563 actus
211 517 265 563 sunt
274 513 332 563 circa
345 510 475 575 singularia.
490 512 550 575 Ergo
563 508 678 573 cognoscit
690 507 826 571 singularia.

165 588 187 634 ³.
201 586 321 644 Prosterea,
333 584 461 634 intellectos
473 581 663 645 uostmintelligit
673 580 784 643 seipsum.
794 580 853 643 lpse
862 586 951 631 autem

133 658 167 705 est
178 656 291 719 quoddam
303 656 432 719 singularc3
447 652 548 716 alioquin
561 666 608 703 non
621 652 716 702 baberet
728 650 834 714 aliquem
846 658 950 717 actum3

133 731 197 778 actus
211 728 272 779 eninr
283 719 430 791 singularium
442 728 504 775 suut.
514 726 574 788 Ergo
585 723 716 775 intellectus
726 726 805 773 noster
820 726 952 787 cognoscit

133 798 258 863 singulare.

165 874 188 921 l.
200 873 323 931 Praeterea,
332 870 441 935 quidquid
452 871 527 933 potest
538 868 612 917 virtus
622 865 725 929 inferior,
735 868 815 931 potest
822 868 948 931 superior.

134 940 178 993 Sed
192 954 272 992 sensns
283 942 400 1005 cognoscit
412 941 536 1004 singulare.
551 941 610 1003 Ergo
621 938 692 989 mutto
705 937 780 1001 magis
792 936 948 992 intellectus.

165 1014 209 1064 Sed
220 1015 299 1063 contra
313 1017 362 1075 cst,
377 1014 436 1076 quod
447 1011 502 1063 dicit
511 1012 664 1075 Philosophus
676 1010 702 1060 in
713 1011 732 1061 l.
747 1008 865 1074 eogere,
880 1013 951 1077 qndd

135 1083 288 1134 urinirorsalc
308 1086 431 1134 moundum
444 1083 555 1135 rationem
567 1086 603 1134 est
618 1086 714 1145 notum,
728 1081 847 1145 singulare
862 1089 950 1135 antem

134 1157 257 1207 secundum
274 1170 373 1207 sensnm.
384 1174 398 1204 n

166 1228 317 1292 (Conmnsro.
326 1229 422 1281 -Cirm
431 1242 477 1279 non
491 1228 608 1292 contingat
616 1225 744 1289 intelligere
753 1225 800 1277 nisi
809 1230 950 1281 secundnm

133 1300 306 1352 abstractionem
321 1300 334 1351 h
347 1302 457 1363 materia,
475 1298 617 1363 impossibile
629 1301 665 1349 εει
677 1297 802 1360 singularia
821 1299 853 1349 ab
870 1299 948 1352 intol-

132 1370 192 1420 lectu
213 1373 353 1437 apprehendi
375 1372 475 1436 directd3
496 1372 537 1422 scd
560 1374 648 1421 hntum
665 1367 794 1430 indirecte,
809 1374 947 1423 secundum

132 1444 251 1505 quamdam
264 1444 439 1508 reflexionem.)

163 1514 298 1578 Respondeo
313 1515 433 1566 dicendum
444 1554 450 1575 ,
460 1514 519 1581 qudd
532 1514 646 1577 singulare
660 1512 685 1561 in
696 1511 764 1562 rebus
777 1512 948 1565 materialibus

133 1584 261 1636 intellectos
278 1590 355 1637 noster
373 1586 475 1648 directe,
493 1590 517 1636 ει
538 1584 611 1650 primo
631 1596 766 1646 cognoscere
783 1595 832 1633 nou
851 1590 947 1649 potest.

133 1656 204 1718 Cujus
221 1657 278 1707 ratio
291 1660 343 1719 est,
359 1656 411 1721 quia
424 1656 561 1722 principium
575 1654 725 1720 singularium
736 1654 761 1704 in
774 1654 848 1705 rebus
865 1662 948 1708 mate·

133 1726 225 1777 rialibus
242 1732 277 1779 est
297 1728 391 1780 materia
409 1728 573 1793 individualis3
596 1725 724 1777 intellectus
743 1728 821 1775 numm
844 1732 947 1793 noster,

134 1798 193 1849 sicut
203 1799 365 1866 supradictum
375 1804 410 1851 εει
421 1802 428 1865 (
438 1814 478 1864 qn.
494 1804 533 1864 at,
548 1804 590 1850 art.
606 1798 645 1860 tl,
658 1796 768 1859 intelligit
780 1798 949 1850 abstrahendo

134 1870 233 1934 speciem
253 1872 420 1935 intelligibilem
439 1872 467 1921 ab
483 1870 615 1934 hujusmodi
627 1868 738 1932 matoria3
751 1870 811 1931 qnod
829 1874 916 1921 autcm
935 1872 950 1921 tu

134 1942 228 1993 materia
238 1943 372 1995 individuali
381 1942 528 2005 abstrahitur,
537 1947 573 1992 εει
581 1939 717 1991 universale.
727 1939 793 1991 Unde
802 1939 950 1993 intellectus

135 2018 213 2065 noster
229 2015 312 2065 directb
329 2030 373 2067 non
390 2020 425 2066 est
442 2013 608 2078 cognoscitirns
620 2011 665 2061 nisi
679 2010 847 2062 universalium
857 2028 868 2073 l·
882 2012 950 2065 indi-

135 2085 297 2144 recitantem,
314 2091 338 2138 ει
355 2086 421 2151 quasi
439 2099 478 2150 per
492 2084 610 2149 quamdam
626 2083 790 2145 reflexionem,
803 2086 886 2145 potest
907 2100 950 2135 co-

135 2170 242 2219 gnoscere
257 2159 378 2223 singulare.
385 2158 442 2217 Quia
450 2158 511 2207 sicut
520 2155 589 2219 sopri
600 2155 685 2205 dictum
692 2158 727 2204 est
737 2153 786 2218 (qu.
796 2157 837 2215 tt,
851 2159 900 2206 art.
908 2158 948 2220 7),

134 2228 202 2279 etiam
217 2234 336 2295 postquam
352 2228 439 2295 species
458 2227 613 2291 intelligibiles
629 2225 777 2289 abstraxerit,
793 2238 842 2276 non
863 2232 950 2290 potest

133 2301 255 2351 secundnm
271 2314 310 2353 cas
324 2306 375 2351 actu
389 2299 532 2363 intelligere,
549 2298 594 2349 nisi
608 2296 761 2347 convertendo
775 2308 801 2346 sc
816 2296 846 2347 nd
863 2300 948 2362 phan-

133 2374 241 2436 tasmata,
259 2373 284 2423 iu
299 2373 381 2437 quibus
397 2370 485 2437 specics
503 2370 658 2435 intelligibiles
668 2366 795 2432 intelligit,
814 2372 841 2418 nt
859 2369 952 2421 dicitur

132 2440 157 2491 in
166 2442 205 2493 ΙΙΙ.
221 2446 257 2493 De
269 2446 365 2493 enimin.
382 2444 418 2494 Sic
429 2442 498 2505 igitur
507 2442 583 2507 ipsum
594 2440 722 2491 universale
736 2453 778 2503 per
790 2440 898 2506 speciem
910 2443 950 2492 in-

134 2514 275 2579 telligibilem
285 2512 370 2564 directi
379 2511 502 2577 iutelligit3
515 2511 624 2563 indirecte
637 2514 712 2562 antem
725 2511 866 2575 singularia,
882 2526 947 2576 quo-

133 2600 184 2635 rum
198 2591 250 2637 sunt
263 2588 429 2651 phantasmata.
448 2585 477 2634 Et
489 2587 534 2637 hoc
546 2586 613 2636 modo
628 2584 712 2635 iormat
725 2585 785 2633 hanc
799 2584 949 2649 propositio

135 2669 188 2705 nem
203 2658 317 2706 Socrates
330 2660 367 2704 esd
378 2654 459 2705 bomo.

168 2728 231 2777 Unde
245 2729 308 2791 patet
322 2727 403 2777 solutio
417 2728 445 2777 ad
458 2727 564 2792 primum.

168 2798 201 2847 ld
212 2800 335 2849 secundnm
349 2798 483 2863 dicendum,
493 2797 553 2862 quot
567 2797 648 2849 electio
659 2796 802 2863 particularis
816 2798 949 2863 operandis

136 2874 172 2919 est
184 2869 249 2932 quasi
264 2868 377 2920 conclusio
399 2869 525 2933 syllogismi
542 2868 674 2921 intellectus
687 2870 801 2935 practici,
817 2874 844 2920 ut
857 2869 950 2921 dicitur

138 2940 163 2989 in
172 2940 222 2991 Vll.
234 2939 318 2990 liidie.
333 2940 368 2989 lix
383 2939 508 2990 universali
526 2943 604 2990 autem
615 2940 772 3006 propontione
788 2941 879 2993 directe
896 2954 949 2992 nou
