1984 3309
260 202 290 240 nn
304 202 466 244 onnnrnrrors
482 207 636 249 unumunurn.
802 205 847 253 toll

43 275 239 337 gubernationem
252 278 363 345 principis
374 283 485 348 recipere.
502 285 557 343 Qua
571 287 627 336 verb
641 293 797 354 nonpossint
811 306 847 343 se-

42 347 145 398 eundirm
163 350 269 400 eumdem
287 355 378 403 modum
399 357 522 417 gubernari
541 357 684 425 aprinoipe,
699 364 732 412 ad'
747 363 848 414 diversos

42 419 187 483 principatus
201 422 336 484 pertinent:
352 426 412 476 sient
429 428 471 477 sub
483 440 529 479 uno
545 443 599 493 rege
613 437 666 482 sunt
680 433 775 484 diversae
787 434 847 484 uivi-

43 493 110 554 tales,
123 507 178 554 qun
190 493 288 545 diversis
304 501 414 560 reguntur
422 498 513 562 legibus
526 504 551 552 et
564 502 684 554 ministris.
701 505 846 558 Manifestum

41 565 77 609 est
86 565 168 612 auteur
179 563 241 628 qnbd
250 565 356 616 homines
369 567 414 618 ulio
424 571 493 620 modo
502 571 591 622 divinas
604 572 783 639 illuminationes
797 591 849 642 per-

42 631 145 697 cipiunt,
154 635 225 699 quem
235 637 319 700 angeli.
331 639 389 688 Nam
399 641 474 703 angeli
484 643 613 708 percipiunt
624 657 664 695 eas
674 646 697 695 in
708 647 847 711 intelligibili

42 704 159 768 puritate,
176 707 280 758 homines
296 708 350 761 verb
364 710 493 774 percipiunt
513 727 552 764 eus
571 716 612 765 urb
626 717 768 767 sensibilium
783 719 846 769 simi-

41 774 190 838 litudinibus,
203 781 230 827 ut
242 778 363 843 Dionysius
379 780 447 845 dicit,
461 783 479 832 l.
497 784 593 834 Goelesl.
606 788 732 839 hierarch.
751 791 778 838 Et
794 791 845 841 idon
865 785 875 800 ²

41 850 131 908 oportet
143 847 258 913 distingui
274 850 396 900 humanam
415 852 565 905 hierarchiam
583 857 611 906 nh
631 859 747 922 angelien3
767 866 790 911 et
806 875 846 926 per

41 919 154 970 eumdem·
169 922 263 971 modum
286 921 311 971 in
331 922 419 985 angelis
443 929 491 976 tres
514 927 844 994 hierarchiaedistinguuntur.

41 987 127 1039 llictum
136 995 176 1042 est
183 992 246 1043 enim
255 993 336 1058 supriu,
346 995 399 1057 dum
409 995 437 1046 de
448 997 579 1060 cognitione
589 1002 720 1064 angelorum
729 1009 841 1069 ageretur,

40 1059 98 1122 quod
120 1063 256 1126 superiores
281 1064 357 1128 angeli
379 1067 464 1117 habam
484 1069 671 1122 universaliorem
692 1075 845 1138 cognitionem

40 1134 156 1199 ueritat'm,
172 1135 242 1199 quim
257 1138 387 1188 inferiores.
406 1138 544 1203 liujusmodi
562 1148 638 1194 alutem
656 1145 790 1198 uniuersalis
806 1163 844 1200 nu-

41 1206 114 1267 reptio
132 1207 275 1270 cognitionis
289 1209 414 1261 seeundirm
428 1215 476 1262 tres
491 1215 573 1276 gradus
587 1215 611 1264 in
630 1217 717 1280 angelis
735 1218 843 1284 distingui

41 1282 124 1338 potest.
139 1280 243 1329 Possunt
256 1280 318 1330 erim
329 1281 430 1333 rationes
439 1295 523 1348 rerum,
536 1285 562 1334 de
577 1287 658 1350 quihus
671 1289 745 1350 angeli
758 1289 842 1342 illumi-

42 1354 134 1413 nantur,
151 1352 295 1402 considerari
308 1353 434 1416 tripliciter.
449 1355 526 1406 Primb
540 1359 632 1420 quidem
646 1359 770 1412 secundinum
784 1363 844 1425 qnbtl

42 1422 166 1480 procedunt
179 1423 194 1471 h
206 1422 279 1486 primo
292 1423 406 1488 principio
418 1426 553 1491 universali,
562 1431 622 1493 quod
633 1435 669 1480 est
682 1431 750 1481 Deus.
763 1433 792 1481 lit
802 1434 845 1488 istu

41 1493 117 1544 modus
130 1494 244 1544 convenit
260 1494 340 1558 primae
360 1496 503 1562 hierarchia,
519 1514 569 1562 pun
587 1500 718 1555 immediati
730 1505 758 1555 ad
774 1505 844 1556 Deum

42 1565 180 1629 extenditur,
193 1569 219 1615 et
233 1566 298 1630 quasi
310 1566 334 1616 iu
347 1566 465 1620 restibulis
478 1571 519 1620 boi
533 1573 670 1634 collocatur,
685 1577 711 1624 ut
723 1575 844 1640 Dionysius

42 1633 104 1696 dicit,
118 1637 168 1686 Vll.
190 1649 243 1701 cap.
261 1637 356 1687 t'oelest.
372 1641 502 1691 hierarch.
515 1644 620 1694 Secundb
638 1643 706 1708 verb,
722 1650 789 1710 prout
802 1649 845 1697 hu·

39 1703 136 1764 jusmodi
152 1708 256 1758 rationes
275 1709 405 1772 dependent
421 1712 449 1760 ab
469 1713 633 1764 universalibus
654 1716 727 1766 causis
747 1720 842 1784 creatis,

42 1789 88 1837 qun
99 1779 149 1842 jam
167 1779 248 1843 aliquo
263 1780 330 1830 modo
344 1781 536 1848 multiplicantur,
550 1789 574 1835 et
585 1786 622 1835 hic
639 1787 719 1836 modus
737 1791 851 1848 convenil,

42 1851 143 1902 secundae
160 1851 307 1902 hierarchiae.
318 1851 395 1902 Tertio
407 1856 483 1904 autem
499 1855 714 1918 mud0,secundirm
728 1858 785 1922 qubd
803 1863 845 1910 hu-

41 1917 136 1978 jusmodi
151 1916 257 1972 rationes
272 1923 414 1987 applicantur
426 1925 521 1988 singulis
533 1929 600 1977 rebus
614 1931 681 1992 prout
693 1929 845 1991 dependenti

42 1991 133 2054 propriis
157 1993 249 2056 nausis3
265 1997 289 2043 et
309 1994 347 2044 hie
370 1996 450 2046 modus
470 1999 578 2047 convenit
599 1994 684 2060 inlinrae
703 2000 843 2052 hierarchia.

43 2059 102 2115 Quod
117 2064 214 2127 pleuiirs
232 2065 333 2127 patebit,
348 2065 399 2115 oium
417 2069 445 2116 de
463 2067 557 2132 singulis
571 2067 690 2118 ordinibus
703 2074 789 2131 agetur.
809 2073 846 2123 Sic

43 2130 105 2192 igitur
118 2135 294 2200 distinguuntur
303 2136 437 2196 hierarchiae
448 2152 476 2188 ex
487 2143 551 2203 parte
563 2138 716 2189 multitudiuis
726 2141 843 2204 subjectu.

43 2202 100 2254 Unde
119 2206 272 2256 manifestum
285 2211 319 2256 est
336 2221 376 2258 eos
390 2220 477 2272 errare,
492 2213 517 2260 et
532 2214 611 2261 contro
628 2208 781 2261 intentionem
795 2213 846 2264 llio

44 2274 96 2336 upsii
104 2278 185 2342 loqui,
197 2278 238 2343 qui
253 2281 342 2341 ponunt
354 2279 378 2328 in
389 2278 474 2332 diuinis
486 2281 590 2352 personis
601 2273 765 2348 hierarchiam,
779 2297 847 2346 quam

43 2348 383 2414 rumntsupernoelestem.1n
401 2352 485 2402 diuinis
502 2353 565 2402 euim
580 2349 686 2416 personis
703 2355 737 2401 est
754 2355 847 2418 putidam

43 2419 91 2468 ordo
100 2426 200 2483 naturae,
213 2422 253 2471 sed
266 2435 313 2472 nou
325 2422 468 2474 hierarchiae.
484 2424 542 2482 Nam
556 2426 582 2472 ut
593 2419 715 2484 lliunpsius
724 2422 792 2490 dicit,
806 2429 845 2478 lll.

44 2501 88 2552 unp.
99 2493 201 2543 Coelest.
214 2495 352 2548 hierarch„
363 2495 417 2544 ordo
426 2495 559 2546 hierarchiae
571 2497 608 2544 est
620 2491 678 2540 alios
689 2493 782 2554 quidem
794 2513 847 2562 pur-

44 2562 101 2626 gari,
111 2568 135 2613 et
148 2564 289 2626 illuminari,
300 2569 323 2614 et
337 2566 416 2629 perlici
425 2604 433 2629 ,
443 2567 501 2616 alios
514 2569 590 2615 antem
607 2574 720 2643 purgare,
734 2570 757 2615 et
766 2567 851 2618 illumi-

45 2645 101 2694 nare,
114 2642 137 2686 et
148 2637 273 2702 perlicere.
285 2638 350 2695 Quod
359 2638 417 2687 absit
427 2642 453 2687 ut
468 2639 493 2688 in
508 2636 594 2686 diuinis
609 2645 715 2696 personis
727 2649 849 2698 ponamus.

70 2707 102 2758 hd
122 2709 226 2772 primum
248 2722 302 2774 ergo
324 2708 458 2771 dcundum,
478 2709 539 2773 qubd
556 2705 616 2755 ratio
640 2704 680 2753 illa
698 2713 804 2768 procedit
825 2713 852 2762 de

46 2776 167 2843 principatu
178 2784 283 2844 exparte
293 2780 417 2846 principis,
429 2782 483 2845 quia
492 2779 609 2844 optimum
617 2779 652 2826 ast
662 2775 723 2855 qudd
731 2782 853 2832 multitudo

46 2853 127 2908 regatur
140 2852 171 2902 ab
187 2865 234 2903 uno
248 2852 370 2916 principe,
384 2857 410 2902 nt
420 2851 574 2916 Philosophus
588 2847 613 2927 in
627 2847 731 2928 pluribus
745 2850 803 2902 loeis
817 2852 852 2902 in·

47 2920 113 2972 tendit
127 2924 194 2988 (jam
203 2925 311 2990 superiis
322 2940 362 2989 qu.
376 2927 436 2990 lli,
450 2929 493 2976 art.
509 2929 532 2989 3,
549 2921 658 2972 indicatis
667 2916 686 2981 )·
