1984 3309
359 166 391 205 ir!
406 165 559 208 ΙΙΙΙἨΙΙΟΙΙΕ.
693 195 695 198 .
713 174 727 197 a
817 160 863 209 795

81 242 227 309 Respondeo
248 243 381 303 dicendum,
398 246 457 308 qudd
474 245 589 309 intentio,
608 246 668 296 sicut
683 246 759 311 ipsum
779 260 863 297 nomen

52 320 131 379 sonat,
145 314 264 379 significet
279 315 303 365 in
316 316 376 366 aliud
395 318 499 369 tendere
514 320 543 366 ln
555 318 642 380 aliquid
660 323 736 368 autem
749 320 826 369 tendit
839 322 863 369 et

52 387 110 438 ectio
125 386 247 437 moventis
261 390 285 436 et
297 390 373 438 motus
383 388 481 439 mobilis.
494 389 539 439 Sed
554 390 598 439 troc
613 390 673 454 qudd
688 394 762 441 motus
772 390 863 441 mobilis

52 457 76 506 in
90 457 182 522 aliquid
198 456 284 521 tendit,
297 458 326 507 nh
336 458 425 508 actione
437 457 550 509 merentis
562 462 673 524 procedit.
689 462 753 512 Unde
765 462 862 513 intentio

53 529 128 593 primi
151 532 177 579 et
188 528 350 593 ¹principaliter
366 530 465 595 pertinet
482 531 547 581 adid
564 533 624 595 quod
638 538 714 584 moret
727 534 756 583 ad
773 534 858 584 finem:

52 604 111 653 nnde
131 601 233 653 dicimus
247 600 419 653 architectorem
437 606 462 652 et
477 616 568 654 omnem
584 604 756 669 precipientem
769 620 862 658 movere

54 688 93 725 sno
109 672 214 737 imperio
230 672 287 724 alios
303 674 330 723 ed
347 674 373 723 id
386 676 413 724 ad
427 676 488 738 qnod
499 676 551 739 ipse
563 675 644 726 tendit.
659 678 769 728 voruntas
784 683 861 729 autem

52 750 131 797 moret
143 757 228 796 omnes
244 744 300 795 alias
313 745 376 797 vires
391 746 519 797 snimae'ad
532 747 615 810 duem,
634 750 659 798 nt
675 748 745 812 suprt
755 749 860 800 nubitum

51 821 85 867 cst
100 820 161 883 (qn.
175 820 204 881 t,
219 819 262 867 art.
274 820 287 866 t
298 816 315 882 ).
330 818 394 868 Unde
409 816 554 869 ninniiestum
571 818 680 883 estquod
694 820 791 871 intentio
805 834 859 886 pro·

51 889 100 952 prid
119 893 158 941 est
172 892 238 940 nctus
255 889 389 939 uoluntatis.

82 962 115 1013 nd
125 960 228 1028 primum
237 972 292 1024 ergo
304 960 440 1027 dicendum,
452 962 512 1027 qnod
523 961 622 1016 intentio
632 962 764 1013 nominatur
772 962 860 1013 ocutus

51 1032 224 1097 metaphorice,
245 1044 292 1082 non
313 1030 366 1095 quia
386 1033 587 1097 ed'cognitionem
607 1034 723 1099 pertinet,
742 1035 782 1085 sed
804 1035 858 1098 quis

51 1106 207 1168 cognitionem
220 1103 395 1168 praesupponit,
407 1118 449 1169 per
459 1118 527 1168 mam
540 1106 672 1169 proponitur
685 1106 796 1157 uoluntati
806 1106 859 1157 finis

51 1178 78 1227 ad
92 1189 163 1241 quem
180 1178 272 1237 movet,
289 1175 348 1225 sicut
361 1176 428 1227 oculo
441 1175 592 1241 presidemus
609 1177 655 1241 qud
666 1178 758 1229 tendere
777 1187 858 1242 corpo·

49 1248 127 1299 naliter
139 1246 274 1299 debeamus¹

82 1321 116 1370 nd
132 1319 260 1369 secundum
274 1318 403 1384 dicendum,
413 1318 473 1382 qudd
486 1318 584 1369 intentio
596 1318 676 1376 dicitur
689 1318 789 1379 lumen,
804 1318 857 1383 quin

51 1390 173 1442 manifesta
190 1392 228 1441 cst
247 1390 376 1441 intendenti
392 1406 397 1440 ε
411 1392 471 1453 unde
492 1394 517 1441 et
532 1403 601 1454 opera
616 1388 723 1440 dicuntur
738 1389 857 1451 teredroe,

55 1464 108 1526 quie
126 1464 198 1513 horno
215 1462 258 1512 scit
272 1462 325 1525 qnid
341 1462 452 1525 intendit,
473 1463 513 1513 sed
530 1461 601 1513 nescit
618 1461 673 1526 quid
690 1476 719 1513 ex
735 1475 803 1526 opere
820 1477 857 1513 se-

52 1538 146 1599 quntur,
159 1534 222 1585 sicut
234 1533 375 1597 Augustinus
386 1533 471 1585 ibidem
483 1534 576 1598 exponit
586 1532 630 1599 (t).

81 1609 116 1658 dd
132 1607 227 1661 tertium
239 1606 373 1669 dicendum,
388 1605 447 1671 quod
465 1607 571 1657 voluntas
582 1605 674 1670 quidem
688 1618 734 1656 non
752 1606 854 1670 ordinat,

52 1680 92 1729 sed
102 1685 183 1730 tamen
193 1678 219 1727 in
229 1678 314 1741 aliquid
328 1678 401 1727 tendit
410 1677 536 1728 secundum
550 1676 651 1729 ordinem
664 1677 758 1728 rationis
773 1694 779 1727 ε
795 1680 854 1729 unde

53 1752 95 1802 noc
105 1765 205 1813 nomen,
222 1750 342 1807 intentio,
358 1750 460 1801 norninat
471 1754 546 1800 ectum
559 1750 681 1801 voluntatis
691 1753 854 1816 presupposiu

52 1823 195 1875 ordinatione
214 1820 309 1872 rationis
320 1822 447 1873 ordinantis
460 1822 544 1885 aliquid
556 1822 581 1871 in
594 1819 673 1872 finem.

83 1896 116 1945 nd
135 1898 241 1959 quartum
261 1892 397 1957 dicendum,
413 1892 473 1956 quod
487 1893 583 1946 intentio
603 1896 638 1943 est
651 1896 715 1943 setus
730 1892 854 1943 voluntatis

53 1971 158 2031 respectu
176 1965 240 2015 finis.
260 1964 304 2015 Sed
321 1964 437 2013 uoluntas
456 1965 552 2028 respicit
569 1965 638 2015 finem
660 1962 786 2027 tripliciter.
805 1964 854 2013 Uno

55 2038 121 2088 modo
130 2033 249 2101 absolutd3
261 2040 284 2086 et
297 2036 329 2086 sic
339 2035 421 2102 dicitur
431 2034 547 2084 voluntas
556 2039 623 2100 prout
630 2033 731 2087 absolute
740 2034 853 2095 volumus,

53 2110 89 2159 vet
103 2109 242 2170 sanitatem,
254 2108 292 2157 uel
304 2107 388 2170 siquid
399 2106 459 2157 aliud
469 2105 653 2169 esttrujusmodi.
665 2104 714 2154 dtio
722 2105 788 2154 modo
798 2116 854 2153 con-

55 2182 165 2231 sideratur
180 2179 233 2231 finis
252 2177 376 2230 secundnm
391 2179 451 2241 quod
464 2176 488 2227 iu
500 2190 528 2227 eo
539 2176 676 2241 quiescitur3
691 2179 716 2225 et
726 2176 771 2226 hoc
787 2176 854 2226 modo

53 2254 146 2313 fruitio
154 2252 251 2316 respicit
261 2252 338 2315 finem.
349 2250 424 2299 Tertio
433 2250 500 2299 modo
507 2248 661 2299 consideratur
668 2245 720 2295 tinis
728 2244 853 2297 secundum

53 2324 111 2385 quod
130 2327 166 2375 est
184 2322 296 2373 terminus
313 2321 412 2387 alicujus
425 2321 486 2385 quod
505 2320 529 2369 in
544 2319 619 2383 ipsum
632 2318 762 2380 ordinatum
778 2320 803 2368 et
820 2317 852 2367 sic

54 2395 157 2445 intentio
175 2394 270 2459 respicit
286 2394 355 2443 tinem
372 2406 378 2443 ι
398 2405 444 2443 nou
464 2392 524 2441 enim
540 2389 613 2439 sotim
631 2403 660 2440 cx
673 2390 717 2439 hoc
734 2388 852 2440 intendere

53 2466 148 2517 dicimur
161 2466 298 2527 sanitatem,
314 2464 367 2527 quia
380 2465 483 2514 voluimus
498 2475 561 2525 eam,
577 2463 617 2512 sed
632 2461 685 2525 quin
702 2460 807 2512 volumus
823 2462 851 2511 ud

54 2550 102 2588 enm
115 2552 156 2605 per
169 2534 257 2603 aliquid
268 2536 329 2605 eliud
342 2536 469 2599 pervenire.

87 2648 116 2712 (1)
128 2648 179 2697 linc
191 2654 224 2696 ert
235 2650 318 2694 tumen
327 2648 356 2693 ier
369 2647 438 2693 modis
451 2643 556 2708 (inquit),
566 2646 626 2703 pitia
639 2646 683 2690 doc
693 2638 762 2690 noddo
773 2644 854 2688 mant-

55 2712 139 2769 [eetnm
152 2716 186 2759 eet
199 2712 260 2758 bono
269 2713 353 2757 animo
364 2723 407 2755 noc
416 2710 496 2769 fucere
506 2708 568 2765 quod
576 2708 696 2767 facierum
710 2719 777 2751 omne
787 2708 853 2751 enim

56 2777 114 2831 quod
125 2777 301 2836 masidfeetatur·
312 2776 393 2819 trunco
404 2776 436 2817 eet
445 2770 486 2833 (err
496 2775 575 2829 toan„
583 2768 643 2831 ΙΙΙ).
655 2771 716 2818 Nam
725 2770 780 2825 ipsa
788 2768 853 2827 facta

56 2840 149 2893 quent
165 2836 294 2885 dominum
308 2837 441 2884 societatem
457 2835 473 2879 d
487 2833 556 2879 rentii
571 2833 723 2890 procedunt,
732 2830 853 2877 incertum

58 2900 137 2952 tutent
147 2904 262 2952 emitum.
271 2905 293 2949 et
302 2900 358 2947 ideo
366 2900 475 2946 mnebres
484 2910 513 2945 ee
523 2898 627 2943 vome.
