1984 3309
307 187 364 232 omn
381 189 418 226 sti*
431 189 575 228 BEAHTUDO.
797 185 841 231 681

80 265 111 314 td
124 266 227 330 madum
239 263 371 330 ειεεεεειεεε,
387 265 446 330 quod
458 267 510 317 eim
522 266 639 318 beatitudo
653 267 712 319 dieat
723 270 842 333 quamdam

51 336 145 386 ultimam
157 336 327 400 perfectionem,
339 337 463 388 secundino
472 337 532 402 qnod
540 339 635 390 diverse
645 353 681 390 res
689 339 841 392 beatitudiuis

51 422 152 472 capaces,
164 407 307 460 ad'dinersos
323 409 406 472 gradus
418 411 569 474 perfectiouis
587 410 715 476 pertingere
732 417 841 477 possum,

51 479 167 530 secundina
182 481 225 530 boc
237 493 330 530 necesse
345 483 379 531 est
388 479 446 545 qudd
458 480 608 532 diversimode
619 483 736 542 beatitudo
745 483 840 535 dicatur.

50 553 101 600 Nam
116 551 140 600 in
152 551 198 601 beo
210 554 245 602 est
253 551 371 603 beatitudo
382 565 422 616 per
434 553 569 616 essentiam,
579 554 632 618 quia
644 554 720 618 ipsum
730 570 781 605 esre
791 557 842 620 ejus

50 627 80 674 εει
92 623 192 688 operatio
206 623 271 687 ejus,
286 623 340 687 quia
350 631 397 674 uon
406 623 488 674 fruitur
499 624 557 688 aiio,
571 626 612 675 sed
621 625 705 690 seipso.
720 627 747 675 iu
757 627 843 690 aupebs

51 699 121 745 autem
138 694 255 745 beatitudo
267 697 303 744 est
321 694 399 745 ultima
413 695 524 759 perfectio
536 695 663 746 menndbm
673 697 772 761 abnuam
788 711 843 762 ope

49 767 154 817 radonem
172 778 218 829 qua
236 766 404 830 continguntur
417 767 477 818 bono
495 768 611 831 increato,
632 772 657 818 et
673 770 723 819 bec
740 771 843 834 operatio

49 841 81 887 est
90 837 115 886 iu
129 838 163 887 eis
172 836 239 887 unica
252 841 276 886 et
285 838 424 902 sempiterna
437 838 479 903 (t).
490 839 517 888 iu
527 839 751 903 bominibnsautem,
761 853 842 891 secure

49 908 98 958 dim
111 911 198 960 mamre
211 909 332 972 presentis
353 909 424 974 vite,
440 915 475 960 εει
491 911 572 960 ultima
589 910 699 975 perfectio
719 911 842 962 secuudbm

48 981 196 1044 operationem
208 993 254 1044 qna
268 982 336 1032 bomo
345 982 490 1046 conjungitur
501 985 556 1033 beo.
567 983 613 1033 Sed
624 985 674 1034 bec
684 983 786 1047 operatio
800 997 842 1035 nec

48 1053 149 1102 mutinua
162 1056 313 1117 potestesse,
332 1056 356 1104 et
367 1067 408 1118 per
421 1067 564 1118 consequens
583 1068 625 1106 uec
639 1055 708 1118 unica
726 1058 775 1118 est,
789 1056 842 1119 quia

47 1125 145 1189 operatio
160 1123 329 1176 intermissione
348 1125 521 1189 nruitiplicatnr;
536 1130 666 1191 etpropter
681 1129 724 1178 hoc
740 1125 764 1176 tn
783 1131 843 1177 statu

47 1200 161 1260 presentis
172 1195 226 1251 rite
236 1197 336 1260 perfecta
345 1197 460 1248 beatitudo
470 1197 499 1246 ab
509 1198 602 1248 homine
613 1198 691 1249 baberi
701 1212 747 1248 non
755 1202 841 1262 potest.

46 1269 106 1319 Unde
119 1269 270 1332 Philosophus
286 1268 310 1318 in
326 1269 344 1318 l.
363 1269 446 1318 Etbr'e.
465 1268 505 1332 (ει
524 1268 623 1332 supra),
638 1282 728 1333 ponens
744 1269 842 1320 beatitu-

47 1340 119 1390 diuem
127 1339 229 1390 bominis
239 1339 264 1388 in
273 1340 317 1389 bae
324 1339 373 1388 vita
383 1339 438 1389 dicit
447 1353 497 1390 eam
508 1340 699 1402 imperfectam,
710 1343 762 1403 post
771 1341 843 1391 multa

47 1413 201 1462 montuosus:
217 1412 324 1461 «Beatos
342 1413 418 1461 autern
432 1410 541 1472 dicimus,
550 1411 726 1469 utborninese»
740 1411 780 1461 sed
790 1423 844 1474 pro·

47 1482 144 1532 mittitur
153 1482 218 1533 nobis
231 1481 299 1533 ibeo
312 1481 428 1532 beatitudo
439 1481 653 1546 perteotu,quaudo
665 1498 679 1529 ε
690 1481 775 1531 eminus
784 1481 843 1530 sicut

45 1553 118 1616 angoti
130 1553 156 1603 in
173 1553 246 1614 coelo,
261 1569 276 1600 ε
288 1552 346 1603 sieut
362 1553 443 1602 dicitur
456 1553 547 1603 Mutila
555 1572 567 1610 ,·
578 1553 647 1603 xxii.
661 1555 776 1613 Quantum
789 1566 842 1616 ergo

45 1625 71 1674 ad
87 1625 150 1676 ittam
166 1624 329 1677 beatitudinem
343 1625 468 1688 perfectam
482 1629 556 1674 cessat
567 1625 680 1688 objectio,
691 1624 745 1689 qnia
762 1638 808 1675 una
820 1628 844 1674 et

44 1698 152 1748 continua
167 1699 190 1748 et
205 1697 343 1760 sempiterna
359 1696 504 1761 operatione,
518 1697 543 1746 in
557 1696 597 1747 iilo
612 1696 759 1748 beatitudiuis
772 1700 842 1758 statu,

44 1782 106 1819 mens
117 1768 220 1819 bominis
232 1768 278 1820 beo
292 1767 446 1831 conjungitur.
463 1769 509 1818 Sed
521 1769 545 1818 in
559 1769 667 1832 praesenti
675 1769 722 1819 rita
732 1774 843 1832 quantum

42 1839 159 1890 deficimus
171 1841 200 1891 ab
218 1839 305 1890 unitate
321 1843 347 1890 et
361 1839 509 1890 continuitate
523 1841 575 1890 tatis
591 1840 740 1904 operationis,
754 1845 843 1890 tantum

41 1912 158 1962 dedicimus
171 1911 185 1964 i
198 1911 346 1962 beatitudinis
355 1912 505 1976 perfectione.
521 1913 561 1963 itst
570 1916 648 1962 ιειεεε
661 1912 737 1976 aliqua
751 1912 843 1976 partici-

42 1984 102 2046 patio
115 1984 279 2048 beatitudinis,
292 1987 316 2034 ct
329 1983 415 2052 quautb
428 1984 529 2048 operatio
543 1989 618 2048 potest
634 1998 685 2036 esse
698 1985 772 2046 magis
786 1997 844 2035 eon·-

42 2056 104 2105 tinua
117 2059 143 2108 ει
155 2067 214 2118 uua,
229 2055 294 2106 tanto
304 2057 357 2120 plus
371 2057 441 2106 habet
450 2056 561 2108 rationem
575 2055 739 2106 beatitudinis:
754 2058 779 2104 et
792 2055 844 2106 ideo

42 2127 63 2176 iu
77 2127 155 2178 activa
167 2127 228 2188 uita,
243 2141 294 2190 que
307 2127 366 2177 circa
385 2126 457 2176 multa
471 2131 605 2191 occupatur,
620 2129 657 2176 est
673 2125 750 2175 miuus
766 2126 794 2175 de
808 2139 845 2175 ra-

40 2198 101 2248 tione
112 2199 276 2260 beatitudinis,
291 2198 357 2262 qnam
371 2199 395 2248 iu
412 2198 459 2249 vita
473 2197 664 2261 contemplativa,
677 2209 728 2260 quae
741 2201 846 2246 versatur

40 2270 99 2320 circa
112 2285 202 2334 uuum,
215 2271 238 2320 id
254 2272 301 2331 est,
317 2271 374 2320 circa
390 2270 494 2321 εεειιειιε
510 2269 735 2332 contemptationem
750 2267 794 2318 etsi
804 2268 845 2320 ali-

41 2345 130 2406 quaudo
138 2345 211 2394 bomo
221 2345 273 2392 actu
282 2355 328 2394 uon
336 2344 442 2408 operetur
450 2340 581 2404 hujusmodi
589 2339 759 2404 operationem,
768 2343 845 2392 tamen

40 2416 90 2480 quia
108 2415 134 2466 iu
149 2419 259 2480 promptu
276 2415 345 2466 babet
358 2427 423 2479 eum,
436 2427 526 2480 semper
543 2416 617 2478 potest
634 2412 732 2477 operari.
747 2413 776 2462 Et
791 2413 846 2477 quia

39 2490 108 2539 etiam
117 2489 196 2554 ipsam
207 2487 369 2550 cessationem,
379 2486 435 2550 putta
444 2486 531 2536 ratione
541 2485 628 2547 socom,
638 2485 676 2534 vel
686 2486 846 2550 occupationis

39 2559 268 2625 aiicujus‘ueturaiis
287 2560 314 2609 ad
333 2559 486 2623 operationem
508 2557 639 2622 predictam
661 2557 767 2620 ordinat,
781 2559 847 2622 quasi

41 2631 133 2682 videtur
148 2631 250 2697 operatio
264 2630 373 2682 continua
384 2645 442 2682 esse.

69 2705 97 2754 Et
110 2713 156 2769 per
171 2706 217 2758 boc
229 2705 291 2768 patet
305 2701 387 2754 solutio
404 2702 431 2752 ad
445 2701 549 2766 quintum
563 2706 587 2751 et
602 2701 631 2751 ad
644 2705 746 2752 sentum.

73 2856 108 2919 (f)
122 2862 179 2906 iton
189 2858 252 2916 qubd
263 2859 320 2904 alias
331 2861 477 2916 operationes
486 2863 569 2916 preter
578 2859 644 2905 iiiam
658 2855 789 2904 ιεεειὶιὶεεεε
799 2866 846 2900 uon

44 2929 188 2984 exerceant,
200 2922 241 2968 sed
252 2922 314 2980 qudd
329 2923 433 2980 operatio
447 2923 486 2976 iiia
496 2934 539 2992 per
550 2933 701 2980 quaestioque
712 2919 770 2966 alias
779 2929 809 2963 ne
817 2917 846 2970 ad
