1984 3309
133 177 178 225 stu
334 184 394 223 raus
406 185 429 235 r,
446 182 539 230 oum.
556 182 609 232 xer,
627 180 682 221 aar.
699 180 725 218 rr.

439 328 598 385 dRTiGULUS
611 334 639 384 11.

149 452 235 497 Utrum
250 464 336 509 corpus
346 452 477 497 tumorum
488 450 520 495 sit
529 450 665 494 immediate
677 449 691 493 ai
705 449 755 493 Deo
768 450 919 506 productum.

166 562 200 613 dd
216 562 340 612 seeundum
354 560 387 611 sio
397 558 535 623 proceditur.
542 559 637 609 videtur
648 556 708 622 quod
718 570 801 623 eorpus
812 560 933 609 nummum
981 549 983 622 i

135 648 180 685 nou
200 634 231 684 sit
244 631 373 683 immediate
389 630 402 681 t
418 630 467 681 Deo
483 630 626 694 productum.
640 628 699 678 eicit
713 629 776 679 euim
797 630 937 694 Augustinus
981 633 983 646 ²

135 706 159 755 in
173 706 214 756 111.
227 706 263 755 De
276 705 364 754 Triutt.
381 703 433 767 (art,
448 702 481 765 tt,
495 702 556 765 quod
568 701 690 765 mrporatia
704 700 859 765 disponuntur
868 700 881 751 a
891 702 937 754 iteo

135 791 177 841 per
189 776 313 839 angelicam
326 778 460 825 ereaturam.
475 774 520 823 Sed
530 785 611 836 eorpus
621 774 747 823 humanum
755 772 882 824 formatum
895 773 939 823 tuit

137 863 166 899 ex
179 848 273 899 materia
287 846 407 911 corporali,
420 850 446 896 ut
457 846 544 896 diourm
558 849 594 895 est
606 846 663 908 (art.
673 844 708 906 a).
723 844 784 908 Engo
796 846 876 896 debuit
886 860 940 910 pro-

138 919 191 969 duci
203 918 353 969 mediantibus
365 918 466 981 augelis‚
480 920 504 967 et
516 930 563 968 uon
577 917 706 967 immediate
720 916 805 967 aDeo.

169 994 192 1041 2.
208 992 328 1052 preterea,
340 990 400 1053 quod
411 987 460 1039 fleri
470 992 547 1053 potest
559 987 642 1038 uirtute
653 988 737 1049 creata,
751 1001 799 1038 non
812 993 849 1039 est
860 1001 944 1040 neees-

138 1059 943 1125 auriumquodimuediataproducaturatteo.sedoorpusnumanum
981 1099 983 1148 Ι

138 1131 230 1195 produci
246 1134 320 1195 potest
338 1142 379 1194 per
397 1132 504 1181 uirtutem
525 1135 624 1182 creatam
642 1131 742 1182 coelestis
755 1131 873 1196 eorporia3
889 1146 945 1182 narn
981 1167 983 1196 ,

140 1206 163 1253 et
176 1202 280 1265 quedam
290 1200 397 1252 animalia
408 1214 437 1253 ex
449 1202 615 1267 putrefactione
626 1206 763 1266 generantur
775 1216 819 1267 per
833 1202 944 1255 muntem
981 1199 983 1226 ⁵

140 1273 237 1323 aeduam
250 1272 349 1338 eorporis
362 1274 470 1325 caelestis.
491 1276 520 1325 Et
533 1275 664 1325 dibumasar
679 1271 751 1336 dicit,
767 1276 829 1338 quod
845 1275 870 1327 in
887 1277 946 1327 loeis

139 1345 164 1395 in
177 1345 259 1409 quibus
270 1345 340 1399 nimis
355 1346 455 1395 abundat
470 1346 531 1397 catur
543 1350 583 1396 aut
595 1345 675 1410 frigus,
689 1347 796 1397 homiues
811 1359 861 1398 non
876 1361 949 1411 gene·
981 1367 983 1372 ·

140 1421 231 1478 rantur,
251 1417 332 1468 sedin
352 1417 409 1469 loeis
430 1417 563 1483 temperatis
582 1423 677 1468 tantum.
694 1418 755 1482 Ergo
773 1431 823 1469 non
846 1421 950 1483 oportuit
981 1425 983 1428 '

141 1488 201 1552 quod
211 1488 342 1541 immediate
360 1502 441 1552 eorpus
454 1490 577 1539 humanum
590 1489 724 1540 formaretur
735 1488 750 1538 t
761 1490 818 1539 neo.

174 1565 196 1609 t.
213 1562 338 1623 Praeterea,
349 1560 406 1610 nihil
418 1561 444 1611 dt
454 1574 484 1611 ex
495 1562 590 1612 materia
603 1560 713 1625 corporati
722 1599 728 1624 ‚
738 1561 784 1611 nisi
794 1575 837 1625 per
847 1562 949 1627 aliquam

142 1631 241 1681 materie
257 1631 477 1683 transmutationem.
493 1633 538 1683 Sed
554 1634 632 1683 omnis
647 1633 807 1683 transmutatio
821 1636 950 1698 corporatis

142 1706 249 1753 causatur
262 1716 291 1753 err
306 1707 369 1753 motu
383 1705 482 1755 caelestis
494 1706 596 1769 eorporis
607 1704 663 1769 ,qui
678 1708 713 1755 est
726 1704 815 1769 primus
835 1710 951 1757 motuum.

143 1773 199 1824 Cim
212 1773 281 1835 igitur
291 1786 374 1838 eorpus
389 1776 514 1825 humanum
527 1778 559 1827 sit
572 1778 705 1840 productum
717 1789 747 1825 ex
757 1776 854 1827 mamria
868 1790 952 1842 corpo

143 1844 198 1909 rali;
211 1844 302 1895 videtur
310 1848 369 1909 quod
381 1848 408 1897 ad
417 1849 468 1912 ejus
480 1848 638 1899 torruationem
651 1846 736 1911 aliqud
746 1850 867 1911 operatum
880 1848 952 1899 fuerit

144 1928 227 1981 eorpus
240 1917 340 1967 caeleste.
609 1923 611 1926 '

177 1992 200 2038 t.
216 1988 343 2052 Praeterea,
362 1990 503 2053 Augustinus
522 1990 576 2040 dicit
591 1991 675 2055 Super
691 1991 752 2040 Gen.
770 1991 806 2039 ad
824 1991 869 2042 tit.
889 1992 952 2057 quod

146 2060 215 2110 homo
229 2061 303 2110 iactus
317 2064 353 2110 est
366 2060 490 2112 seeundum
504 2072 587 2125 eorpus
596 2060 736 2125 inoperiirus
748 2074 790 2111 sex
800 2062 904 2127 dierum,
918 2078 954 2115 se

145 2131 242 2182 cundum
258 2133 359 2183 currules
372 2133 470 2187 rationes
488 2147 545 2197 quas
559 2135 618 2184 Deus
632 2132 729 2183 inseruit
745 2137 856 2185 ereatura
869 2148 955 2201 eorpo-

146 2204 196 2267 nali,
205 2206 348 2267 postmodum
356 2204 410 2257 emir
421 2205 464 2255 iuit
473 2204 624 2255 formatumiu
631 2204 813 2264 aetu.sedquod
821 2208 954 2269 praexistit

147 2276 171 2323 in
182 2276 292 2341 corporali
302 2282 403 2327 ereatura
416 2276 539 2328 seeundum
554 2276 655 2327 causales
670 2275 778 2336 rationes,
793 2289 836 2340 per
850 2277 953 2343 aliquam

147 2346 253 2397 virtutem
260 2362 390 2412 corpoream
400 2347 492 2413 produci
502 2351 585 2411 potest.
593 2349 655 2411 Ergo
668 2361 750 2411 corpus
763 2348 891 2398 humanum
901 2366 955 2415 pro

149 2418 240 2465 alnetum
252 2423 286 2467 ost
299 2420 373 2482 aliqua
388 2418 471 2469 uirtute
486 2418 574 2481 ereata,
588 2424 612 2470 et
626 2433 672 2471 nou
686 2418 820 2469 immediate
834 2420 848 2469 ‘a
862 2422 923 2473 Deo.

180 2488 225 2538 Sed
238 2496 314 2539 eontra
327 2496 377 2551 est,
391 2490 450 2553 quod
460 2490 542 2540 dieitur
556 2492 645 2549 Eucti„
661 2492 719 2542 xvir
732 2506 738 2541 :
751 2492 834 2541 alteus
849 2492 879 2541 de
891 2498 955 2544 terra

149 2559 233 2610 amarit
245 2561 369 2611 hominem.
385 2578 398 2609 u
460 2594 462 2597 -

182 2631 340 2694 (Conenusro.
354 2660 385 2669 -
397 2632 455 2682 Cirr
470 2634 495 2682 in
510 2633 583 2697 prima
600 2647 675 2687 rerum
694 2633 848 2691 formatione,
864 2638 954 2687 nulium

149 2702 289 2767 precesserit
304 2704 428 2753 humanum
442 2717 541 2767 eorpus,
559 2706 624 2770 eujus
635 2705 720 2756 virtute
733 2718 774 2769 per
784 2704 845 2756 uiam
858 2721 956 2771 genera-

151 2773 220 2824 tionis
230 2773 290 2824 aliud
298 2774 370 2825 simile
381 2776 406 2825 in
414 2776 489 2839 specie
499 2778 643 2840 formaretur,
652 2776 861 2842 oportuitprimum
873 2793 956 2846 eorpus

150 2844 249 2895 hominis
263 2844 393 2898 immediate
405 2844 419 2895 a
430 2847 475 2897 Deo
487 2847 602 2909 formari.)

93 2934 120 2990 ,χ
183 2916 317 2980 despondeo
331 2916 450 2967 dicandum
459 2954 467 2981 ,
475 2917 534 2981 quod
546 2919 619 2981 prima
630 2920 736 2973 formato
748 2921 844 2973 humani
855 2923 955 2987 eorporis
