1984 3309
147 166 194 217 ato
319 174 380 213 nass
396 174 420 225 1,
435 174 528 220 nosen.
544 174 651 225 annin,
668 174 723 213 aar.
740 174 775 213 nr.

146 249 257 315 qnantbm
273 249 301 301 ad
314 249 453 302 intentiones
470 249 606 315 predictas,
619 249 747 301 differentia
763 252 808 301 est.
824 250 893 301 Nam
910 250 959 303 aui·

148 322 215 373 melia
227 319 355 388 percipiunt
366 320 497 385 hujusmodi
508 321 646 371 intentiones
657 322 729 372 solnm
743 322 846 373 naturali
857 324 960 387 modam

149 392 258 443 distinctu
267 410 275 457 ;
285 395 353 443 bomo
366 396 443 443 antem
453 404 495 460 per
507 392 623 457 quandam
634 392 785 443 collationem.
796 392 826 443 Et
844 394 961 457 ideoque

147 463 172 515 in
183 465 235 515 aliis
249 463 383 515 animalibus
396 463 477 514 dieitur
489 464 646 513 aestimativa
661 462 805 523 naturalia,
822 464 851 513 in
864 466 960 517 homine

148 534 398 599 dieituroopitotr'oo5
415 548 465 598 qne
481 532 676 599 permistionem
689 534 802 598 quandam
819 535 960 599 hujusmodi

147 606 276 658 intentione
292 605 417 655 adinvenit.
431 606 495 656 Unde
514 606 584 655 etiam
598 604 679 656 dicitur
697 607 765 655 ratio
780 606 962 669 particularis

150 677 200 739 {oui
211 676 293 729 medici
305 675 422 740 assignant
435 676 609 727 determinatum
623 688 741 739 organum,
757 672 847 727 seilicet
858 678 960 734 mediam

149 751 239 814 partem
249 746 330 812 capitis
337 747 355 811 ).
368 748 408 797 llst
416 746 477 797 euim
486 745 591 798 collativa
600 744 751 796 intentionum
762 744 961 808 individualinm‚

148 819 207 872 siem
221 820 290 868 ratio
312 816 463 867 intellectiva
481 816 633 869 intentionum
647 811 817 867 universalium.
840 818 880 867 Ex
895 824 961 883 parte

148 895 226 942 antem
236 889 388 942 memorativae
399 902 446 939 non
456 891 529 939 solum
540 888 609 940 babel
620 889 788 949 memoriam,
801 886 867 939 sicut
878 896 962 943 eaetera

149 960 269 1024 animalia,
284 960 308 1010 in
321 959 395 1025 subita
405 960 560 1012 recordatione
573 959 750 1025 preteritorum
765 959 904 1012 sedetiam
919 978 960 1013 re-

150 1032 337 1083 miniscentiam
343 1030 423 1094 ,qnasi
432 1030 571 1094 syllogistice
582 1030 717 1095 inquirendo
726 1029 907 1093 preteritorum
919 1048 965 1084 me-

152 1103 247 1154 moriam
259 1099 382 1153 seonndirm
393 1101 544 1153 individuales
555 1101 703 1153 intentiones.
718 1101 838 1152 lnioenua
857 1105 921 1159 verb
932 1105 963 1170 (ll

151 1175 218 1240 ponit
227 1172 328 1238 quintam
338 1172 474 1236 potentiam,
484 1173 582 1223 mediam
599 1173 660 1223 inter
670 1170 828 1223 aestimativam
842 1177 870 1223 et
883 1176 965 1239 imagi-

152 1246 327 1310 nativamque
338 1242 453 1307 componit
467 1249 490 1294 et
504 1243 585 1294 dividit
597 1244 680 1294 formas
692 1242 843 1305 imaginatasr
858 1249 889 1295 nt
903 1250 966 1311 patet

152 1329 205 1365 enm
216 1328 246 1365 ex
255 1314 327 1364 lorma
335 1313 458 1376 imaginata
468 1314 527 1375 anri,
539 1318 562 1364 et
573 1312 646 1365 forma
656 1312 779 1377 imaginata
790 1315 893 1376 montis,
904 1332 967 1367 com·

153 1386 259 1449 ponimns
267 1398 337 1435 unam
348 1384 445 1435 formam
457 1385 628 1449 montisaurei,
640 1399 707 1451 quem
720 1398 838 1449 nunqnam
850 1388 966 1441 vidimus.

154 1451 199 1507 Sed
214 1458 259 1509 ista
272 1456 374 1521 operatio
387 1470 434 1507 non
446 1461 541 1522 apparet
554 1458 578 1507 in
592 1456 642 1508 aliis
653 1456 788 1507 animalibus
808 1457 837 1507 ab
854 1459 966 1525 homine,

155 1528 180 1579 in
193 1542 239 1593 quo
253 1528 282 1578 ad
298 1530 342 1579 boc
355 1528 438 1577 suflicit
449 1528 524 1579 nirtus
535 1528 692 1593 imaginatina.
707 1526 833 1579 Colelium
849 1530 918 1581 bano
933 1547 968 1583 ao·

154 1599 240 1649 tionem
251 1598 355 1650 attribuit
364 1600 491 1650 lverrhoes
502 1600 524 1649 in
533 1600 591 1651 libro
600 1602 697 1663 quodam
707 1612 774 1663 quem
783 1598 842 1649 lenit
852 1602 884 1653 de
897 1617 969 1655 sensu

155 1674 180 1719 et
191 1669 346 1720 sensibilibus.
357 1670 387 1718 ut
395 1668 428 1718 sio
437 1683 484 1719 non
495 1675 530 1721 est
541 1684 634 1722 necesse
646 1684 731 1735 ponere
739 1668 782 1720 nisi
790 1674 896 1733 quatuor
907 1676 969 1725 vires

155 1739 277 1791 interiores
286 1738 401 1790 sensitiva
410 1739 493 1802 partis,
504 1741 591 1791 seilicet
601 1759 615 1789 «
625 1754 717 1791 sensnm
727 1754 894 1807 communem,
910 1745 968 1797 ima-

156 1811 311 1875 ginationem,
326 1809 500 1875 estimatitam,
511 1816 535 1863 et
549 1812 729 1863 memorativam.
743 1828 757 1859 n

191 1882 224 1931 ld
236 1879 334 1946 primum
344 1894 398 1945 ergo
409 1880 538 1945 dicendum,
549 1884 609 1949 quod
619 1896 700 1934 sensus
712 1882 809 1934 interior
818 1896 867 1935 uon
883 1886 970 1938 dicitur

157 1952 285 2003 eommunis
293 1964 335 2016 per
341 1952 526 2016 predicationem
538 1955 596 2005 sieut
607 1966 694 2018 genus3
707 1954 747 2005 sed
758 1953 819 2005 sicul
831 1960 969 2010 eommunis

157 2022 223 2074 radix
235 2028 259 2075 et
272 2022 408 2090 principium
418 2024 555 2075 exteriorum
569 2038 684 2075 sensnum.

191 2095 225 2146 ll
237 2093 362 2146 monadum
379 2093 513 2159 (licendum,
528 2094 589 2161 qubd
608 2108 688 2145 sensns
705 2094 811 2159 proprius
827 2095 926 2161 judicat
941 2102 968 2151 de

157 2166 260 2217 sensibili
277 2166 382 2231 proprio,
396 2165 544 2218 discernendo
557 2167 633 2231 ipsum
644 2166 672 2217 ab
687 2165 737 2217 aliis
754 2179 805 2231 qnae
817 2169 907 2220 cadunt
926 2172 970 2223 sub

158 2238 239 2288 eodem
253 2249 337 2300 sensa,
351 2236 410 2287 sient
422 2236 572 2288 discernendo
585 2236 661 2288 album
675 2236 778 2301 ¹abiero,
793 2238 831 2288 vel
852 2238 868 2291 b
886 2242 967 2293 viridi.

158 2308 203 2360 Sed
212 2308 341 2359 discernere
355 2308 432 2357 album
445 2306 459 2358 i
474 2308 548 2371 dulei,
562 2322 609 2359 non
622 2308 697 2372 potest
713 2323 786 2371 neone
799 2308 877 2373 visus,
889 2326 969 2375 neque

157 2382 252 2442 gustus3
264 2377 318 2443 quia
327 2383 416 2442 oportet
424 2380 483 2443 quod
494 2378 534 2443 qui
545 2380 605 2431 inter
616 2380 691 2445 aliqua
702 2379 826 2442 discernit,
839 2385 970 2448 utrumque

156 2453 287 2511 eognoscat.
304 2448 368 2499 Unde
382 2454 470 2514 oportet
482 2452 511 2500 ad
526 2464 619 2501 sensum
633 2464 775 2502 communem
787 2450 907 2515 pertinere
920 2455 970 2505 dis-

157 2519 266 2569 cretionis
274 2516 401 2584 judieium;
417 2523 444 2571 ed
455 2534 522 2586 quem
536 2523 680 2585 referantur,
695 2522 755 2572 sient
771 2522 799 2571 ad
812 2534 968 2576 communem
990 2536 991 2605 l

156 2590 292 2653 terminum,
304 2602 384 2641 omnes
400 2592 593 2656 apprehensiones
606 2605 713 2643 sensuum
719 2630 727 2657 ‚
740 2592 753 2642 'a
765 2606 811 2655 quo
823 2592 894 2643 etiam
909 2610 970 2659 per-

157 2659 272 2724 cipiantm
285 2660 386 2713 aetiopes
397 2676 520 2727 sensuum,
531 2664 591 2714 sieut
602 2676 653 2713 cum
665 2662 746 2729 aliquis
756 2662 820 2713 uidet
834 2676 860 2715 se
873 2665 967 2718 ridere.

174 2813 223 2924 „m
240 2814 308 2923 Ιὶίὴτο
324 2817 430 2865 nimirum
448 2820 635 2869 neminemne
653 2830 738 2879 suptar
757 2819 800 2865 etsi
820 2818 967 2875 adalanum
990 2794 991 2801 ἶ

73 2900 76 2905 -
158 2890 175 2924 n
192 2890 207 2924 n
223 2890 267 2925 es.
588 2890 589 2895 ’
841 2892 846 2905 ·
990 2892 991 2895 ’
