1984 3309
150 144 195 191 sas
356 150 416 189 nnus
431 149 453 197 r,
470 148 565 193 unser.
581 148 625 196 rc,
642 146 697 185 nur.
711 148 741 184 u.

150 230 195 281 nisi
205 242 246 294 per
256 228 394 279 creationem
400 246 408 286 ς
415 226 475 290 qood
485 238 533 275 non
540 228 577 275 est
584 238 665 275 rerum
672 224 701 274 rie
711 223 763 274 aliis
773 222 871 275 turmis.
891 227 966 290 cnjus

149 300 263 359 reticem,
275 300 329 365 qnia
342 298 393 349 cim
405 298 463 363 fieri
472 297 549 347 sitnia
558 297 587 347 ad
595 310 658 351 esre,
669 297 714 346 boe
724 295 792 345 morio
805 294 888 346 aticum
899 311 966 349 oom-

150 372 209 437 petit
224 372 286 435 iteri,
304 370 362 421 sicut
375 368 398 421 ei
413 369 523 433 competit
538 382 597 419 esse.
614 368 762 418 {tutantem
783 366 887 431 proprie
912 370 967 420 uticii

150 457 207 501 ecee.
216 443 276 507 quod
287 442 357 493 babet
366 441 442 505 ipsum
450 454 502 489 esse
511 439 578 503 qnasi
587 439 613 489 iu
622 451 663 489 sno
674 451 726 489 esse
739 438 890 489 subsistens.
901 442 967 492 Unor

151 515 205 565 solae
221 514 352 565 substantia
367 511 456 577 proprie
469 515 492 563 et
504 510 558 562 reri
569 510 676 561 dicuntur
685 510 762 573 entia;
777 509 896 561 occidens
911 512 967 563 uero

150 587 273 637 nonhabet
286 600 336 636 esee
341 622 350 648 ,
359 585 398 635 sed
408 596 437 634 eo
449 583 535 647 aliquid
546 587 596 645 est,
607 586 631 633 et
642 583 686 631 hac
693 582 783 632 ratione
794 595 842 631 erra
854 582 966 635 dieitur:

152 657 210 709 sicut
222 658 301 708 albedo
312 656 458 718 elicitorem,
471 654 526 718 qnia
538 666 565 703 ea
578 652 664 715 aliquid
676 658 711 703 est
722 652 808 703 album
818 654 852 703 Et
864 662 967 720 propter

151 732 195 783 boc
210 730 293 781 dicitur
304 730 328 779 in
343 729 390 779 Vll.
404 728 543 792 Metapirye.
556 729 628 785 (text.
641 725 681 789 2),
693 724 753 789 qnbd
769 727 917 779 «accidens
932 730 966 779 rii-

72 858 78 869 ,
152 803 209 852 sitm
221 802 295 865 magis
307 800 366 853 entis
380 798 448 864 quim
462 810 513 851 ens.
528 814 543 845 n
554 800 584 847 Et
595 798 676 848 eadem
690 797 748 849 ratio
759 800 795 848 est
806 798 839 848 ‹ie
852 801 967 851 omuibm

153 874 202 924 aliis
214 874 292 924 formis
306 885 351 923 non
364 872 549 922 subsistentibus.
563 871 593 919 Et
609 870 660 920 ideo
673 869 731 919 nutti
743 869 823 920 forme
835 884 887 922 non
910 874 967 923 sub-

153 946 241 996 sistenti
252 943 342 1009 proprii
357 943 466 993 convenit
478 941 539 999 tieri,
554 942 596 992 sed
606 941 712 991 dicuntur
727 940 776 991 fieri
785 954 828 1006 per
840 943 892 993 noe
900 946 966 1009 quoa

152 1018 276 1082 composita
287 1015 432 1067 subsistentia
445 1015 509 1064 fiunt.
524 1014 605 1063 Anima
619 1016 695 1062 autern
708 1013 827 1063 rationalis
837 1018 876 1066 est
887 1016 967 1067 torma

152 1089 294 1151 subsistens,
310 1091 335 1137 nt
352 1084 419 1151 snprt
429 1085 532 1136 habitum
547 1089 583 1136 est
596 1084 653 1150 (qn.
665 1088 707 1147 75,
723 1088 767 1134 art.
779 1084 821 1148 Ξ).
834 1086 909 1138 Unde
922 1090 967 1139 sibi

152 1158 242 1225 proprie
252 1158 360 1224 competit
375 1172 425 1209 esse
434 1161 458 1208 et
469 1158 527 1209 iteri.
540 1158 570 1207 st
581 1157 635 1221 quia
648 1170 695 1207 non
704 1160 781 1220 potest
793 1156 847 1207 fieri
862 1172 898 1209 ex
914 1176 966 1210 ma·

151 1231 208 1282 teria
220 1232 368 1296 praejacente,
381 1244 454 1294 neque
467 1228 591 1292 corporati,
606 1227 659 1292 quia
673 1227 707 1277 sic
721 1231 783 1278 esset
800 1232 896 1281 uaturae
910 1246 964 1282 cor-

151 1316 224 1368 poree
232 1342 238 1364 ‚
247 1317 321 1368 neque
331 1302 456 1367 spirituali,
468 1301 522 1365 qnia
529 1300 563 1351 sic
572 1300 705 1350 substantia
716 1297 847 1362 spirituales
857 1300 966 1353 invicem

150 1379 365 1439 transmutarentur,
385 1386 477 1425 necesse
494 1376 532 1423 esi
549 1371 623 1421 dicere
639 1369 700 1434 quon
720 1384 767 1421 non
787 1369 828 1420 fiat
850 1371 902 1422 nisi
922 1390 967 1439 per

150 1447 297 1497 creationem.

182 1520 214 1569 nd
227 1518 324 1583 primum
340 1530 392 1581 ergo
409 1516 541 1579 dicendum,
556 1515 617 1579 qnbd
628 1514 653 1564 iu
670 1514 744 1564 anima
758 1518 795 1564 est
807 1514 870 1566 sicut
883 1523 965 1569 matc-

151 1590 206 1642 riale
228 1592 277 1655 ipsa
299 1589 394 1654 simplex
408 1586 523 1647 essentia3
540 1587 632 1638 formale
650 1585 763 1635 antemio
779 1585 832 1648 ipsa
853 1590 966 1637 estesse

151 1661 322 1726 participatum,
337 1662 397 1725 quod
412 1659 503 1724 quidem
519 1673 549 1708 en
562 1658 699 1709 necessitate
720 1657 787 1707 mmut
802 1660 839 1706 cst
851 1672 909 1709 cum
926 1675 965 1709 es-

152 1731 226 1783 sentia
243 1732 337 1795 animac,
354 1732 407 1796 quie
422 1746 472 1781 esee
487 1745 530 1795 per
550 1744 574 1781 se
593 1729 740 1792 consequitur
755 1729 785 1777 ad
802 1728 914 1780 formam.
935 1734 965 1781 Et

152 1806 231 1855 eadem
244 1804 300 1854 ratio
313 1806 388 1867 esset,
401 1802 421 1853 si
434 1806 555 1867 poneretur
566 1801 690 1865 mmposna
702 1813 732 1848 ex
745 1800 845 1862 quadarn
862 1804 964 1853 materia

153 1876 275 1940 spirituaii,
286 1880 312 1925 ut
327 1875 417 1939 quidum
432 1875 523 1933 dicunt;
536 1872 589 1937 quic
606 1872 644 1922 itta
658 1868 752 1921 moena
768 1883 816 1919 uon
828 1876 865 1921 est
877 1870 906 1922 in
922 1889 964 1937 po

153 1948 224 1997 tentia
242 1948 271 1997 ad
283 1946 350 1996 atium
367 1947 475 2009 formam,
490 1944 550 1995 sicut
563 1957 607 1995 nec
619 1941 712 1993 materia
728 1940 830 1991 caelestis
844 1946 962 2005 corporis;

154 2020 254 2085 alioquin
270 2019 346 2069 anima
363 2022 425 2069 esset
447 2016 607 2081 comnptibitis.
622 2016 687 2066 Unde
707 2013 769 2064 ontio
792 2013 862 2064 modo
880 2016 961 2067 anima

154 2094 230 2157 potest
245 2091 293 2141 teri
308 2104 337 2143 ex
352 2090 446 2141 materia
459 2087 608 2153 praejacente.

185 2164 217 2213 Ari
229 2163 352 2213 secundum
362 2162 491 2225 dicendum,
501 2158 564 2224 quod
572 2163 649 2210 actum
658 2156 746 2209 exemi
759 2158 787 2207 de
796 2158 904 2221 potenfiu
915 2176 964 2211 mu-

154 2235 227 2299 teris,
237 2234 295 2284 ninii
307 2234 410 2285 alindest
421 2233 488 2297 quim
500 2231 584 2295 aliquid
598 2231 647 2281 tieri
657 2230 682 2280 in
696 2232 747 2279 aeiu
759 2230 821 2293 quorl
831 2230 899 2294 priirs
912 2237 963 2282 erat

154 2306 302 2370 inpotentia.
321 2306 365 2357 Sed
376 2305 430 2369 qnia
450 2298 659 2354 anima'rationalis
672 2316 719 2353 non
737 2302 807 2351 habet
825 2318 878 2353 esee
892 2318 961 2354 sunm

154 2378 286 2443 dependens
302 2378 315 2429 i
329 2377 422 2428 inebria
438 2374 565 2441 corporali,
577 2377 617 2426 seri
632 2375 701 2425 babet
712 2388 762 2423 esse
778 2374 907 2425 srrnsisrens
918 2415 926 2439 ,
939 2383 963 2425 et

153 2449 243 2502 excedit
264 2450 411 2515 capacitatem
429 2447 529 2498 materie
543 2446 680 2512 corporalis,
696 2447 722 2495 ut
737 2444 805 2508 suprir
824 2445 912 2497 dictum
928 2452 963 2497 est

156 2522 164 2587 ζ
170 2537 208 2587 qu.
224 2526 267 2586 75,
280 2526 322 2572 art.
334 2520 373 2585 t),
385 2523 504 2585 propterea
519 2530 565 2569 non
576 2518 678 2570 educitur
691 2517 720 2567 de
729 2516 831 2581 potentia
847 2518 958 2568 materie.

186 2596 219 2646 td
232 2596 321 2645 tertium
332 2593 460 2655 dicendum,
470 2590 530 2656 quod
542 2604 589 2640 uon
600 2596 634 2642 est
647 2590 721 2640 simite
731 2589 758 2638 rie
767 2588 845 2638 anima
855 2590 959 2640 rationaii

154 2671 179 2718 ct
189 2669 217 2717 ric
227 2667 277 2717 aliis
288 2664 375 2726 tonnis,
391 2666 415 2713 ut
424 2663 509 2715 dictum
520 2665 564 2712 est.
