1984 3309
170 209 174 216 ,
214 199 244 238 ns
260 199 362 238 remoror
378 199 525 240 coenonesis
540 200 680 240 murena.
800 191 844 239 titt

43 277 127 328 maius
152 277 247 328 uostms.
266 279 324 341 Ergo
344 277 434 329 videtur
464 278 526 342 qudd
555 279 645 342 possint
667 277 798 342 imprimere
821 280 846 330 in

42 351 134 402 animas
149 353 249 414 amires,
259 353 283 401 ot
297 349 330 402 sic
339 363 433 402 causme
447 355 510 402 actus
522 353 642 402 humanos.

74 425 98 472 2.
111 424 237 485 preterea,
248 435 317 474 omne
328 423 467 479 multiforme
476 424 592 474 reducitur
599 423 624 473 in
633 424 725 488 siquod
732 425 845 475 uniforme

43 494 194 558 principium.
204 495 248 544 Sed
261 497 326 545 actus
339 494 435 546 humani
445 495 568 546 cantuarii
578 505 603 545 et
615 495 776 546 multiformes.
788 497 846 559 Ergo

43 566 133 618 ridetur
144 565 206 630 qudd
224 566 360 616 reducantur
375 567 399 616 in
413 566 538 618 uniformes
555 571 631 618 motus
647 566 773 618 caelestium
796 579 846 617 cor·

42 651 134 698 porum,
149 637 211 687 sicat
222 637 246 686 in
261 650 301 687 sua
317 637 439 701 principia.

76 713 98 758 ³.
115 709 244 772 preterea,
260 709 366 772 astrologi
383 709 511 772 frequenter
523 722 579 759 uera
587 709 726 760 annuntiant
734 710 763 760 de
776 723 847 761 even-

41 780 101 830 tibus
115 781 228 831 beliorum
237 783 261 831 et
274 780 325 832 atila
337 781 444 832 humanis
454 780 555 843 scamus,
567 794 664 844 quorum
672 779 783 846 principia
792 786 847 832 sunt

42 851 175 902 intellectus
188 853 212 902 et
223 851 337 902 voluutas.
348 851 413 908 Quod
426 852 501 904 faeere
514 865 561 902 nou
572 856 678 916 possent,
689 852 735 902 nisi
745 853 846 902 caelestia

42 935 136 986 corpora
156 925 235 972 essent
251 923 400 975 humanorum
418 926 509 972 actuum
523 934 600 972 causa.
615 922 675 972 Sunt
684 935 739 985 ergo
751 935 845 986 corpore

41 993 305 1048 coelestiahumauorum
318 996 411 1042 actuum
423 1006 502 1044 cansa.
743 988 753 1006 “

71 1065 116 1116 Sed
127 1068 206 1116 contra
217 1067 267 1124 est,
278 1065 339 1128 quod
352 1065 506 1116 damascenus
516 1064 584 1126 dicit,
597 1065 656 1128 qndd
667 1082 681 1112 u
690 1078 785 1129 mrpora
799 1079 845 1115 cue·

40 1135 106 1186 leslia
120 1137 276 1185 humanorum
290 1139 382 1186 actuum
395 1147 537 1200 nequaquam
551 1140 605 1187 sunt
618 1149 694 1186 cause.
712 1154 724 1182 s

72 1207 346 1272 (conoessum—Cim
366 1207 493 1261 intellectus
514 1211 539 1258 et
557 1208 676 1269 uoluntas,
694 1221 745 1270 quae
767 1209 847 1257 hnma-

44 1292 124 1330 norum
139 1284 232 1328 ameum
242 1278 430 1343 principissam,
444 1279 560 1344 corporeis
572 1278 735 1341 organismos
750 1278 846 1340 adipatae

43 1348 137 1400 minime
148 1351 210 1414 sint,
226 1349 273 1401 non
289 1354 386 1415 possunt
401 1363 495 1414 corpora
511 1352 564 1413 ipse
578 1349 679 1401 micetio
694 1350 845 1398 humanorum

44 1425 136 1472 actuum
154 1435 231 1472 causac
249 1421 334 1472 directe
352 1435 417 1485 csse,
429 1423 468 1472 sed
485 1419 608 1482 indirecte,
623 1419 711 1486 agendo
730 1432 772 1482 per
783 1432 808 1469 se
821 1418 846 1469 in

43 1507 154 1557 corpora,
172 1507 225 1556 qua
239 1491 268 1542 nd
281 1491 398 1556 utriusque
411 1493 520 1557 potentiue
533 1505 602 1556 opera
612 1490 766 1552 conducunt.)

74 1565 214 1630 despondeo
237 1563 371 1625 dicendum,
394 1563 454 1628 quid
477 1577 570 1629 corpora
589 1562 691 1614 coelcstia
708 1561 734 1611 in
752 1573 846 1625 corpora

45 1636 135 1699 quidem
156 1635 292 1700 imprimunt
307 1633 391 1685 directo
412 1639 435 1685 et
451 1649 491 1699 per
509 1649 547 1698 se,
568 1635 627 1685 sicut
641 1635 690 1698 Jam
708 1633 793 1684 dictum
811 1635 846 1683 est

47 1708 106 1770 (art.
119 1711 133 1757 3
144 1708 163 1771 ),
174 1705 269 1757 inrircs
278 1709 353 1756 autern
365 1705 454 1769 anime,
464 1710 788 1770 queruntuctusoreuuorun
796 1717 846 1755 cor-

45 1793 178 1841 poreorum,
189 1791 235 1829 nou
246 1777 331 1828 fincte
341 1778 446 1842 quidem,
456 1779 496 1829 sed
505 1793 546 1841 per
557 1778 674 1841 accideus3
685 1778 738 1842 quia
749 1789 845 1827 necesse

46 1857 79 1900 est
94 1849 230 1916 hujusmodi
248 1856 312 1900 actus
330 1849 409 1900 harum
432 1850 583 1913 potentiarum
600 1848 705 1912 impediri
721 1846 846 1898 maruntium

46 1922 207 1987 impedimenta
228 1935 363 1984 organorum
384 1938 389 1971 :
411 1921 471 1972 sicut
490 1922 570 1972 oculus
593 1922 697 1970 turbatus
720 1932 768 1969 nou
788 1917 848 1968 ient

47 1994 113 2044 viriet.
127 1995 193 2044 Unde
213 1993 232 2044 si
250 1991 379 2042 intellectus
397 1997 420 2042 et
438 1994 545 2044 uoluntas
560 1996 638 2043 esseut
655 1991 715 2040 vires
730 1991 847 2052 corporeis

48 2065 136 2128 organis
146 2065 243 2128 alligatae
254 2064 319 2127 (sicut
328 2068 452 2128 posuerunt
461 2063 531 2127 aliqui
540 2062 638 2114 dicentes
648 2061 709 2127 quod
716 2061 845 2110 intellectus

48 2148 90 2185 nou
106 2136 185 2188 differt
201 2133 308 2198 aseusu)
319 2172 325 2196 ,
337 2147 365 2184 au
378 2134 514 2186 necessitate
530 2136 663 2196 sequeretur
676 2131 738 2196 quod
753 2141 847 2192 corpora

48 2208 147 2259 colestia
165 2212 243 2258 essent
263 2219 333 2257 aalma
350 2207 485 2257 electionum
499 2209 523 2255 et
539 2209 630 2255 ameum
645 2205 804 2253 humanorum.
817 2201 846 2250 Et

48 2291 74 2326 cr
91 2281 135 2330 doc
152 2281 285 2342 sequeretur
298 2277 357 2341 qudd
374 2278 442 2327 homo
457 2275 554 2325 naturali
569 2274 678 2324 instinctu
695 2276 799 2338 ageretur
817 2274 845 2323 ad

49 2364 96 2402 suas
108 2351 227 2414 dodones,
238 2349 296 2399 sicut
312 2353 392 2399 catera
407 2348 528 2408 arimatia,
542 2347 565 2396 in
579 2346 661 2410 quibus
676 2359 722 2397 nou
735 2345 846 2396 suutnisi

50 2423 105 2474 uires
120 2423 204 2474 animae
219 2420 333 2485 corporeis
344 2420 434 2482 organis
449 2419 553 2482 alligate.
570 2419 626 2469 fiam
642 2417 697 2468 illud
713 2419 771 2481 quod
786 2417 810 2466 fit
821 2417 846 2466 in

50 2492 94 2544 istis
103 2493 252 2546 inferioribus
265 2505 293 2542 eu
305 2490 454 2555 impressione
467 2504 586 2554 corporum
604 2488 744 2551 coelestium,
754 2492 846 2538 uatum-

51 2563 96 2618 liter
107 2567 190 2631 agitur.
204 2565 232 2615 Et
242 2566 275 2615 iia
285 2567 417 2627 sequoretur
426 2561 486 2627 quod
496 2560 564 2633 hdupo
576 2576 623 2612 nou
635 2565 695 2614 esset
709 2558 774 2610 liberi
787 2559 846 2610 arbi-

53 2639 98 2703 lrii;
117 2639 158 2690 sed
175 2638 270 2688 haberet
287 2636 386 2685 actiones
403 2634 579 2697 determinatas,
591 2634 650 2683 sicut
663 2636 687 2682 et
705 2636 793 2682 caterae
811 2645 847 2682 res

52 2711 168 2762 naturales.
181 2712 236 2770 011ae
250 2707 370 2758 manifeste
384 2709 438 2756 suut
449 2705 845 2767 falsasetconserrationilrumauae

55 2784 171 2834 contraria.
181 2781 304 2835 mendum
314 2783 350 2830 est
361 2783 449 2842 tamen,
462 2777 523 2840 qnid
538 2775 649 2827 indirecte
657 2780 681 2826 ct
692 2788 734 2839 per
741 2773 846 2823 accidens

54 2852 211 2917 impressiones
220 2865 339 2916 corporum
351 2850 475 2904 coelestium
486 2849 514 2897 ad
524 2847 667 2898 intellectum
675 2850 699 2896 ct
706 2845 847 2895 uoluntatem

54 2926 159 2985 pertinere
175 2928 286 2994 possum,
300 2923 325 2974 in
340 2926 450 2986 onmium
469 2919 557 2972 scilicet
574 2923 622 2971 mm
632 2916 761 2968 intellectus
777 2911 846 2976 quam
