1984 3309
190 158 222 194 ns
239 156 404 197 »tonnerronrx
419 158 536 197 nonnosus
550 160 619 199 rursu
633 160 744 199 munero.
821 152 868 201 tu

69 234 166 285 hominis
183 233 248 299 prins
261 238 361 299 temporo
376 234 510 295 turmarum,
526 239 550 286 et
569 237 712 300 postmodum
730 238 807 289 Deam
820 238 869 288 for-

69 310 126 357 mato
133 307 185 368 jam
199 306 290 371 corpori
300 306 398 359 animam
411 305 531 360 infudisse.
543 308 589 359 sed
601 310 679 358 eontra
689 308 800 360 rationem
815 323 868 373 per·

67 378 168 429 lectionis
179 376 259 442 prirnae
271 377 422 428 institutionis
433 392 509 428 rerum
521 382 569 439 est,
578 380 639 443 quod
650 381 728 441 Deus,
737 381 773 430 uel
786 394 868 446 oorpns

67 448 114 499 sine
129 450 205 499 anima
215 488 222 512 ,
234 450 269 499 vel
288 450 387 499 animaru
401 449 451 499 siue
464 464 557 515 corpore
572 450 665 514 lecerit,
675 450 727 501 edm
743 456 864 520 utrumque

66 522 93 570 sit
103 534 155 585 pars
165 524 271 571 humana
283 524 379 571 natrrra.
392 522 420 571 lit
430 522 473 573 hnc
486 522 556 573 etiam
570 527 605 574 est
613 523 687 587 magis
700 522 866 575 inconveniens

66 594 91 642 de
107 606 204 658 corpore
220 594 280 655 qnod
297 594 411 657 dependet
428 608 458 645 ex
472 594 561 655 animo,
578 598 601 644 et
615 607 660 644 non
678 594 822 646 econverso.
837 597 865 645 lit

64 666 127 727 idco,
142 666 171 715 ad
187 666 232 717 hoc
244 665 411 715 excludendum
424 666 515 730 quidam
529 671 664 731 posuerunt,
679 666 740 732 quod
749 666 800 717 mm
809 668 865 718 dici-

64 740 98 787 tur
112 754 119 787 :
135 755 149 785 u
161 736 281 788 Fumarit
295 738 355 787 [leus
365 738 495 801 homiuem3
510 736 668 800 »intelligitur
682 736 800 802 productio
817 753 866 790 cor·

65 810 122 871 poris
136 808 207 859 simul
222 822 274 858 eum
285 809 369 858 anima.
388 808 452 867 Quod
465 813 541 859 antem
555 808 644 858 additur
661 811 736 859 :ulit
745 808 867 874 inspirarit

65 879 182 931 inluuiem
193 879 247 944 ejus
259 879 399 943 spiraculum
410 880 473 942 ritae,
485 879 620 943 intelligitur
630 882 658 930 de
670 879 757 944 Spiritu
770 884 863 945 mueto3

67 951 119 1000 sient
130 955 153 1003 et
165 951 278 1001 Dominus
290 949 417 1001 insultavit
426 952 451 1000 in
462 952 599 1014 Apostolos,
616 952 694 1002 dicens
713 968 720 998 ε
736 970 749 999 u
762 952 864 1017 decipite

66 1022 167 1086 Spiritum
181 1025 286 1072 sanctum
299 1060 306 1082 ,
320 1039 334 1069 n
347 1024 429 1079 Jonu„
446 1024 496 1073 XX.
510 1024 555 1075 Sed
572 1025 621 1073 lunc
633 1022 760 1087 expositio,
773 1027 798 1073 ut
809 1022 865 1075 dicit

64 1096 201 1157 Augustinus
211 1094 237 1143 in
248 1093 288 1143 lin.
300 1094 335 1142 De
346 1094 425 1144 cinit.
439 1096 483 1143 nei
494 1094 543 1156 (lin.
554 1098 594 1154 13,
602 1108 654 1157 cap.
664 1093 726 1159 in),
737 1095 865 1145 excluditur

62 1180 100 1229 per
113 1168 186 1218 umba
200 1166 333 1230 Scripturas.
347 1167 404 1216 Nam
418 1166 522 1216 subditur
535 1166 563 1215 ad
576 1166 684 1230 predicta
700 1181 705 1215 :
723 1182 737 1213 u
749 1168 778 1217 Et
791 1166 865 1217 faetus

62 1240 175 1290 esthemo
187 1237 324 1288 inanimam
338 1236 460 1287 viventem.
470 1252 483 1283 n
496 1237 562 1295 Quod
576 1238 697 1300 Apostolus
707 1237 731 1296 l,
745 1237 781 1287 od
792 1240 863 1298 Cor„

62 1312 107 1374 lu,
117 1325 164 1361 non
177 1312 206 1361 ad
218 1309 290 1359 vitam
300 1308 455 1373 spiritualem,
469 1309 510 1359 sed
524 1310 551 1364 ad
566 1308 636 1357 vitam
650 1307 772 1358 animalem
783 1309 862 1361 refert.

61 1384 101 1433 Per
109 1383 252 1449 spiraculum
264 1395 319 1445 ergo
335 1380 386 1431 rita
399 1380 534 1445 intelligitur
546 1381 635 1440 anima,
648 1382 673 1429 nt
688 1378 720 1430 sic
735 1382 794 1444 quod
805 1380 862 1438 dici·

61 1458 109 1505 tur:
127 1472 142 1505 u
156 1453 284 1519 lnspiravit
298 1450 323 1503 iu
338 1452 418 1503 faeiem
430 1453 481 1517 ejus
498 1452 637 1516 spiraculum
651 1451 704 1501 ritu
714 1468 744 1512 ,n
755 1450 787 1503 sit
797 1453 864 1517 quiesi

59 1528 172 1593 expositio
195 1527 248 1590 ejus
270 1525 331 1589 quod
357 1525 513 1588 praeuriserat3
535 1537 587 1574 narn
610 1522 686 1576 anima
704 1527 740 1573 est
762 1525 864 1591 corporis

58 1601 138 1655 forma.

85 1673 119 1723 Ad
137 1675 247 1736 quartum
264 1669 397 1729 dicendum,
411 1667 470 1733 qrrdd
488 1668 542 1733 quia
556 1667 700 1733 operationes
719 1667 773 1719 ritae
793 1669 865 1735 inagis

58 1745 236 1797 manifestantur
249 1742 272 1792 in
285 1742 342 1793 facie
355 1740 470 1805 huminis,
484 1745 576 1808 propter
588 1754 667 1791 sensns
680 1738 713 1793 ibi
725 1739 859 1803 existentem

57 1817 103 1869 ideo
116 1815 176 1867 dicit
190 1814 216 1863 iu
230 1812 314 1865 facicm
325 1812 423 1865 huminis
438 1812 572 1877 inspiratum
584 1825 634 1862 esse
647 1811 785 1876 spiraculum
797 1811 861 1865 situ.

84 1890 117 1939 ld
132 1886 244 1951 quintum
257 1882 390 1947 dlonudum,
406 1882 466 1947 quiid
482 1885 606 1935 secundum
618 1882 770 1947 nngusdnun
785 1882 861 1935 omnia

58 1973 122 2023 opera
133 1974 175 2011 sex
187 1957 279 2009 dierum
286 1956 354 2007 simrd
361 1960 415 2010 suut
424 1955 490 2005 laetu.
499 1955 563 2006 Unde
570 1954 667 2008 animam
677 1952 745 2018 primi
752 1952 860 2016 hominis,

58 2046 120 2093 quarn
131 2029 201 2095 ponit
213 2029 283 2079 simul
294 2026 378 2079 iactam
388 2040 440 2077 oum
454 2026 560 2090 angelis,
576 2041 622 2080 uon
636 2025 700 2089 ponit
714 2024 798 2077 lacum
809 2028 861 2075 anm

58 2110 146 2157 scutum
159 2101 239 2164 diem3
256 2100 296 2150 sed
311 2098 336 2149 in
349 2098 398 2163 ipso
410 2102 474 2150 sexto
487 2098 524 2148 die
535 2096 600 2162 ponit
616 2111 666 2149 esse
677 2096 761 2148 laetam
774 2098 798 2145 et
811 2094 860 2146 ani·

59 2188 114 2227 nam
126 2172 199 2239 primi
210 2170 312 2223 hominis
322 2170 346 2221 in
360 2175 428 2231 actu,
441 2172 465 2221 et
475 2182 557 2233 corpus
567 2170 618 2232 ejus
629 2168 754 2218 seeundum
763 2165 863 2217 rationes

59 2247 168 2297 canones.
191 2244 239 2293 ulii
253 2241 307 2292 uero
323 2242 430 2292 Doctores
448 2244 552 2303 ponunt,
567 2243 591 2291 et
604 2238 718 2299 mutans,
737 2241 760 2289 et
779 2251 863 2305 corpus

59 2317 157 2369 luminis
169 2317 259 2367 lactum
272 2316 337 2365 sexto
350 2312 386 2363 dio
400 2312 425 2365 iu
439 2316 499 2363 actu.
