1984 3309
125 172 171 220 tls
311 179 372 218 uns
387 180 409 228 ι,
424 177 518 224 ouusrv
535 177 613 228 xcvu,
630 175 689 218 aar.
700 177 733 216 rr.

123 257 210 323 gratia.
219 259 249 308 llt
255 256 360 321 quamuis
368 256 463 320 gratiam
469 255 636 322 recuperaverit
645 255 674 306 ad
682 255 842 308 remissionem
852 255 925 322 culpa

124 334 148 380 et
157 330 261 380 meritum
273 329 364 393 gloriar,
374 342 421 379 uou
431 332 507 379 tamm
518 329 546 378 ad
562 327 652 378 amissus
664 327 844 378 immortalitatis
854 329 924 380 oliuo

123 407 181 452 tum.
191 400 239 451 Hoc
250 401 312 450 euim
320 401 476 452 reservabatur
484 398 587 462 Christo,
597 413 639 466 per
648 413 715 463 quom
726 403 813 451 uabrrae
823 400 926 454 deiectus

123 473 149 523 iu
161 472 243 522 melius
255 471 393 537 reparandus
406 475 470 535 erat,
482 473 508 521 ut
519 470 581 520 iulrb
592 469 680 522 dicetur
695 471 751 535 (lli.
770 475 842 536 part,
853 486 894 536 qu.
903 476 925 536 l,

123 547 167 595 art.
179 543 222 608 2).

154 617 187 666 bd
198 617 302 679 quartum
311 615 440 679 dicendum,
451 614 511 680 qudd
521 615 595 666 differt
608 615 765 666 immortalitas
774 617 866 682 gloriae,
875 631 926 682 quau

124 689 263 754 promittitur
286 688 311 739 iu
328 689 462 752 praemium,
478 689 506 738 ab
525 687 693 740 immortalitate
713 703 764 754 quae
779 689 824 738 luit
840 689 928 742 bomini

123 761 204 811 collata
220 761 245 810 iu
262 763 321 812 statu
338 760 485 811 innocentius.

419 923 577 974 armodius
592 923 622 973 ll.

185 1041 270 1085 utrum
284 1041 352 1085 domo
366 1039 392 1083 iu
405 1041 471 1082 statu
487 1038 627 1083 innocentior
635 1038 722 1094 sitisset
734 1040 866 1096 passibilis.

155 1161 188 1210 lid
202 1159 327 1210 secuudum
338 1158 372 1208 sio
380 1158 509 1221 proceditur
518 1157 562 1222 (l).
572 1157 668 1208 Videtur
676 1156 734 1221 qudd
747 1159 818 1209 bomo
827 1159 852 1210 iu
864 1163 926 1210 statu

122 1233 257 1284 iuuouentiae
270 1231 352 1282 fuisset
364 1228 489 1294 passibilis.
505 1229 595 1279 Soutiro
615 1229 675 1280 ouiru
690 1234 725 1280 ost
739 1229 788 1294 pati
799 1232 926 1294 quoddam.

123 1306 166 1355 Sed
179 1307 247 1356 bomo
260 1304 286 1353 iu
300 1306 360 1353 statu
373 1300 512 1352 iuuoooutiao
526 1300 607 1351 fuisset
624 1299 748 1350 sensibilis.
764 1302 824 1364 Ergo
842 1303 926 1354 luisset

122 1375 247 1440 passibilis.

154 1451 178 1497 a.
193 1451 305 1498 Pratum
309 1483 318 1509 ,
326 1459 419 1496 somnus
432 1444 509 1508 passio
519 1445 622 1508 quaedam
635 1447 679 1496 est.
689 1443 735 1497 Sed
745 1445 815 1496 homo
830 1446 854 1495 iu
865 1449 927 1498 statu

124 1519 260 1570 iuuoouutiu
274 1517 431 1578 dormivisset,
445 1515 576 1569 seouuddm'
586 1515 642 1567 illud
658 1519 730 1578 Gen,
741 1517 763 1566 ll
780 1525 786 1567 ἱ
804 1535 818 1566 «
830 1519 930 1571 liumisit

123 1593 183 1642 beus
196 1603 301 1653 soporem
309 1589 334 1638 iu
347 1589 426 1638 balam.
437 1605 451 1635 u
466 1589 525 1652 llrgo
540 1588 623 1638 luisset
631 1589 754 1652 passibilis.

155 1668 178 1711 3.
194 1664 318 1721 Praeterea,
329 1660 413 1710 ibidem
427 1660 546 1724 subditur,
561 1659 622 1724 qubd
637 1678 651 1708 o
665 1661 717 1710 tulit
727 1673 797 1711 uuam
811 1663 839 1712 de
853 1665 927 1714 ousiis

123 1735 181 1798 ejus.
192 1748 207 1778 u
221 1733 280 1796 Ergo
290 1731 375 1781 luisset
384 1731 513 1794 passibilis,
529 1732 598 1781 etiam
607 1746 650 1796 por
663 1731 828 1782 abscissionem
841 1734 925 1797 partis.

155 1809 177 1855 t.
186 1807 399 1867 Pratoroa,oorpus
408 1804 510 1854 bominis
521 1804 587 1866 molle
600 1805 650 1853 luit.
660 1804 704 1854 Sed
714 1803 927 1856 mollonatumlitsr

123 1878 237 1942 passivum
256 1878 292 1926 ost
308 1875 397 1926 aduro.
412 1877 471 1940 Ergo
489 1875 510 1925 si
523 1875 613 1938 corpori
627 1875 696 1939 primi
712 1876 812 1926 bominis
828 1877 928 1928 obuium

122 1950 203 2001 fuisset
219 1950 310 2013 aliquod
323 1960 405 2012 corpus
423 1949 518 2012 durum,
539 1947 566 1997 ab
580 1961 607 1998 eo
625 1961 718 2011 passum
734 1947 831 2014 luisset3
847 1953 873 2000 et
890 1951 925 2001 sio

122 2024 207 2088 primus
223 2024 292 2072 bomo
303 2020 348 2070 luit
362 2019 487 2084 passibilis.

154 2095 199 2144 Sed
213 2097 291 2144 contra
304 2096 355 2155 est,
369 2091 424 2156 quia
441 2091 461 2141 si
476 2091 557 2144 fuisset
573 2092 698 2156 passibilis,
714 2092 796 2142 luisset
810 2095 925 2159 corrupti-

122 2166 176 2217 bilis
186 2183 192 2216 ε
208 2166 261 2230 quia
275 2165 373 2228 «passio
385 2163 459 2228 magis
469 2165 530 2214 laeta
542 2165 621 2230 abjicit
631 2165 644 2214 b
654 2165 781 2215 substantia
790 2163 834 2230 (θ).
844 2183 859 2213 u

156 2327 191 2393 (1)
206 2333 238 2377 lte
246 2331 282 2376 bis
290 2331 360 2376 etiam
371 2331 393 2374 iu
403 2329 434 2387 Π,
444 2329 523 2379 Serri„
533 2329 585 2376 dist.
599 2329 642 2388 19,
653 2335 695 2376 art.
707 2327 734 2384 ³5
748 2335 773 2374 ut
784 2334 809 2375 ot
817 2331 871 2378 dist.
882 2331 922 2392 23,

123 2409 163 2452 qu.
174 2395 198 2452 ὃ,
209 2400 253 2438 art.
264 2393 291 2443 3:
303 2399 327 2438 ot
337 2395 418 2437 iterum
431 2393 484 2436 dist.
495 2392 535 2450 29,
549 2397 592 2438 art.
604 2394 659 2437 itum
671 2393 695 2440 3.
907 2394 909 2402 '

157 2461 324 2527 (amantur
340 2461 922 2524 optumumsturcriurtttoruumutatu.
986 2457 987 2542 t

123 2537 185 2592 Quod
203 2537 326 2580 modernus
337 2536 449 2592 iirtorpres
461 2535 531 2582 vortit
549 2537 560 2580 t
577 2540 640 2580 stulu
656 2548 701 2580 suo
714 2541 833 2581 naturum
845 2538 924 2583 dimo·
986 2543 987 2564 ¹

122 2612 193 2651 oum
210 2599 386 2655 passionumque
411 2599 484 2654 magis
509 2598 593 2644 lautum
616 2599 793 2657 amplificatum
811 2599 924 2658 affectum
986 2575 987 2620 ἒ

122 2659 208 2714 reddin
220 2667 246 2704 ut
254 2674 307 2718 sap.
319 2660 419 2706 svidero
427 2668 471 2706 ost.
481 2661 552 2706 Porrd
561 2662 639 2718 passio
648 2662 720 2718 magis
731 2661 792 2706 lautu
806 2660 861 2723 (uel
872 2675 924 2721 qum
986 2691 987 2714 2

123 2725 149 2770 lit
160 2725 232 2781 magis
242 2737 272 2770 ex
284 2735 358 2781 graeoo
369 2725 456 2791 μᾶλλον
464 2721 599 2794 perpetuu),
614 2723 747 2782 intelligitur
763 2725 925 2772 vehementior
986 2723 987 2726 ’

125 2797 236 2854 quadam,
248 2797 286 2840 vul
305 2795 396 2839 intonsa
412 2797 504 2852 passio,
525 2807 577 2851 quus
596 2798 725 2854 subjectum
742 2801 807 2853 ostra
824 2799 922 2856 proprius

124 2858 259 2904 substautias
280 2858 391 2905 terminos
413 2857 546 2919 substituit,
565 2859 601 2904 uel
623 2865 708 2906 statum
726 2861 777 2915 eius
794 2863 925 2908 naturalem
986 2887 987 2896 ÷

125 2923 237 2968 immutat.
247 2924 296 2968 Hoo
307 2921 368 2967 euim
376 2933 450 2979 gusua
458 2922 548 2979 phrasis
557 2935 603 2979 prau
615 2935 640 2968 se
650 2923 694 2969 lert
703 2927 727 2968 et
735 2922 824 2970 iudicat
831 2924 922 2982 planitas
