1984 3309
140 171 185 218 tat
358 176 420 216 eno
438 177 460 225 r,
476 174 571 220 ouusr.
588 175 616 224 c,
632 173 687 212 err.
704 175 721 210 r.

138 260 165 306 ut
179 268 232 306 cum
244 252 336 317 justitia
348 251 452 315 origindi
470 252 516 302 toti
536 250 622 317 speciei
634 249 748 300 divinitus
763 249 817 300 deta
831 246 936 300 hemines
979 312 980 373 1

138 323 309 389 nascerentur.)

170 397 305 462 Respondeo
325 397 461 459 dandum,
474 396 535 461 qnod
556 395 689 447 naturaliter
702 396 772 446 homo
786 397 880 457 general
897 395 938 444 sihi
979 387 980 410 ³

140 470 213 522 simile
232 469 356 521 secundlrm
367 469 476 534 speciem.
490 470 555 520 llnde
569 481 710 534 quecunque
722 467 849 517 accidentia
861 479 940 518 cunse-

139 547 240 608 quuntur
255 547 359 592 naturam
373 541 475 605 speciei,
488 541 514 590 in
523 541 561 591 nis
570 553 663 590 neeesse
679 537 788 602 estquod
804 537 846 588 tilii
861 552 942 602 pareo-

140 616 202 665 tibus
220 614 366 675 similentur,
380 613 426 663 uisi
443 614 473 664 eit
488 626 550 664 error
563 612 588 662 iu
602 611 734 676 operatione
746 613 849 673 nature,
864 611 906 674 qui
920 611 942 658 in
980 649 981 662 r

141 691 203 737 statu
214 685 352 737 innocentie
363 699 409 736 nou
419 686 508 736 luisset.
523 686 550 734 ln
563 683 717 734 accidentibus
725 686 802 733 autem
813 683 942 734 indiuidua·
980 683 981 740 ξ

139 758 198 808 lilrm
213 770 261 808 neu
277 761 314 808 est
323 771 417 808 necesse
430 755 489 820 quod
505 755 546 805 ilii
557 755 689 821 perentibus
700 754 838 806 similentur.
853 756 943 807 lustitia

140 833 219 880 autem
233 829 358 892 originalis,
369 828 394 877 in
407 841 453 892 qua
463 827 552 890 primns
561 827 630 876 homo
644 825 750 876 conditus
758 825 817 890 tuit,
828 825 874 877 luit
888 827 945 877 acci-

141 901 199 950 dens
215 906 302 951 nature
311 899 408 964 speciei,
419 912 467 949 non
475 897 541 962 quasi
552 911 581 948 er
590 896 710 962 principiis
722 897 807 962 speciei
817 902 943 958 causatum,

142 974 183 1023 sed
192 971 281 1023 tantini
293 973 353 1023 sicut
364 972 476 1036 quoddam
490 972 574 1021 donum
585 969 694 1021 divinitus
706 969 782 1020 datum
794 970 840 1020 toti
850 975 944 1022 nature.

142 1045 171 1094 lit
180 1046 225 1095 lnoo
238 1047 345 1108 apparet,
361 1043 415 1106 quia
428 1043 531 1106 opposita
545 1044 599 1092 eunt
611 1041 681 1090 unius
701 1041 803 1104 generis.
823 1043 945 1093 Peccatum

142 1120 219 1167 numm
231 1115 348 1180 originale,
360 1113 421 1178 quod
429 1115 553 1178 opponitur
565 1111 599 1164 illi
609 1112 723 1177 justitie,
738 1111 820 1163 dicitur
829 1127 883 1165 esse
894 1129 946 1179 pec·

142 1191 219 1237 catum
237 1190 325 1238 nature
342 1203 348 1236 z
366 1187 426 1237 uude
443 1185 571 1236 traducitur
592 1184 713 1249 aparente
730 1184 755 1233 in
776 1189 893 1248 posteros.
921 1189 947 1236 Et

142 1263 234 1323 propter
248 1260 291 1309 boc
303 1258 373 1308 etiam
390 1257 431 1307 lilii
443 1255 576 1320 parentibus
589 1253 707 1308 assimilati
721 1253 820 1305 luissent
837 1262 947 1320 quantum
982 1311 983 1332 χ

143 1331 172 1380 ad
185 1329 318 1394 originalem
326 1329 447 1394 justitiam.

175 1403 209 1452 lm
218 1402 379 1466 primumergo
392 1399 526 1461 dicendum,
541 1397 601 1463 qndd
611 1397 707 1448 verbnm
717 1397 822 1460 lingonis
835 1402 873 1450 est
882 1400 949 1452 intel·

143 1474 260 1538 ligendum
271 1487 317 1524 uon
330 1476 440 1536 quantum
452 1471 481 1520 ad
494 1470 597 1521 habitum
608 1469 722 1534 justitia,
736 1470 776 1520 sed
794 1476 910 1534 quantum
923 1475 949 1522 ad

144 1544 302 1596 executionem
315 1547 379 1594 actus
394 1543 439 1609 (l).

176 1617 211 1666 ld
222 1616 349 1666 secundnm
365 1614 500 1678 dicendum,
516 1613 577 1679 quod
595 1613 686 1678 quidum
701 1612 780 1664 dicum
801 1613 864 1678 qudd
887 1614 952 1682 pueri
983 1645 984 1685 r

145 1701 192 1738 non
208 1687 307 1738 inissem
316 1685 365 1736 uati
375 1699 427 1736 cum
437 1684 528 1751 justitia
540 1686 651 1749 gratuita,
661 1699 711 1750 qne
723 1689 759 1736 est
769 1687 875 1737 merendi
891 1689 952 1754 prin·
983 1691 984 1714 ¹

145 1758 242 1823 cipium‚
258 1759 300 1808 sed
320 1771 373 1808 eum
386 1758 475 1821 justitia
488 1757 601 1821 originali.
622 1758 667 1808 Sed
681 1757 734 1808 rim
752 1757 818 1808 radix
832 1759 953 1822 originalis

143 1831 250 1895 justitie,
262 1831 287 1880 in
295 1830 363 1893 eujus
373 1828 508 1880 recitudiue
519 1830 592 1880 lactus
607 1831 728 1892 esthemo,
737 1830 851 1882 consistat
861 1830 889 1882 in
901 1833 954 1884 sue

143 1903 243 1969 jectioue
261 1901 428 1966 supernaturali
440 1899 536 1954 rationis
549 1903 576 1952 ad
590 1903 674 1963 ileum,
689 1915 740 1965 que
754 1905 790 1952 est
802 1915 844 1966 per
854 1905 954 1967 gratiam

145 1978 235 2040 gratum
248 1974 379 2036 facientem,
392 1977 419 2022 ut
430 1972 500 2037 sopra
511 1973 595 2024 dictum
609 1977 645 2024 est
659 1975 713 2039 (qu.
729 1978 773 2036 95,
786 1977 830 2024 art.
842 1979 856 2024 l
866 1976 875 2039 )
883 2013 894 2040 ,
912 1990 953 2027 ne·

146 2061 210 2099 cesse
220 2051 257 2097 est
267 2046 350 2108 dicere,
360 2045 422 2109 quod
433 2046 454 2095 si
464 2045 529 2110 pueri
539 2045 587 2095 nuti
594 2044 693 2096 fussent
700 2045 725 2096 in
735 2045 841 2108 originali
848 2047 953 2111 justitia,

146 2118 285 2182 quodetiam
297 2118 346 2168 nati
363 2116 497 2167 fuissentin
513 2116 586 2180 gratia
601 2133 607 2160 z
626 2115 684 2166 sicut
697 2120 721 2166 et
730 2117 758 2166 de
767 2115 844 2180 primo
858 2119 953 2170 homine

145 2189 215 2253 cupri
235 2189 346 2253 diximus,
360 2187 421 2251 quod
441 2188 486 2238 tuit
504 2202 556 2238 cunr
574 2187 646 2251 gratia
663 2188 778 2239 conditus.
800 2189 853 2238 Non
875 2195 954 2242 tamen

144 2259 225 2310 luisset
234 2265 325 2326 propter
335 2262 380 2311 lroc
393 2259 466 2324 gretia
480 2259 590 2310 naturalis
599 2276 606 2325 3
614 2259 667 2326 quia
682 2274 729 2312 non
741 2259 824 2310 luisset
835 2263 954 2314 manatura

179 2403 212 2468 (il
220 2407 288 2462 Quasi
303 2408 410 2452 nimirum
422 2420 468 2452 non
482 2407 514 2452 sic
526 2407 629 2452 heredes
642 2413 744 2464 paternae
753 2407 853 2464 justitie
864 2409 954 2456 tuturus

145 2469 216 2514 dicat.
226 2471 256 2514 Ut
267 2470 372 2514 similiter
380 2473 444 2527 justa
452 2483 522 2526 opera
532 2475 681 2530 exercerent,
690 2471 796 2528 quamvis
806 2470 954 2519 habitualem

142 2532 257 2589 justitium
276 2533 393 2578 nascendo
415 2534 547 2590 acciperent
567 2534 659 2590 qualern
683 2534 786 2579 habebat
804 2533 869 2590 ipse.
891 2536 955 2582 Unde

146 2594 265 2652 subjungit
281 2611 286 2638 :
302 2594 366 2642 Suet
384 2601 463 2642 tameo
482 2597 526 2653 qni
543 2596 646 2642 eredunt
660 2598 781 2642 veraciter
794 2599 954 2644 asserendum

146 2657 211 2716 quod
220 2658 320 2716 primns
334 2659 402 2703 homo
413 2660 436 2704 ai
446 2670 497 2703 oon
506 2663 638 2716 peccasset,
646 2659 728 2705 nullut
742 2659 794 2704 nisi
804 2657 879 2706 bonos
890 2662 955 2719 filios

146 2721 283 2779 genuisset,
295 2724 316 2764 et
330 2719 394 2777 podii
404 2735 472 2767 eremo
483 2723 595 2767 omnium
608 2721 770 2768 donmoretrer
781 2723 826 2779 gni
838 2736 871 2768 en:
881 2725 955 2768 iltius

148 2795 223 2830 ceree
234 2787 404 2846 recurrerentur1
416 2785 479 2838 Quod
490 2784 585 2843 perinde
598 2791 635 2829 est
646 2797 672 2830 ac
686 2795 789 2832 asserere
800 2796 884 2832 omnes
891 2788 953 2842 justa

147 2858 222 2954 &pera
236 2853 374 2893 executuros
390 2847 440 2894 lore
460 2861 502 2905 per
517 2847 648 2906 oppositum
663 2849 691 2895 ad
704 2848 728 2894 id
740 2848 802 2906 quod
822 2849 894 2896 sentit
904 2850 954 2907 ipse

171 2922 225 2965 ugo.
