<?xml version="1.0" encoding="UTF-8"?>
<!DOCTYPE html PUBLIC "-//W3C//DTD XHTML 1.0 Transitional//EN"
    "http://www.w3.org/TR/xhtml1/DTD/xhtml1-transitional.dtd">
<html xmlns="http://www.w3.org/1999/xhtml" xml:lang="en" lang="en">
 <head>
  <title>
</title>
<meta http-equiv="Content-Type" content="text/html;charset=utf-8" />
  <meta name='ocr-system' content='tesseract 3.04.00' />
  <meta name='ocr-capabilities' content='ocr_page ocr_carea ocr_par ocr_line ocrx_word'/>
</head>
<body>
  <div class='ocr_page' id='page_1' title='image "./summatheologica00nicogoog_0356.png"; bbox 0 0 1984 3309; ppageno 0'>
   <div class='ocr_carea' id='block_1_1' title="bbox 172 211 849 261">
    <p class='ocr_par' dir='ltr' id='par_1_1' title="bbox 172 211 849 261">
     <span class='ocr_line' id='line_1_1' title="bbox 172 211 849 261; baseline 0.003 -4"><span class='ocrx_word' id='word_1_1' title='bbox 172 221 204 257; x_wconf 83' lang='lat' dir='ltr'><strong>na</strong></span> <span class='ocrx_word' id='word_1_2' title='bbox 219 218 383 259; x_wconf 81' lang='lat' dir='ltr'><strong>unduncrrona</strong></span> <span class='ocrx_word' id='word_1_3' title='bbox 396 218 513 260; x_wconf 80' lang='lat' dir='ltr'><strong>conannas</strong></span> <span class='ocrx_word' id='word_1_4' title='bbox 525 219 593 261; x_wconf 79' lang='lat' dir='ltr'><strong>sarar</strong></span> <span class='ocrx_word' id='word_1_5' title='bbox 611 211 720 261; x_wconf 73' lang='lat' dir='ltr'><strong>notrum.</strong></span> <span class='ocrx_word' id='word_1_6' title='bbox 803 211 849 261; x_wconf 74' lang='lat' dir='ltr'><strong>ato</strong></span> 
     </span>
    </p>
   </div>
   <div class='ocr_carea' id='block_1_2' title="bbox 42 298 856 3021">
    <p class='ocr_par' dir='ltr' id='par_1_2' title="bbox 43 298 850 503">
     <span class='ocr_line' id='line_1_2' title="bbox 74 298 850 365; baseline 0.009 -21"><span class='ocrx_word' id='word_1_7' title='bbox 74 300 97 345; x_wconf 84' lang='lat' dir='ltr'><strong>a.</strong></span> <span class='ocrx_word' id='word_1_8' title='bbox 109 298 234 358; x_wconf 71' lang='lat' dir='ltr'><strong>preterea,</strong></span> <span class='ocrx_word' id='word_1_9' title='bbox 244 298 313 347; x_wconf 89' lang='lat' dir='ltr'><strong>homo</strong></span> <span class='ocrx_word' id='word_1_10' title='bbox 323 298 374 362; x_wconf 91' lang='lat' dir='ltr'><strong>plus</strong></span> <span class='ocrx_word' id='word_1_11' title='bbox 388 298 456 349; x_wconf 87' lang='lat' dir='ltr'><strong>distat</strong></span> <span class='ocrx_word' id='word_1_12' title='bbox 465 300 478 349; x_wconf 81' lang='lat' dir='ltr'><strong>a</strong></span> <span class='ocrx_word' id='word_1_13' title='bbox 486 301 582 365; x_wconf 85' lang='lat' dir='ltr'><strong>plantis,</strong></span> <span class='ocrx_word' id='word_1_14' title='bbox 594 300 660 365; x_wconf 78' lang='lat' dir='ltr'><strong>quim</strong></span> <span class='ocrx_word' id='word_1_15' title='bbox 674 302 702 351; x_wconf 93' lang='lat' dir='ltr'><strong>ab</strong></span> <span class='ocrx_word' id='word_1_16' title='bbox 713 299 850 351; x_wconf 79' lang='lat' dir='ltr'><strong>animalibus</strong></span> 
     </span>
     <span class='ocr_line' id='line_1_3' title="bbox 43 367 845 436; baseline 0.007 -20"><span class='ocrx_word' id='word_1_17' title='bbox 43 368 123 417; x_wconf 87' lang='lat' dir='ltr'><strong>brutis.</strong></span> <span class='ocrx_word' id='word_1_18' title='bbox 133 367 179 417; x_wconf 89' lang='lat' dir='ltr'><strong>Sed</strong></span> <span class='ocrx_word' id='word_1_19' title='bbox 186 368 271 432; x_wconf 78' lang='lat' dir='ltr'><strong>plante</strong></span> <span class='ocrx_word' id='word_1_20' title='bbox 279 370 364 421; x_wconf 88' lang='lat' dir='ltr'><strong>babent</strong></span> <span class='ocrx_word' id='word_1_21' title='bbox 372 375 481 421; x_wconf 86' lang='lat' dir='ltr'><strong>staturam</strong></span> <span class='ocrx_word' id='word_1_22' title='bbox 486 373 691 436; x_wconf 87' lang='lat' dir='ltr'><strong>reetam‚animaiia</strong></span> <span class='ocrx_word' id='word_1_23' title='bbox 699 378 774 423; x_wconf 90' lang='lat' dir='ltr'><strong>autem</strong></span> <span class='ocrx_word' id='word_1_24' title='bbox 781 373 845 422; x_wconf 85' lang='lat' dir='ltr'><strong>bruta</strong></span> 
     </span>
     <span class='ocr_line' id='line_1_4' title="bbox 43 442 782 503; baseline 0.007 -14"><span class='ocrx_word' id='word_1_25' title='bbox 43 452 148 503; x_wconf 88' lang='lat' dir='ltr'><strong>pronam.</strong></span> <span class='ocrx_word' id='word_1_26' title='bbox 160 442 221 503; x_wconf 78' lang='lat' dir='ltr'><strong>Ergo</strong></span> <span class='ocrx_word' id='word_1_27' title='bbox 234 443 302 493; x_wconf 90' lang='lat' dir='ltr'><strong>homo</strong></span> <span class='ocrx_word' id='word_1_28' title='bbox 315 456 363 493; x_wconf 92' lang='lat' dir='ltr'><strong>non</strong></span> <span class='ocrx_word' id='word_1_29' title='bbox 376 444 452 493; x_wconf 85' lang='lat' dir='ltr'>debuit</span> <span class='ocrx_word' id='word_1_30' title='bbox 464 444 550 494; x_wconf 89' lang='lat' dir='ltr'><strong>habere</strong></span> <span class='ocrx_word' id='word_1_31' title='bbox 563 447 674 495; x_wconf 88' lang='lat' dir='ltr'><strong>staturam</strong></span> <span class='ocrx_word' id='word_1_32' title='bbox 687 449 782 495; x_wconf 86' lang='lat' dir='ltr'><strong>rectam.</strong></span> 
     </span>
    </p>

    <p class='ocr_par' dir='ltr' id='par_1_3' title="bbox 43 512 850 635">
     <span class='ocr_line' id='line_1_5' title="bbox 71 512 850 578; baseline 0.006 -16"><span class='ocrx_word' id='word_1_33' title='bbox 71 512 118 563; x_wconf 86' lang='lat' dir='ltr'><strong>Sed</strong></span> <span class='ocrx_word' id='word_1_34' title='bbox 129 515 211 563; x_wconf 88' lang='lat' dir='ltr'><strong>contra</strong></span> <span class='ocrx_word' id='word_1_35' title='bbox 227 518 279 577; x_wconf 89' lang='lat' dir='ltr'><strong>est,</strong></span> <span class='ocrx_word' id='word_1_36' title='bbox 296 516 357 578; x_wconf 90' lang='lat' dir='ltr'><strong>quod</strong></span> <span class='ocrx_word' id='word_1_37' title='bbox 371 514 452 567; x_wconf 86' lang='lat' dir='ltr'><strong>dicitm</strong></span> <span class='ocrx_word' id='word_1_38' title='bbox 465 515 543 575; x_wconf 73' lang='lat' dir='ltr'><strong>Ecct„</strong></span> <span class='ocrx_word' id='word_1_39' title='bbox 560 517 602 565; x_wconf 83' lang='lat' dir='ltr'><strong>vll</strong></span> <span class='ocrx_word' id='word_1_40' title='bbox 617 532 622 564; x_wconf 92' lang='lat'>:</span> <span class='ocrx_word' id='word_1_41' title='bbox 639 534 654 564; x_wconf 82' lang='lat' dir='ltr'><strong>n</strong></span> <span class='ocrx_word' id='word_1_42' title='bbox 666 518 727 566; x_wconf 87' lang='lat' dir='ltr'><strong>bens</strong></span> <span class='ocrx_word' id='word_1_43' title='bbox 739 516 794 566; x_wconf 85' lang='lat' dir='ltr'><strong>tecit</strong></span> <span class='ocrx_word' id='word_1_44' title='bbox 807 518 850 567; x_wconf 83' lang='lat' dir='ltr'><strong>ho</strong></span> 
     </span>
     <span class='ocr_line' id='line_1_6' title="bbox 43 585 265 635; baseline -0.005 -2"><span class='ocrx_word' id='word_1_45' title='bbox 43 585 128 635; x_wconf 88' lang='lat' dir='ltr'><strong>minem</strong></span> <span class='ocrx_word' id='word_1_46' title='bbox 139 588 240 635; x_wconf 89' lang='lat' dir='ltr'><strong>rectum.</strong></span> <span class='ocrx_word' id='word_1_47' title='bbox 251 602 265 633; x_wconf 85' lang='lat' dir='ltr'><strong>n</strong></span> 
     </span>
    </p>

    <p class='ocr_par' dir='ltr' id='par_1_4' title="bbox 42 657 850 1013">
     <span class='ocr_line' id='line_1_7' title="bbox 71 657 848 727; baseline 0.005 -20"><span class='ocrx_word' id='word_1_48' title='bbox 71 658 270 721; x_wconf 82' lang='lat' dir='ltr'><strong>(concnnsro.-</strong></span> <span class='ocrx_word' id='word_1_49' title='bbox 280 657 335 709; x_wconf 81' lang='lat' dir='ltr'><strong>Cum</strong></span> <span class='ocrx_word' id='word_1_50' title='bbox 348 658 443 722; x_wconf 80' lang='lat' dir='ltr'>quilibet</span> <span class='ocrx_word' id='word_1_51' title='bbox 453 660 535 711; x_wconf 78' lang='lat' dir='ltr'><strong>artilex</strong></span> <span class='ocrx_word' id='word_1_52' title='bbox 552 661 656 711; x_wconf 88' lang='lat' dir='ltr'><strong>intendat</strong></span> <span class='ocrx_word' id='word_1_53' title='bbox 668 674 710 711; x_wconf 91' lang='lat' dir='ltr'><strong>sno</strong></span> <span class='ocrx_word' id='word_1_54' title='bbox 722 662 787 727; x_wconf 89' lang='lat' dir='ltr'><strong>operi</strong></span> <span class='ocrx_word' id='word_1_55' title='bbox 800 662 848 711; x_wconf 91' lang='lat' dir='ltr'><strong>dis·</strong></span> 
     </span>
     <span class='ocr_line' id='line_1_8' title="bbox 42 729 847 795; baseline 0.006 -17"><span class='ocrx_word' id='word_1_56' title='bbox 42 729 183 791; x_wconf 73' lang='lat' dir='ltr'><strong>positionem</strong></span> <span class='ocrx_word' id='word_1_57' title='bbox 190 729 299 793; x_wconf 77' lang='lat' dir='ltr'><strong>optimam</strong></span> <span class='ocrx_word' id='word_1_58' title='bbox 310 730 434 781; x_wconf 73' lang='lat' dir='ltr'><strong>secundiora</strong></span> <span class='ocrx_word' id='word_1_59' title='bbox 443 733 595 795; x_wconf 80' lang='lat' dir='ltr'><strong>praestitutam</strong></span> <span class='ocrx_word' id='word_1_60' title='bbox 603 731 647 782; x_wconf 90' lang='lat' dir='ltr'><strong>sibi</strong></span> <span class='ocrx_word' id='word_1_61' title='bbox 654 733 847 795; x_wconf 88' lang='lat' dir='ltr'><strong>dneminducere,</strong></span> 
     </span>
     <span class='ocr_line' id='line_1_9' title="bbox 43 800 850 865; baseline 0.011 -18"><span class='ocrx_word' id='word_1_62' title='bbox 43 800 103 851; x_wconf 78' lang='lat' dir='ltr'><strong>recte</strong></span> <span class='ocrx_word' id='word_1_63' title='bbox 117 800 203 850; x_wconf 76' lang='lat' dir='ltr'><strong>dicitnr</strong></span> <span class='ocrx_word' id='word_1_64' title='bbox 220 814 302 865; x_wconf 86' lang='lat' dir='ltr'><strong>corpus</strong></span> <span class='ocrx_word' id='word_1_65' title='bbox 315 803 442 853; x_wconf 90' lang='lat' dir='ltr'><strong>humanum</strong></span> <span class='ocrx_word' id='word_1_66' title='bbox 451 804 570 853; x_wconf 83' lang='lat' dir='ltr'><strong>formatum</strong></span> <span class='ocrx_word' id='word_1_67' title='bbox 581 804 651 854; x_wconf 84' lang='lat' dir='ltr'><strong>inisse</strong></span> <span class='ocrx_word' id='word_1_68' title='bbox 662 805 691 855; x_wconf 91' lang='lat' dir='ltr'><strong>ab</strong></span> <span class='ocrx_word' id='word_1_69' title='bbox 704 803 789 855; x_wconf 83' lang='lat' dir='ltr'><strong>artiflre</strong></span> <span class='ocrx_word' id='word_1_70' title='bbox 803 806 850 855; x_wconf 81' lang='lat' dir='ltr'><strong>lieo</strong></span> 
     </span>
     <span class='ocr_line' id='line_1_10' title="bbox 44 871 849 940; baseline 0.007 -21"><span class='ocrx_word' id='word_1_71' title='bbox 44 872 66 920; x_wconf 91' lang='lat' dir='ltr'><strong>in</strong></span> <span class='ocrx_word' id='word_1_72' title='bbox 81 872 170 937; x_wconf 90' lang='lat' dir='ltr'><strong>optima</strong></span> <span class='ocrx_word' id='word_1_73' title='bbox 185 871 347 936; x_wconf 85' lang='lat' dir='ltr'><strong>dispositione,</strong></span> <span class='ocrx_word' id='word_1_74' title='bbox 366 886 412 923; x_wconf 92' lang='lat' dir='ltr'><strong>non</strong></span> <span class='ocrx_word' id='word_1_75' title='bbox 430 872 570 939; x_wconf 85' lang='lat' dir='ltr'><strong>simpliciter,</strong></span> <span class='ocrx_word' id='word_1_76' title='bbox 590 876 630 925; x_wconf 90' lang='lat' dir='ltr'><strong>sed</strong></span> <span class='ocrx_word' id='word_1_77' title='bbox 647 874 771 925; x_wconf 80' lang='lat' dir='ltr'><strong>secundum</strong></span> <span class='ocrx_word' id='word_1_78' title='bbox 789 876 849 940; x_wconf 80' lang='lat' dir='ltr'><strong>quod</strong></span> 
     </span>
     <span class='ocr_line' id='line_1_11' title="bbox 44 944 613 1013; baseline 0.009 -20"><span class='ocrx_word' id='word_1_79' title='bbox 44 944 146 1007; x_wconf 78' lang='lat' dir='ltr'><strong>congmit</strong></span> <span class='ocrx_word' id='word_1_80' title='bbox 157 944 242 995; x_wconf 79' lang='lat' dir='ltr'><strong>anima</strong></span> <span class='ocrx_word' id='word_1_81' title='bbox 255 945 369 1007; x_wconf 86' lang='lat' dir='ltr'><strong>rationali,</strong></span> <span class='ocrx_word' id='word_1_82' title='bbox 384 948 470 1011; x_wconf 73' lang='lat' dir='ltr'><strong>eteius</strong></span> <span class='ocrx_word' id='word_1_83' title='bbox 483 948 613 1013; x_wconf 85' lang='lat' dir='ltr'><strong>operibus.)</strong></span> 
     </span>
    </p>

    <p class='ocr_par' dir='ltr' id='par_1_5' title="bbox 42 1016 856 2660">
     <span class='ocr_line' id='line_1_12' title="bbox 76 1016 849 1085; baseline 0.009 -20"><span class='ocrx_word' id='word_1_84' title='bbox 76 1018 214 1081; x_wconf 83' lang='lat' dir='ltr'><strong>Respondeo</strong></span> <span class='ocrx_word' id='word_1_85' title='bbox 233 1016 366 1079; x_wconf 86' lang='lat' dir='ltr'><strong>dicendum,</strong></span> <span class='ocrx_word' id='word_1_86' title='bbox 382 1018 442 1081; x_wconf 88' lang='lat' dir='ltr'><strong>qnbd</strong></span> <span class='ocrx_word' id='word_1_87' title='bbox 456 1032 537 1070; x_wconf 90' lang='lat' dir='ltr'><strong>omnes</strong></span> <span class='ocrx_word' id='word_1_88' title='bbox 551 1034 587 1071; x_wconf 92' lang='lat' dir='ltr'><strong>res</strong></span> <span class='ocrx_word' id='word_1_89' title='bbox 603 1021 718 1070; x_wconf 75' lang='lat' dir='ltr'><strong>naturales</strong></span> <span class='ocrx_word' id='word_1_90' title='bbox 735 1022 849 1085; x_wconf 78' lang='lat' dir='ltr'><strong>producta</strong></span> 
     </span>
     <span class='ocr_line' id='line_1_13' title="bbox 45 1088 850 1155; baseline 0.007 -19"><span class='ocrx_word' id='word_1_91' title='bbox 45 1091 98 1137; x_wconf 85' lang='lat' dir='ltr'><strong>sunt</strong></span> <span class='ocrx_word' id='word_1_92' title='bbox 110 1089 138 1138; x_wconf 92' lang='lat' dir='ltr'><strong>ab</strong></span> <span class='ocrx_word' id='word_1_93' title='bbox 150 1092 203 1139; x_wconf 83' lang='lat' dir='ltr'><strong>arte</strong></span> <span class='ocrx_word' id='word_1_94' title='bbox 215 1088 309 1153; x_wconf 78' lang='lat' dir='ltr'><strong>dinina3</strong></span> <span class='ocrx_word' id='word_1_95' title='bbox 325 1091 385 1141; x_wconf 91' lang='lat' dir='ltr'><strong>unde</strong></span> <span class='ocrx_word' id='word_1_96' title='bbox 398 1094 452 1140; x_wconf 85' lang='lat' dir='ltr'><strong>sunt</strong></span> <span class='ocrx_word' id='word_1_97' title='bbox 467 1092 634 1154; x_wconf 82' lang='lat' dir='ltr'><strong>quodammodo</strong></span> <span class='ocrx_word' id='word_1_98' title='bbox 647 1091 765 1141; x_wconf 80' lang='lat' dir='ltr'><strong>artificiata</strong></span> <span class='ocrx_word' id='word_1_99' title='bbox 776 1092 850 1155; x_wconf 88' lang='lat' dir='ltr'><strong>ipsius</strong></span> 
     </span>
     <span class='ocr_line' id='line_1_14' title="bbox 45 1159 849 1225; baseline 0.004 -16"><span class='ocrx_word' id='word_1_100' title='bbox 45 1159 92 1211; x_wconf 86' lang='lat' dir='ltr'><strong>Dei.</strong></span> <span class='ocrx_word' id='word_1_101' title='bbox 110 1160 214 1218; x_wconf 79' lang='lat' dir='ltr'><strong>Quilibet</strong></span> <span class='ocrx_word' id='word_1_102' title='bbox 230 1163 305 1210; x_wconf 90' lang='lat' dir='ltr'><strong>antem</strong></span> <span class='ocrx_word' id='word_1_103' title='bbox 322 1160 404 1211; x_wconf 82' lang='lat' dir='ltr'><strong>artilex</strong></span> <span class='ocrx_word' id='word_1_104' title='bbox 423 1161 522 1213; x_wconf 83' lang='lat' dir='ltr'><strong>intendit</strong></span> <span class='ocrx_word' id='word_1_105' title='bbox 537 1177 579 1214; x_wconf 88' lang='lat' dir='ltr'><strong>sno</strong></span> <span class='ocrx_word' id='word_1_106' title='bbox 595 1162 660 1225; x_wconf 91' lang='lat' dir='ltr'><strong>operi</strong></span> <span class='ocrx_word' id='word_1_107' title='bbox 677 1162 849 1225; x_wconf 82' lang='lat' dir='ltr'><strong>dispositionem</strong></span> 
     </span>
     <span class='ocr_line' id='line_1_15' title="bbox 44 1231 848 1299; baseline 0.001 -18"><span class='ocrx_word' id='word_1_108' title='bbox 44 1233 151 1296; x_wconf 87' lang='lat' dir='ltr'><strong>optimam</strong></span> <span class='ocrx_word' id='word_1_109' title='bbox 165 1232 291 1296; x_wconf 86' lang='lat' dir='ltr'><strong>inducere,</strong></span> <span class='ocrx_word' id='word_1_110' title='bbox 301 1245 348 1283; x_wconf 92' lang='lat' dir='ltr'><strong>non</strong></span> <span class='ocrx_word' id='word_1_111' title='bbox 360 1233 503 1297; x_wconf 84' lang='lat' dir='ltr'><strong>simpliciter,</strong></span> <span class='ocrx_word' id='word_1_112' title='bbox 513 1235 552 1284; x_wconf 90' lang='lat' dir='ltr'><strong>sed</strong></span> <span class='ocrx_word' id='word_1_113' title='bbox 562 1248 604 1299; x_wconf 86' lang='lat' dir='ltr'><strong>per</strong></span> <span class='ocrx_word' id='word_1_114' title='bbox 612 1231 807 1297; x_wconf 79' lang='lat' dir='ltr'><strong>&#39;comparationem</strong></span> <span class='ocrx_word' id='word_1_115' title='bbox 821 1236 848 1283; x_wconf 91' lang='lat' dir='ltr'><strong>ad</strong></span> 
     </span>
     <span class='ocr_line' id='line_1_16' title="bbox 45 1302 850 1368; baseline 0.005 -17"><span class='ocrx_word' id='word_1_116' title='bbox 45 1304 119 1355; x_wconf 86' lang='lat' dir='ltr'><strong>inem.</strong></span> <span class='ocrx_word' id='word_1_117' title='bbox 133 1305 165 1353; x_wconf 84' lang='lat' dir='ltr'><strong>Et</strong></span> <span class='ocrx_word' id='word_1_118' title='bbox 181 1302 202 1352; x_wconf 91' lang='lat' dir='ltr'><strong>si</strong></span> <span class='ocrx_word' id='word_1_119' title='bbox 215 1302 267 1353; x_wconf 89' lang='lat' dir='ltr'><strong>talis</strong></span> <span class='ocrx_word' id='word_1_120' title='bbox 281 1304 401 1368; x_wconf 85' lang='lat' dir='ltr'><strong>dispositio</strong></span> <span class='ocrx_word' id='word_1_121' title='bbox 421 1306 491 1355; x_wconf 89' lang='lat' dir='ltr'><strong>habet</strong></span> <span class='ocrx_word' id='word_1_122' title='bbox 505 1319 585 1355; x_wconf 87' lang='lat' dir='ltr'><strong>secum</strong></span> <span class='ocrx_word' id='word_1_123' title='bbox 600 1306 733 1368; x_wconf 87' lang='lat' dir='ltr'><strong>adjunctum</strong></span> <span class='ocrx_word' id='word_1_124' title='bbox 750 1306 850 1368; x_wconf 80' lang='lat' dir='ltr'><strong>aliquem</strong></span> 
     </span>
     <span class='ocr_line' id='line_1_17' title="bbox 44 1374 851 1440; baseline 0.001 -16"><span class='ocrx_word' id='word_1_125' title='bbox 44 1376 168 1438; x_wconf 84' lang='lat' dir='ltr'><strong>deiectum,</strong></span> <span class='ocrx_word' id='word_1_126' title='bbox 186 1374 269 1424; x_wconf 83' lang='lat' dir='ltr'><strong>artilex</strong></span> <span class='ocrx_word' id='word_1_127' title='bbox 282 1389 329 1425; x_wconf 92' lang='lat' dir='ltr'><strong>non</strong></span> <span class='ocrx_word' id='word_1_128' title='bbox 342 1380 411 1427; x_wconf 82' lang='lat' dir='ltr'><strong>curat.</strong></span> <span class='ocrx_word' id='word_1_129' title='bbox 426 1376 490 1427; x_wconf 85' lang='lat' dir='ltr'><strong>Siout</strong></span> <span class='ocrx_word' id='word_1_130' title='bbox 503 1377 584 1427; x_wconf 80' lang='lat' dir='ltr'><strong>artilex</strong></span> <span class='ocrx_word' id='word_1_131' title='bbox 593 1416 599 1438; x_wconf 93' lang='lat'>,</span> <span class='ocrx_word' id='word_1_132' title='bbox 608 1378 649 1440; x_wconf 86' lang='lat' dir='ltr'><strong>qui</strong></span> <span class='ocrx_word' id='word_1_133' title='bbox 658 1377 715 1426; x_wconf 84' lang='lat' dir='ltr'><strong>lacit</strong></span> <span class='ocrx_word' id='word_1_134' title='bbox 728 1389 812 1426; x_wconf 89' lang='lat' dir='ltr'><strong>serram</strong></span> <span class='ocrx_word' id='word_1_135' title='bbox 822 1378 851 1425; x_wconf 85' lang='lat' dir='ltr'><strong>ad</strong></span> 
     </span>
     <span class='ocr_line' id='line_1_18' title="bbox 44 1445 849 1510; baseline 0 -15"><span class='ocrx_word' id='word_1_136' title='bbox 44 1448 188 1505; x_wconf 85' lang='lat' dir='ltr'><strong>secandum,</strong></span> <span class='ocrx_word' id='word_1_137' title='bbox 204 1445 258 1496; x_wconf 88' lang='lat' dir='ltr'><strong>iacit</strong></span> <span class='ocrx_word' id='word_1_138' title='bbox 274 1459 325 1497; x_wconf 87' lang='lat' dir='ltr'><strong>eam</strong></span> <span class='ocrx_word' id='word_1_139' title='bbox 343 1460 372 1497; x_wconf 77' lang='lat' dir='ltr'><strong>ex</strong></span> <span class='ocrx_word' id='word_1_140' title='bbox 393 1449 467 1510; x_wconf 83' lang='lat' dir='ltr'><strong>terro,</strong></span> <span class='ocrx_word' id='word_1_141' title='bbox 482 1452 509 1499; x_wconf 90' lang='lat' dir='ltr'><strong>ut</strong></span> <span class='ocrx_word' id='word_1_142' title='bbox 527 1448 557 1498; x_wconf 88' lang='lat' dir='ltr'><strong>sit</strong></span> <span class='ocrx_word' id='word_1_143' title='bbox 570 1449 652 1499; x_wconf 90' lang='lat' dir='ltr'><strong>idonea</strong></span> <span class='ocrx_word' id='word_1_144' title='bbox 666 1448 693 1496; x_wconf 90' lang='lat' dir='ltr'><strong>ad</strong></span> <span class='ocrx_word' id='word_1_145' title='bbox 709 1447 849 1508; x_wconf 82' lang='lat' dir='ltr'><strong>secandum3</strong></span> 
     </span>
     <span class='ocr_line' id='line_1_19' title="bbox 44 1518 850 1584; baseline 0 -17"><span class='ocrx_word' id='word_1_146' title='bbox 44 1533 83 1569; x_wconf 89' lang='lat' dir='ltr'><strong>nec</strong></span> <span class='ocrx_word' id='word_1_147' title='bbox 102 1523 171 1570; x_wconf 90' lang='lat' dir='ltr'><strong>curat</strong></span> <span class='ocrx_word' id='word_1_148' title='bbox 189 1528 241 1567; x_wconf 90' lang='lat' dir='ltr'><strong>eam</strong></span> <span class='ocrx_word' id='word_1_149' title='bbox 260 1518 338 1568; x_wconf 87' lang='lat' dir='ltr'><strong>lacere</strong></span> <span class='ocrx_word' id='word_1_150' title='bbox 350 1532 381 1569; x_wconf 81' lang='lat' dir='ltr'><strong>es</strong></span> <span class='ocrx_word' id='word_1_151' title='bbox 396 1520 469 1582; x_wconf 80' lang='lat' dir='ltr'><strong>nitro,</strong></span> <span class='ocrx_word' id='word_1_152' title='bbox 486 1534 537 1583; x_wconf 80' lang='lat' dir='ltr'><strong>que</strong></span> <span class='ocrx_word' id='word_1_153' title='bbox 552 1524 587 1571; x_wconf 88' lang='lat' dir='ltr'><strong>est</strong></span> <span class='ocrx_word' id='word_1_154' title='bbox 609 1518 725 1584; x_wconf 80' lang='lat' dir='ltr'><strong>pulchrior</strong></span> <span class='ocrx_word' id='word_1_155' title='bbox 740 1518 850 1580; x_wconf 68' lang='lat' dir='ltr'><strong>mahtin,</strong></span> 
     </span>
     <span class='ocr_line' id='line_1_20' title="bbox 42 1590 852 1658; baseline -0.002 -16"><span class='ocrx_word' id='word_1_156' title='bbox 42 1594 94 1657; x_wconf 84' lang='lat' dir='ltr'><strong>quia</strong></span> <span class='ocrx_word' id='word_1_157' title='bbox 102 1594 159 1644; x_wconf 87' lang='lat' dir='ltr'><strong>talis</strong></span> <span class='ocrx_word' id='word_1_158' title='bbox 172 1592 318 1657; x_wconf 84' lang='lat' dir='ltr'><strong>pulchritudo</strong></span> <span class='ocrx_word' id='word_1_159' title='bbox 327 1596 387 1643; x_wconf 89' lang='lat' dir='ltr'><strong>esset</strong></span> <span class='ocrx_word' id='word_1_160' title='bbox 397 1593 584 1658; x_wconf 88' lang='lat' dir='ltr'><strong>impedimentum</strong></span> <span class='ocrx_word' id='word_1_161' title='bbox 593 1592 654 1643; x_wconf 85' lang='lat' dir='ltr'><strong>linis.</strong></span> <span class='ocrx_word' id='word_1_162' title='bbox 666 1592 704 1641; x_wconf 82' lang='lat' dir='ltr'><strong>Sic</strong></span> <span class='ocrx_word' id='word_1_163' title='bbox 714 1590 784 1655; x_wconf 80' lang='lat' dir='ltr'><strong>igitur</strong></span> <span class='ocrx_word' id='word_1_164' title='bbox 793 1591 852 1641; x_wconf 88' lang='lat' dir='ltr'><strong>bens</strong></span> 
     </span>
     <span class='ocr_line' id='line_1_21' title="bbox 43 1663 853 1729; baseline 0.001 -17"><span class='ocrx_word' id='word_1_165' title='bbox 43 1666 169 1729; x_wconf 82' lang='lat' dir='ltr'><strong>unicuique</strong></span> <span class='ocrx_word' id='word_1_166' title='bbox 185 1664 220 1714; x_wconf 86' lang='lat' dir='ltr'><strong>rei</strong></span> <span class='ocrx_word' id='word_1_167' title='bbox 230 1664 330 1713; x_wconf 85' lang='lat' dir='ltr'><strong>naturali</strong></span> <span class='ocrx_word' id='word_1_168' title='bbox 342 1665 405 1715; x_wconf 87' lang='lat' dir='ltr'><strong>dedit</strong></span> <span class='ocrx_word' id='word_1_169' title='bbox 419 1666 529 1729; x_wconf 89' lang='lat' dir='ltr'><strong>optimam</strong></span> <span class='ocrx_word' id='word_1_170' title='bbox 545 1665 734 1729; x_wconf 86' lang='lat' dir='ltr'><strong>dispositionem,</strong></span> <span class='ocrx_word' id='word_1_171' title='bbox 747 1663 853 1727; x_wconf 82' lang='lat' dir='ltr'><strong>nocqui-</strong></span> 
     </span>
     <span class='ocr_line' id='line_1_22' title="bbox 43 1731 852 1802; baseline 0.002 -18"><span class='ocrx_word' id='word_1_172' title='bbox 43 1738 92 1787; x_wconf 89' lang='lat' dir='ltr'><strong>dem</strong></span> <span class='ocrx_word' id='word_1_173' title='bbox 102 1736 253 1802; x_wconf 87' lang='lat' dir='ltr'><strong>simpliciter,</strong></span> <span class='ocrx_word' id='word_1_174' title='bbox 266 1736 306 1786; x_wconf 92' lang='lat' dir='ltr'><strong>sed</strong></span> <span class='ocrx_word' id='word_1_175' title='bbox 320 1736 445 1787; x_wconf 80' lang='lat' dir='ltr'><strong>secundnm</strong></span> <span class='ocrx_word' id='word_1_176' title='bbox 458 1738 560 1789; x_wconf 86' lang='lat' dir='ltr'><strong>ordinem</strong></span> <span class='ocrx_word' id='word_1_177' title='bbox 571 1738 598 1787; x_wconf 93' lang='lat' dir='ltr'><strong>ad</strong></span> <span class='ocrx_word' id='word_1_178' title='bbox 606 1737 724 1800; x_wconf 88' lang='lat' dir='ltr'><strong>proprium</strong></span> <span class='ocrx_word' id='word_1_179' title='bbox 736 1731 814 1786; x_wconf 82' lang='lat' dir='ltr'><strong>linem.</strong></span> <span class='ocrx_word' id='word_1_180' title='bbox 824 1736 852 1786; x_wconf 85' lang='lat' dir='ltr'><strong>ne</strong></span> 
     </span>
     <span class='ocr_line' id='line_1_23' title="bbox 44 1808 856 1873; baseline -0.001 -17"><span class='ocrx_word' id='word_1_181' title='bbox 44 1808 204 1873; x_wconf 80' lang='lat' dir='ltr'><strong>hoccstqudd</strong></span> <span class='ocrx_word' id='word_1_182' title='bbox 221 1808 376 1871; x_wconf 81' lang='lat' dir='ltr'><strong>Philosophus</strong></span> <span class='ocrx_word' id='word_1_183' title='bbox 389 1809 444 1859; x_wconf 88' lang='lat' dir='ltr'><strong>dicit</strong></span> <span class='ocrx_word' id='word_1_184' title='bbox 453 1809 477 1859; x_wconf 90' lang='lat' dir='ltr'><strong>in</strong></span> <span class='ocrx_word' id='word_1_185' title='bbox 488 1810 518 1859; x_wconf 90' lang='lat' dir='ltr'><strong>ll.</strong></span> <span class='ocrx_word' id='word_1_186' title='bbox 532 1809 629 1873; x_wconf 78' lang='lat' dir='ltr'><strong>Pbper‘c.</strong></span> <span class='ocrx_word' id='word_1_187' title='bbox 642 1809 709 1872; x_wconf 83' lang='lat' dir='ltr'><strong>(text.</strong></span> <span class='ocrx_word' id='word_1_188' title='bbox 725 1808 766 1871; x_wconf 78' lang='lat' dir='ltr'><strong>il)</strong></span> <span class='ocrx_word' id='word_1_189' title='bbox 780 1824 786 1857; x_wconf 77' lang='grc' dir='ltr'><em>τ</em></span> <span class='ocrx_word' id='word_1_190' title='bbox 800 1826 813 1855; x_wconf 82' lang='lat' dir='ltr'><strong>n</strong></span> <span class='ocrx_word' id='word_1_191' title='bbox 823 1808 856 1857; x_wconf 86' lang='lat' dir='ltr'><strong>Et·</strong></span> 
     </span>
     <span class='ocr_line' id='line_1_24' title="bbox 44 1878 852 1943; baseline -0.002 -13"><span class='ocrx_word' id='word_1_192' title='bbox 44 1880 94 1943; x_wconf 83' lang='lat' dir='ltr'><strong>qnia</strong></span> <span class='ocrx_word' id='word_1_193' title='bbox 114 1880 212 1943; x_wconf 85' lang='lat' dir='ltr'><strong>dignius</strong></span> <span class='ocrx_word' id='word_1_194' title='bbox 226 1883 262 1928; x_wconf 89' lang='lat' dir='ltr'><strong>est</strong></span> <span class='ocrx_word' id='word_1_195' title='bbox 274 1879 321 1943; x_wconf 79' lang='lat' dir='ltr'><strong>sic3</strong></span> <span class='ocrx_word' id='word_1_196' title='bbox 335 1890 379 1929; x_wconf 88' lang='lat' dir='ltr'><strong>nou</strong></span> <span class='ocrx_word' id='word_1_197' title='bbox 394 1884 469 1929; x_wconf 88' lang='lat' dir='ltr'><strong>tamen</strong></span> <span class='ocrx_word' id='word_1_198' title='bbox 484 1879 632 1943; x_wconf 85' lang='lat' dir='ltr'><strong>simpliciter,</strong></span> <span class='ocrx_word' id='word_1_199' title='bbox 648 1880 688 1929; x_wconf 90' lang='lat' dir='ltr'><strong>sed</strong></span> <span class='ocrx_word' id='word_1_200' title='bbox 701 1879 730 1928; x_wconf 91' lang='lat' dir='ltr'><strong>ad</strong></span> <span class='ocrx_word' id='word_1_201' title='bbox 744 1878 852 1928; x_wconf 88' lang='lat' dir='ltr'><strong>uniuscn-</strong></span> 
     </span>
     <span class='ocr_line' id='line_1_25' title="bbox 43 1949 852 2017; baseline -0.004 -15"><span class='ocrx_word' id='word_1_202' title='bbox 43 1949 126 2017; x_wconf 80' lang='lat' dir='ltr'><strong>jusque</strong></span> <span class='ocrx_word' id='word_1_203' title='bbox 138 1950 306 2002; x_wconf 85' lang='lat' dir='ltr'><strong>substantiam.</strong></span> <span class='ocrx_word' id='word_1_204' title='bbox 322 1966 335 1996; x_wconf 88' lang='lat' dir='ltr'><strong>n</strong></span> <span class='ocrx_word' id='word_1_205' title='bbox 347 1950 409 2001; x_wconf 90' lang='lat' dir='ltr'><strong>Finis</strong></span> <span class='ocrx_word' id='word_1_206' title='bbox 425 1954 502 2001; x_wconf 89' lang='lat' dir='ltr'><strong>autem</strong></span> <span class='ocrx_word' id='word_1_207' title='bbox 514 1952 632 2014; x_wconf 82' lang='lat' dir='ltr'><strong>pmximus</strong></span> <span class='ocrx_word' id='word_1_208' title='bbox 645 1950 740 2000; x_wconf 89' lang='lat' dir='ltr'><strong>humani</strong></span> <span class='ocrx_word' id='word_1_209' title='bbox 751 1950 852 2013; x_wconf 88' lang='lat' dir='ltr'><strong>eorporis</strong></span> 
     </span>
     <span class='ocr_line' id='line_1_26' title="bbox 45 2021 852 2087; baseline -0.002 -16"><span class='ocrx_word' id='word_1_210' title='bbox 45 2028 78 2072; x_wconf 86' lang='lat' dir='ltr'><strong>est</strong></span> <span class='ocrx_word' id='word_1_211' title='bbox 88 2024 171 2075; x_wconf 88' lang='lat' dir='ltr'><strong>anima</strong></span> <span class='ocrx_word' id='word_1_212' title='bbox 186 2022 320 2085; x_wconf 86' lang='lat' dir='ltr'><strong>rationalis,</strong></span> <span class='ocrx_word' id='word_1_213' title='bbox 332 2026 356 2072; x_wconf 91' lang='lat' dir='ltr'><strong>et</strong></span> <span class='ocrx_word' id='word_1_214' title='bbox 368 2023 512 2087; x_wconf 76' lang='lat' dir='ltr'><strong>operationes</strong></span> <span class='ocrx_word' id='word_1_215' title='bbox 526 2022 612 2085; x_wconf 88' lang='lat' dir='ltr'><strong>ipsius;</strong></span> <span class='ocrx_word' id='word_1_216' title='bbox 631 2021 725 2071; x_wconf 87' lang='lat' dir='ltr'><strong>materia</strong></span> <span class='ocrx_word' id='word_1_217' title='bbox 738 2022 800 2071; x_wconf 92' lang='lat' dir='ltr'><strong>enim</strong></span> <span class='ocrx_word' id='word_1_218' title='bbox 817 2025 852 2071; x_wconf 88' lang='lat' dir='ltr'><strong>est</strong></span> 
     </span>
     <span class='ocr_line' id='line_1_27' title="bbox 45 2092 852 2160; baseline -0.001 -17"><span class='ocrx_word' id='word_1_219' title='bbox 45 2100 137 2160; x_wconf 86' lang='lat' dir='ltr'><strong>propter</strong></span> <span class='ocrx_word' id='word_1_220' title='bbox 152 2097 262 2157; x_wconf 78' lang='lat' dir='ltr'><strong>tor-mam,</strong></span> <span class='ocrx_word' id='word_1_221' title='bbox 276 2097 300 2144; x_wconf 90' lang='lat' dir='ltr'><strong>et</strong></span> <span class='ocrx_word' id='word_1_222' title='bbox 309 2094 461 2145; x_wconf 89' lang='lat' dir='ltr'><strong>instrumenta</strong></span> <span class='ocrx_word' id='word_1_223' title='bbox 471 2099 563 2159; x_wconf 86' lang='lat' dir='ltr'><strong>propter</strong></span> <span class='ocrx_word' id='word_1_224' title='bbox 574 2094 674 2144; x_wconf 81' lang='lat' dir='ltr'><strong>acherres</strong></span> <span class='ocrx_word' id='word_1_225' title='bbox 685 2092 782 2155; x_wconf 79' lang='lat' dir='ltr'><strong>agentis.</strong></span> <span class='ocrx_word' id='word_1_226' title='bbox 797 2092 852 2142; x_wconf 88' lang='lat' dir='ltr'><strong>bico</strong></span> 
     </span>
     <span class='ocr_line' id='line_1_28' title="bbox 45 2163 853 2231; baseline -0.001 -18"><span class='ocrx_word' id='word_1_227' title='bbox 45 2178 97 2228; x_wconf 76' lang='lat' dir='ltr'><strong>ergo</strong></span> <span class='ocrx_word' id='word_1_228' title='bbox 108 2166 172 2231; x_wconf 82' lang='lat' dir='ltr'><strong>qnod</strong></span> <span class='ocrx_word' id='word_1_229' title='bbox 187 2167 249 2216; x_wconf 83' lang='lat' dir='ltr'><strong>oens</strong></span> <span class='ocrx_word' id='word_1_230' title='bbox 262 2164 364 2215; x_wconf 88' lang='lat' dir='ltr'><strong>instituit</strong></span> <span class='ocrx_word' id='word_1_231' title='bbox 379 2179 460 2231; x_wconf 88' lang='lat' dir='ltr'><strong>corpus</strong></span> <span class='ocrx_word' id='word_1_232' title='bbox 471 2167 595 2215; x_wconf 91' lang='lat' dir='ltr'><strong>humanum</strong></span> <span class='ocrx_word' id='word_1_233' title='bbox 612 2164 636 2213; x_wconf 89' lang='lat' dir='ltr'><strong>in</strong></span> <span class='ocrx_word' id='word_1_234' title='bbox 653 2164 739 2227; x_wconf 87' lang='lat' dir='ltr'><strong>optima</strong></span> <span class='ocrx_word' id='word_1_235' title='bbox 757 2163 853 2226; x_wconf 86' lang='lat' dir='ltr'><strong>disposi-</strong></span> 
     </span>
     <span class='ocr_line' id='line_1_29' title="bbox 45 2235 853 2299; baseline 0.002 -16"><span class='ocrx_word' id='word_1_236' title='bbox 45 2238 105 2289; x_wconf 89' lang='lat' dir='ltr'><strong>tione</strong></span> <span class='ocrx_word' id='word_1_237' title='bbox 121 2238 255 2289; x_wconf 89' lang='lat' dir='ltr'><strong>secundum</strong></span> <span class='ocrx_word' id='word_1_238' title='bbox 268 2236 453 2287; x_wconf 76' lang='lat' dir='ltr'><strong>convenientiam</strong></span> <span class='ocrx_word' id='word_1_239' title='bbox 467 2238 495 2287; x_wconf 92' lang='lat' dir='ltr'><strong>ad</strong></span> <span class='ocrx_word' id='word_1_240' title='bbox 508 2237 577 2287; x_wconf 90' lang='lat' dir='ltr'><strong>talem</strong></span> <span class='ocrx_word' id='word_1_241' title='bbox 590 2238 704 2299; x_wconf 86' lang='lat' dir='ltr'><strong>termam,</strong></span> <span class='ocrx_word' id='word_1_242' title='bbox 718 2239 742 2285; x_wconf 92' lang='lat' dir='ltr'><strong>et</strong></span> <span class='ocrx_word' id='word_1_243' title='bbox 754 2236 784 2285; x_wconf 91' lang='lat' dir='ltr'><strong>ad</strong></span> <span class='ocrx_word' id='word_1_244' title='bbox 796 2235 853 2285; x_wconf 92' lang='lat' dir='ltr'><strong>tales</strong></span> 
     </span>
     <span class='ocr_line' id='line_1_30' title="bbox 45 2307 854 2377; baseline -0.001 -20"><span class='ocrx_word' id='word_1_245' title='bbox 45 2312 203 2372; x_wconf 88' lang='lat' dir='ltr'><strong>operationes.</strong></span> <span class='ocrx_word' id='word_1_246' title='bbox 219 2310 248 2359; x_wconf 86' lang='lat' dir='ltr'><strong>Et</strong></span> <span class='ocrx_word' id='word_1_247' title='bbox 261 2308 374 2373; x_wconf 84' lang='lat' dir='ltr'><strong>sialiquis</strong></span> <span class='ocrx_word' id='word_1_248' title='bbox 384 2310 485 2360; x_wconf 85' lang='lat' dir='ltr'><strong>deiectus</strong></span> <span class='ocrx_word' id='word_1_249' title='bbox 494 2309 520 2358; x_wconf 90' lang='lat' dir='ltr'><strong>in</strong></span> <span class='ocrx_word' id='word_1_250' title='bbox 537 2308 687 2373; x_wconf 87' lang='lat' dir='ltr'><strong>dispositione</strong></span> <span class='ocrx_word' id='word_1_251' title='bbox 700 2307 792 2377; x_wconf 86' lang='lat' dir='ltr'><strong>humani</strong></span> <span class='ocrx_word' id='word_1_252' title='bbox 805 2321 854 2357; x_wconf 88' lang='lat' dir='ltr'><strong>cor·</strong></span> 
     </span>
     <span class='ocr_line' id='line_1_31' title="bbox 44 2378 854 2443; baseline -0.002 -13"><span class='ocrx_word' id='word_1_253' title='bbox 44 2384 104 2442; x_wconf 92' lang='lat' dir='ltr'><strong>poris</strong></span> <span class='ocrx_word' id='word_1_254' title='bbox 124 2396 178 2433; x_wconf 88' lang='lat' dir='ltr'><strong>esse</strong></span> <span class='ocrx_word' id='word_1_255' title='bbox 191 2382 283 2430; x_wconf 80' lang='lat' dir='ltr'><strong>ridetur</strong></span> <span class='ocrx_word' id='word_1_256' title='bbox 290 2417 298 2443; x_wconf 84' lang='grc'>,</span> <span class='ocrx_word' id='word_1_257' title='bbox 311 2380 500 2430; x_wconf 84' lang='lat' dir='ltr'><strong>considerandum</strong></span> <span class='ocrx_word' id='word_1_258' title='bbox 517 2380 624 2442; x_wconf 87' lang='lat' dir='ltr'><strong>estquod</strong></span> <span class='ocrx_word' id='word_1_259' title='bbox 635 2379 687 2427; x_wconf 91' lang='lat' dir='ltr'><strong>talis</strong></span> <span class='ocrx_word' id='word_1_260' title='bbox 700 2378 801 2428; x_wconf 85' lang='lat' dir='ltr'><strong>deiectus</strong></span> <span class='ocrx_word' id='word_1_261' title='bbox 817 2392 854 2428; x_wconf 88' lang='lat' dir='ltr'><strong>se-</strong></span> 
     </span>
     <span class='ocr_line' id='line_1_32' title="bbox 46 2449 854 2515; baseline -0.001 -15"><span class='ocrx_word' id='word_1_262' title='bbox 46 2454 124 2515; x_wconf 85' lang='lat' dir='ltr'><strong>quitur</strong></span> <span class='ocrx_word' id='word_1_263' title='bbox 139 2468 169 2503; x_wconf 82' lang='lat' dir='ltr'><strong>en</strong></span> <span class='ocrx_word' id='word_1_264' title='bbox 185 2452 324 2502; x_wconf 86' lang='lat' dir='ltr'><strong>necessitate</strong></span> <span class='ocrx_word' id='word_1_265' title='bbox 336 2452 436 2503; x_wconf 82' lang='lat' dir='ltr'><strong>materia</strong></span> <span class='ocrx_word' id='word_1_266' title='bbox 452 2454 480 2502; x_wconf 85' lang='lat' dir='ltr'><strong>ad</strong></span> <span class='ocrx_word' id='word_1_267' title='bbox 495 2464 523 2501; x_wconf 92' lang='lat' dir='ltr'><strong>ea</strong></span> <span class='ocrx_word' id='word_1_268' title='bbox 538 2464 589 2515; x_wconf 85' lang='lat' dir='ltr'><strong>quae</strong></span> <span class='ocrx_word' id='word_1_269' title='bbox 603 2449 749 2513; x_wconf 88' lang='lat' dir='ltr'><strong>reqnimntnr</strong></span> <span class='ocrx_word' id='word_1_270' title='bbox 763 2450 788 2499; x_wconf 92' lang='lat' dir='ltr'><strong>in</strong></span> <span class='ocrx_word' id='word_1_271' title='bbox 806 2464 854 2501; x_wconf 89' lang='lat' dir='ltr'><strong>eor·</strong></span> 
     </span>
     <span class='ocr_line' id='line_1_33' title="bbox 47 2524 853 2591; baseline -0.001 -16"><span class='ocrx_word' id='word_1_272' title='bbox 47 2540 117 2591; x_wconf 89' lang='lat' dir='ltr'><strong>pore;</strong></span> <span class='ocrx_word' id='word_1_273' title='bbox 137 2532 163 2577; x_wconf 90' lang='lat' dir='ltr'><strong>ut</strong></span> <span class='ocrx_word' id='word_1_274' title='bbox 178 2526 211 2576; x_wconf 91' lang='lat' dir='ltr'><strong>sit</strong></span> <span class='ocrx_word' id='word_1_275' title='bbox 220 2525 298 2576; x_wconf 89' lang='lat' dir='ltr'><strong>debita</strong></span> <span class='ocrx_word' id='word_1_276' title='bbox 311 2526 427 2591; x_wconf 87' lang='lat' dir='ltr'><strong>proportio</strong></span> <span class='ocrx_word' id='word_1_277' title='bbox 443 2526 518 2589; x_wconf 89' lang='lat' dir='ltr'><strong>ipsius</strong></span> <span class='ocrx_word' id='word_1_278' title='bbox 528 2524 680 2587; x_wconf 77' lang='lat' dir='ltr'><strong>adsumam,</strong></span> <span class='ocrx_word' id='word_1_279' title='bbox 694 2529 718 2574; x_wconf 86' lang='lat' dir='ltr'><strong>et</strong></span> <span class='ocrx_word' id='word_1_280' title='bbox 730 2525 758 2573; x_wconf 89' lang='lat' dir='ltr'><strong>ad</strong></span> <span class='ocrx_word' id='word_1_281' title='bbox 772 2524 853 2574; x_wconf 82' lang='lat' dir='ltr'><strong>aniana</strong></span> 
     </span>
     <span class='ocr_line' id='line_1_34' title="bbox 47 2599 203 2660; baseline 0.032 -16"><span class='ocrx_word' id='word_1_282' title='bbox 47 2599 203 2660; x_wconf 88' lang='lat' dir='ltr'><strong>operationes.</strong></span> 
     </span>
    </p>

    <p class='ocr_par' dir='ltr' id='par_1_6' title="bbox 48 2668 856 3021">
     <span class='ocr_line' id='line_1_35' title="bbox 77 2668 855 2735; baseline -0.004 -16"><span class='ocrx_word' id='word_1_283' title='bbox 77 2672 111 2721; x_wconf 80' lang='lat' dir='ltr'><strong>nd</strong></span> <span class='ocrx_word' id='word_1_284' title='bbox 121 2671 226 2735; x_wconf 85' lang='lat' dir='ltr'><strong>primum</strong></span> <span class='ocrx_word' id='word_1_285' title='bbox 236 2682 290 2733; x_wconf 78' lang='lat' dir='ltr'><strong>ergo</strong></span> <span class='ocrx_word' id='word_1_286' title='bbox 302 2669 438 2733; x_wconf 87' lang='lat' dir='ltr'><strong>dicendum,</strong></span> <span class='ocrx_word' id='word_1_287' title='bbox 449 2670 606 2733; x_wconf 71' lang='lat' dir='ltr'><strong>quodminus,</strong></span> <span class='ocrx_word' id='word_1_288' title='bbox 618 2668 657 2733; x_wconf 86' lang='lat' dir='ltr'><strong>qai</strong></span> <span class='ocrx_word' id='word_1_289' title='bbox 670 2680 707 2717; x_wconf 81' lang='lat' dir='ltr'><strong>ess</strong></span> <span class='ocrx_word' id='word_1_290' title='bbox 716 2668 855 2717; x_wconf 71' lang='lat' dir='ltr'><strong>&#39;tundamen-</strong></span> 
     </span>
     <span class='ocr_line' id='line_1_36' title="bbox 49 2738 855 2806; baseline 0.001 -18"><span class='ocrx_word' id='word_1_291' title='bbox 49 2745 94 2791; x_wconf 88' lang='lat' dir='ltr'><strong>tum</strong></span> <span class='ocrx_word' id='word_1_292' title='bbox 106 2743 205 2793; x_wconf 90' lang='lat' dir='ltr'><strong>aliorum</strong></span> <span class='ocrx_word' id='word_1_293' title='bbox 214 2754 333 2803; x_wconf 88' lang='lat' dir='ltr'><strong>sensuum,</strong></span> <span class='ocrx_word' id='word_1_294' title='bbox 342 2745 378 2791; x_wconf 90' lang='lat' dir='ltr'><strong>est</strong></span> <span class='ocrx_word' id='word_1_295' title='bbox 386 2742 508 2806; x_wconf 80' lang='lat' dir='ltr'><strong>perfectior</strong></span> <span class='ocrx_word' id='word_1_296' title='bbox 519 2741 655 2802; x_wconf 85' lang='lat' dir='ltr'><strong>innomine,</strong></span> <span class='ocrx_word' id='word_1_297' title='bbox 666 2738 734 2803; x_wconf 77' lang='lat' dir='ltr'><strong>quam</strong></span> <span class='ocrx_word' id='word_1_298' title='bbox 744 2740 769 2788; x_wconf 92' lang='lat' dir='ltr'><strong>in</strong></span> <span class='ocrx_word' id='word_1_299' title='bbox 780 2739 855 2803; x_wconf 89' lang='lat' dir='ltr'><strong>aliquo</strong></span> 
     </span>
     <span class='ocr_line' id='line_1_37' title="bbox 48 2812 856 2879; baseline -0.002 -19"><span class='ocrx_word' id='word_1_300' title='bbox 48 2814 92 2863; x_wconf 91' lang='lat' dir='ltr'><strong>alio</strong></span> <span class='ocrx_word' id='word_1_301' title='bbox 103 2814 206 2865; x_wconf 88' lang='lat' dir='ltr'><strong>animali.</strong></span> <span class='ocrx_word' id='word_1_302' title='bbox 221 2815 250 2863; x_wconf 86' lang='lat' dir='ltr'><strong>El</strong></span> <span class='ocrx_word' id='word_1_303' title='bbox 262 2816 354 2879; x_wconf 89' lang='lat' dir='ltr'><strong>propter</strong></span> <span class='ocrx_word' id='word_1_304' title='bbox 366 2815 410 2864; x_wconf 90' lang='lat' dir='ltr'><strong>boc</strong></span> <span class='ocrx_word' id='word_1_305' title='bbox 423 2815 524 2877; x_wconf 83' lang='lat' dir='ltr'><strong>oportuit</strong></span> <span class='ocrx_word' id='word_1_306' title='bbox 537 2814 597 2877; x_wconf 88' lang='lat' dir='ltr'><strong>quod</strong></span> <span class='ocrx_word' id='word_1_307' title='bbox 613 2815 681 2863; x_wconf 89' lang='lat' dir='ltr'><strong>homo</strong></span> <span class='ocrx_word' id='word_1_308' title='bbox 693 2812 787 2861; x_wconf 84' lang='lat' dir='ltr'><strong>haberet</strong></span> <span class='ocrx_word' id='word_1_309' title='bbox 797 2813 856 2859; x_wconf 87' lang='lat' dir='ltr'><strong>tem-</strong></span> 
     </span>
     <span class='ocr_line' id='line_1_38' title="bbox 50 2881 856 2949; baseline -0.009 -14"><span class='ocrx_word' id='word_1_310' title='bbox 50 2886 218 2947; x_wconf 82' lang='lat' dir='ltr'><strong>peratissimum</strong></span> <span class='ocrx_word' id='word_1_311' title='bbox 236 2886 418 2949; x_wconf 81' lang='lat' dir='ltr'><strong>complexionem</strong></span> <span class='ocrx_word' id='word_1_312' title='bbox 434 2886 494 2937; x_wconf 87' lang='lat' dir='ltr'><strong>inter</strong></span> <span class='ocrx_word' id='word_1_313' title='bbox 516 2886 593 2936; x_wconf 90' lang='lat' dir='ltr'><strong>omnia</strong></span> <span class='ocrx_word' id='word_1_314' title='bbox 612 2883 728 2934; x_wconf 88' lang='lat' dir='ltr'><strong>animalia.</strong></span> <span class='ocrx_word' id='word_1_315' title='bbox 746 2881 856 2931; x_wconf 74' lang='lat' dir='ltr'><strong>Procedit</strong></span> 
     </span>
     <span class='ocr_line' id='line_1_39' title="bbox 50 2950 855 3021; baseline -0.005 -14"><span class='ocrx_word' id='word_1_316' title='bbox 50 2956 118 3009; x_wconf 86' lang='lat' dir='ltr'><strong>etiam</strong></span> <span class='ocrx_word' id='word_1_317' title='bbox 130 2960 199 3009; x_wconf 91' lang='lat' dir='ltr'><strong>homo</strong></span> <span class='ocrx_word' id='word_1_318' title='bbox 215 2956 291 3009; x_wconf 90' lang='lat' dir='ltr'><strong>omnia</strong></span> <span class='ocrx_word' id='word_1_319' title='bbox 308 2958 352 3007; x_wconf 87' lang='lat' dir='ltr'><strong>alia</strong></span> <span class='ocrx_word' id='word_1_320' title='bbox 369 2957 475 3009; x_wconf 87' lang='lat' dir='ltr'><strong>animalia</strong></span> <span class='ocrx_word' id='word_1_321' title='bbox 494 2962 603 3021; x_wconf 88' lang='lat' dir='ltr'><strong>quantum</strong></span> <span class='ocrx_word' id='word_1_322' title='bbox 618 2955 718 3006; x_wconf 79' lang='lat' dir='ltr'><strong>advises</strong></span> <span class='ocrx_word' id='word_1_323' title='bbox 733 2950 855 3003; x_wconf 85' lang='lat' dir='ltr'><strong>sensitiras</strong></span> 
     </span>
    </p>
   </div>
   <div class='ocr_carea' id='block_1_3' title="bbox 718 3053 761 3102">
    <p class='ocr_par' dir='ltr' id='par_1_7' title="bbox 718 3053 761 3102">
     <span class='ocr_line' id='line_1_40' title="bbox 718 3053 761 3102; baseline 0 0"><span class='ocrx_word' id='word_1_324' title='bbox 718 3053 761 3102; x_wconf 75' lang='lat' dir='ltr'><strong>li*</strong></span> 
     </span>
    </p>
   </div>
   <div class='ocr_carea' id='block_1_4' title="bbox 0 0 1003 3309">
    <p class='ocr_par' dir='ltr' id='par_1_8' title="bbox 0 0 1003 3309">
     <span class='ocr_line' id='line_1_41' title="bbox 0 0 1003 3309; baseline 0 0"><span class='ocrx_word' id='word_1_325' title='bbox 0 0 1003 3309; x_wconf 95' lang='lat' dir='ltr'><strong> </strong></span> 
     </span>
    </p>
   </div>
  </div>
 </body>
</html>
