1984 3309
200 184 232 221 ns
247 182 365 222 concurs
379 183 495 224 1111111
510 185 663 226 momorum.
786 175 833 224 tte

28 261 72 309 tuit
91 259 153 323 quod
173 259 305 310 bominibus
323 260 400 323 angeli
416 261 444 310 ad
459 260 586 314 custodiam
605 261 780 326 deputarentur,
792 274 835 325 per

28 344 88 393 quos
101 330 262 394 reputarentur
274 331 304 380 ad
316 331 409 382 bonum.

60 402 95 452 11
104 401 205 466 primum
221 414 275 464 ergo
285 399 414 465 dicendum,
428 401 489 464 qubd
503 414 543 466 per
558 402 655 454 liberum
668 401 785 454 arbitrium
794 415 835 467 po·

29 477 77 523 test
89 473 160 524 bomo
169 472 298 536 aliqualiter
312 473 396 533 melum
407 473 493 537 vitare,
504 475 544 526 sed
556 488 603 524 nou
616 474 767 538 sufficientem
782 476 836 540 quia

28 545 159 595 infirmatur
183 544 243 594 circa
265 544 376 595 allectum
396 545 463 606 boui,
483 548 576 609 propter
594 545 732 610 multiplices
754 545 836 598 anino

28 616 161 680 passiones,
174 614 284 666 Similiter
296 616 367 667 ctiam
380 615 517 667 uniumsalis
526 616 628 680 cognitio
637 617 747 668 naturalis
761 617 834 682 legis,

28 701 82 750 quae
95 686 186 738 bomini
199 687 331 738 naturaliter
347 687 428 751 adest,
445 686 574 750 aliqualiter
587 687 663 750 dirigit
679 687 793 740 bominem
807 689 837 740 ad

29 760 129 821 bonum,
145 758 250 809 sednon
265 757 420 821 sufficienter3
437 758 492 820 quia
504 758 535 807 in
554 758 687 822 applicando
700 759 837 812 uuiversella

29 829 144 893 principia
154 828 214 892 juris
231 830 259 878 ad
274 828 417 894 pedicularia
433 829 545 893 contingit
556 831 672 880 hominem
683 829 837 896 multipliciter

29 901 137 951 delicere.
156 900 222 952 llnde
241 900 324 952 dicitur
342 907 415 964 Sep„
430 901 462 953 lll
477 916 484 949 ι
501 917 515 948 u
536 900 689 962 eopauouu
706 903 836 954 mortalium

29 972 131 1034 timido,
146 974 171 1025 et
182 971 280 1026 incerto
292 970 442 1035 prouidentiae
455 975 548 1022 nostem.
564 973 621 1024 »Et
639 969 690 1023 idco
709 973 835 1026 necesmria

29 1044 73 1093 luit
86 1043 177 1094 bomini
194 1041 296 1094 custodie
303 1043 394 1106 111111.

60 1116 97 1165 ltd
105 1116 233 1181 seeundum
243 1113 376 1176 dicendum,
386 1113 449 1178 pubd
456 1115 487 1164 ad
495 1116 580 1169 bonum
591 1116 731 1180 operandum
743 1117 789 1170 duo
797 1131 835 1170 re·

29 1187 153 1249 pumuntur
166 1202 172 1235 :
184 1184 259 1250 primo
272 1185 375 1250 quidem,
384 1184 445 1249 qudd
458 1185 555 1237 edemus
565 1185 686 1240 inclinetur
699 1189 727 1238 ad
740 1188 835 1252 bonnm,

29 1258 90 1319 quod
105 1258 200 1320 quidem
211 1256 236 1306 lit
251 1255 276 1305 in
284 1255 349 1309 nobis
361 1269 403 1320 per
412 1256 516 1306 habitum
524 1256 616 1308 rimatis
625 1257 728 1322 merelis3
737 1259 836 1310 secundo

30 1333 122 1392 autem,
145 1327 209 1392 quid
229 1327 288 1378 ratio
309 1327 413 1382 inueniat
429 1340 541 1391 congruas
560 1327 610 1378 vias
628 1329 656 1378 ad
674 1325 836 1392 perficiendum

29 1401 116 1450 bunum
124 1397 302 1462 uirtutis3puod
310 1399 409 1464 quidem
414 1398 566 1464 Philosophus
575 1399 679 1460 (11111,
690 1399 719 1448 Vl
720 1435 729 1461 ,
737 1412 786 1464 cap.
796 1400 835 1464 12,

30 1476 52 1521 et
65 1471 168 1532 nstin,
180 1469 217 1533 X,
229 1482 280 1534 cap.
292 1469 336 1534 8),
349 1469 452 1525 attribuit
461 1469 597 1534 prudentie.
608 1467 724 1529 Quantum
738 1479 792 1532 orgo
806 1470 835 1520 ad

31 1544 143 1606 priunum,
152 1544 214 1592 Deus
225 1541 357 1604 immediati
365 1541 465 1593 custodit
474 1541 590 1594 bominem
601 1540 742 1592 infundendo
754 1540 837 1605 cipra-

30 1616 86 1664 tiam
99 1618 125 1666 ot
134 1613 242 1669 mrtutes.
255 1614 368 1672 Quantum
381 1616 456 1666 111111
471 1614 499 1664 11
514 1613 651 1676 secuudum,
662 1614 722 1662 lteus
737 1612 838 1664 custodit

31 1686 165 1748 bominem,
184 1683 242 1734 sicm
263 1684 399 1737 uniuersalis
422 1685 561 1748 instructor,
580 1683 646 1748 ouius
670 1683 837 1734 instructioni

31 1758 151 1810 bominem
161 1756 270 1821 pertenit
283 1756 435 1808 mediantibus
449 1757 551 1820 angelis,
566 1755 674 1820 utsupra
689 1754 792 1806 habiturn
800 1759 837 1806 est

31 1830 87 1891 t.qu
101 1827 274 1892 111,111.1).

63 1901 97 1950 td
119 1900 215 1950 tertium
227 1899 352 1949 dicendum
358 1897 441 1962 ,dudd
455 1899 516 1949 sicut
531 1898 635 1950 homines
648 1898 661 1947 1
674 1861 797 1948 umneli'
791 1910 837 1948 rna·

31 1973 106 2022 tinctu
132 1969 191 2022 boni
210 1971 328 2023 disoedum
344 1974 437 2034 propter
452 1971 583 2034 passionem
600 1969 702 2033 peccati,
719 1968 756 2018 ita
769 1967 838 2018 etiam

32 2044 158 2094 discedunt
172 2043 200 2092 ab
213 2042 360 2106 instigatione
376 2042 487 2092 bonorum
503 2041 635 2104 angelorum
649 2052 701 2102 quae
715 2037 765 2087 fit
758 2037 838 2088 inuisi

32 2115 126 2178 bibitor,
139 2127 181 2178 per
194 2116 239 2174 boo
252 2113 315 2177 pudd
334 2112 439 2164 homines
450 2111 584 2162 bluminant
600 2112 629 2161 ad
644 2111 702 2178 bene
716 2108 837 2172 agendum.

33 2187 98 2238 t'nde
112 2185 180 2249 quid
188 2185 294 2236 nomines
303 2188 414 2248 pereunt,
422 2197 471 2235 non
479 2187 515 2235 est
526 2183 686 2248 imputandum
693 2178 839 2244 negligentiae

33 2259 184 2320 augelorum,
202 2256 245 2306 sed
271 2254 364 2306 malitis
385 2255 512 2309 bominum.
540 2254 604 2313 Quod
624 2256 699 2304 autem
719 2250 839 2314 aliquando

34 2334 119 2389 preter
134 2326 210 2391 legem
226 2339 372 2378 communem
388 2326 518 2378 hominibus
533 2325 652 2378 visibiliter
669 2325 791 2388 spument,
810 2335 840 2372 cx

34 2391 131 2461 speciali
149 2400 191 2451 liei
212 2399 286 2463 gratia
300 2402 349 2462 est;
368 2397 427 2448 sient
443 2397 512 2451 etiam
530 2400 612 2462 preter
629 2395 732 2447 ordinem
752 2396 839 2446 nature

36 2472 147 2522 ruriracula
159 2470 227 2522 fiunt.

342 2576 499 2628 sumendus
513 2576 543 2626 ll.

75 2705 166 2750 Uti-tem
174 2703 271 2759 nepoti
275 2701 516 2758 martinopolis
527 2699 619 2755 trapetis
632 2697 807 2744 moderarer.

67 2833 101 2881 ud
118 2831 248 2882 secundumn
260 2828 295 2880 sic
307 2790 447 2893 proceditur
461 2827 555 2876 Videtur
569 2823 629 2889 qubd
642 2836 689 2874 non
704 2821 788 2884 singuli
801 2821 842 2869 bu·

39 2902 113 2954 mines
129 2903 145 2953 'a
162 2901 259 2965 empuis
274 2900 364 2964 angelis
378 2898 541 2950 conmutantur.
558 2895 657 2958 angelus
669 2895 731 2946 euim
743 2895 779 2950 est
795 2889 841 2940 uir

689 2991 732 3038 dt
