1984 3309
133 210 167 246 or
182 210 266 247 nurus
281 212 428 253 menarum
441 216 564 259 mucro
579 222 755 269 coarctamur.
800 224 843 272 etl

45 282 230 349 lectnsapparet,
240 287 279 351 qui
288 289 398 353 iutelligit
404 292 570 363 universaliter,
581 304 604 351 et
614 314 656 366 per
664 308 756 359 modum
766 324 847 363 neces·

45 355 115 405 sitatis
128 358 263 420 cujusdam,
279 364 361 411 modus
372 364 435 413 enim
454 368 597 422 commeent
612 380 738 429 secundnm
755 384 846 435 modum

45 426 119 477 lormae
127 430 229 491 agentis.
237 432 266 480 Et
274 432 327 483 ideo
335 434 473 488 existimarit
482 442 543 504 guod
551 448 666 508 oporteret
674 464 710 501 res
718 452 847 507 intellectus

45 498 85 547 troc
97 502 164 551 modo
176 502 202 550 in
213 503 296 566 seipsis
304 506 437 566 subsistere,
448 512 535 564 scilicet
546 516 725 573 immaterialiter
733 530 757 575 et
765 527 845 579 immo·

45 569 123 621 biliter.
143 575 194 623 lloc
208 580 284 624 anem
304 581 579 651 praesumentum,
596 590 649 653 qnia
668 593 736 645 etiam
752 597 777 649 in
790 599 846 663 ipsis

45 643 188 695 sensibilibus
203 644 308 697 ridemus
322 651 384 713 qnod
397 652 469 704 ferma
487 656 531 708 alio
544 661 611 711 modo
624 666 660 714 est
673 665 696 716 in
711 682 756 719 nno
772 672 846 722 sensi·

45 714 117 766 tilium
128 731 202 780 quam
216 718 243 767 in
256 721 341 786 altero;
352 724 408 786 pntb
421 725 472 777 cium
484 728 509 778 in
520 743 565 781 uno
581 736 617 783 est
633 736 713 789 albedo
723 739 844 806 intentior,

46 786 68 834 in
78 790 121 839 alio
130 791 261 852 remissior,
269 797 294 845 et
305 807 357 844 cum
371 795 396 845 in
407 810 453 849 uno
466 800 547 853 albedo
558 818 611 856 cnm
625 809 753 877 dulcedine,
764 814 789 864 in
802 816 846 866 alio

46 857 91 909 sine
109 862 243 914 dulcedine.
260 866 290 914 Et
304 880 347 930 per
362 868 423 919 bunc
440 871 510 923 etiam
528 877 620 927 modum
640 881 709 931 torma
730 885 846 937 sensibilis

47 930 86 979 atio
101 934 167 985 modo
187 939 227 985 est
242 935 268 985 in
285 951 311 987 re
323 952 376 1002 qne
387 945 423 993 est
436 948 502 995 extra
518 948 631 1013 animam,
641 956 666 1002 et
680 954 724 1005 alio
740 957 806 1008 modo
820 959 845 1009 in

49 1013 122 1065 seusu,
133 1006 175 1069 gui
191 1008 291 1071 smmpit
307 1011 393 1062 laumas
412 1014 554 1069 sensibilium
568 1021 652 1086 absque
669 1028 776 1093 materia,
787 1030 846 1080 siunt

49 1073 139 1125 colorem
151 1078 206 1127 auri
217 1077 270 1129 sinc
280 1094 343 1134 arno.
350 1086 387 1133 ut
397 1085 502 1139 similiter
513 1090 644 1145 intellectus
658 1098 748 1161 species
760 1094 846 1166 corpo-

48 1156 105 1208 rum,
120 1162 168 1211 qna
184 1155 242 1200 snut
257 1154 385 1205 materiales
397 1161 422 1207 et
436 1160 546 1223 mobiles,
561 1164 642 1231 recipit
655 1166 844 1234 immaterialiter,

46 1219 67 1263 ει
81 1217 230 1271 immobiliter
243 1227 367 1277 secuudum
381 1230 473 1281 modum
487 1246 562 1285 sunm.
581 1237 664 1287 Nam«
680 1247 797 1307 receptum
811 1249 845 1296 est

46 1289 67 1337 in
81 1292 208 1357 recipiente
227 1308 272 1359 per
288 1300 379 1349 modum
400 1302 568 1367 recipientis.»
583 1308 708 1362 Dicendum
726 1318 760 1365 εει
774 1330 844 1382 ergo,

45 1361 98 1423 nndd
107 1366 187 1417 anima
199 1381 244 1432 per
256 1368 400 1422 intellectum
418 1377 535 1439 cognoscit
548 1392 643 1446 corpora
654 1385 784 1449 cognitione
801 1390 845 1440 im-

45 1437 304 1503 murmuriosum
317 1446 342 1493 et
351 1448 487 1499 necessaria.

70 1509 102 1558 bd
111 1510 217 1573 primum
233 1525 290 1576 ergo
299 1514 434 1581 meandum,
448 1520 509 1583 qnod
521 1524 616 1575 verbnm
631 1529 750 1591 Augustini
764 1534 797 1583 est
809 1534 845 1585 in-

7 1588 14 1595 ·
44 1577 187 1643 eligendum
200 1586 313 1647 quamue
328 1588 357 1637 ad
370 1600 399 1638 ca
415 1592 496 1655 pium
509 1593 637 1649 intellectus
650 1602 781 1669 cognnaclt3
798 1620 844 1658 uon

43 1656 114 1703 autem
128 1658 249 1719 qnantum
264 1658 294 1707 ad
313 1672 342 1709 ea
362 1674 414 1724 qua
430 1664 561 1719 intellectus
580 1673 704 1734 cognoscit
714 1674 843 1740 ’Cognoscit

43 1723 98 1775 cuim
115 1740 219 1792 corpora
235 1729 401 1798 intedigendo,
415 1738 456 1786 sed
470 1751 516 1789 nou
526 1754 569 1804 per
586 1756 693 1810 corpora,
708 1752 783 1815 neque
803 1766 844 1817 per

44 1794 204 1851 dudulim
220 1802 353 1854 materiales
365 1809 389 1855 ει
405 1820 538 1875 corporeae,
554 1814 594 1863 sed
608 1828 650 1879 per
662 1814 751 1881 specim
764 1822 844 1875 imma-

44 1869 352 1940 immonstrabilem,
364 1890 418 1941 que
426 1892 469 1943 per
480 1882 517 1932 sui
530 1885 653 1937 essentiam
663 1887 687 1938 in
705 1892 781 1943 anima
794 1908 844 1949 esse

44 1947 139 1999 nusum.

70 2016 101 2064 ld
113 2016 245 2067 secundum
257 2020 397 2085 dicendum,
412 2025 473 2087 quod
485 2026 544 2077 oenc
555 2030 693 2092 Augustinus
708 2034 762 2085 dicit
773 2038 843 2089 llllll.

44 2088 73 2131 bc
81 2087 161 2136 cinit.
173 2090 297 2154 Delicap.
309 2091 358 2154 ιθ).
368 2094 418 2144 lton
432 2099 468 2145 est
476 2097 680 2165 dicendum,qudd
693 2104 754 2155 sicut
765 2121 844 2161 sensus

44 2159 156 2218 cognoscit
171 2160 224 2211 sola
237 2164 378 2227 corporalia,
393 2165 426 2215 ita
441 2168 568 2221 intellectus
584 2174 702 2237 cognoscit
715 2178 760 2228 sola
775 2181 845 2245 spiri·

44 2229 119 2293 tualia3
131 2232 187 2295 quia
204 2238 342 2297 sequeretur
351 2236 412 2300 quid
422 2240 483 2291 licus
493 2246 516 2291 et
527 2244 602 2307 angeli
613 2248 737 2311 corporalia
748 2265 794 2301 non
805 2268 844 2305 co-

44 2308 184 2357 gnoscerent.
199 2305 276 2369 liujus
290 2312 370 2357 autem
386 2310 523 2363 diversitatis
543 2316 601 2366 ratio
615 2321 664 2380 est,
678 2320 730 2384 qnia
749 2322 844 2377 inferior

43 2370 108 2424 virtus
119 2389 169 2426 non
181 2390 210 2429 se
224 2380 329 2430 extendit
342 2382 371 2431 ad
386 2395 413 2433 ea
428 2390 545 2447 presunt
557 2388 677 2452 superioris
688 2392 790 2459 virtutis3
803 2398 843 2449 sed

43 2444 109 2496 rirtm
128 2449 282 2512 superiores
299 2465 351 2515 qnae
369 2459 424 2504 sunt
441 2455 557 2507 inferioris
569 2458 673 2526 virtutis,
689 2466 843 2520 excellentiori
867 2492 875 2511 ·

45 2519 104 2567 uodo
116 2523 237 2583 operatur.

70 2591 102 2639 ld
120 2588 215 2641 tertium
227 2592 363 2657 dicendum,
375 2597 436 2659 qubd
455 2602 530 2653 omnis
543 2608 618 2655 motus
631 2609 738 2672 supponit
757 2610 842 2676 aliquid

46 2658 237 2715 irnmobile.Cu1n
254 2665 316 2716 enim
334 2671 494 2729 transmutatio
513 2676 537 2723 dt
555 2678 679 2729 secundnm
695 2680 840 2749 qualitatem,

45 2738 140 2784 rcrnanet
151 2736 282 2787 substantia
290 2739 425 2806 immobilis3
435 2748 459 2794 et
467 2746 520 2795 edm
534 2750 696 2800 transmutatur
706 2753 777 2805 torma
789 2758 841 2807 sub·-

45 2806 168 2870 scutatis,
185 2814 292 2860 remanet
304 2812 401 2863 materia
417 2816 546 2869 immobilis.
562 2822 646 2871 lterum
660 2824 728 2873 etiam
745 2828 842 2877 mombi-

45 2872 95 2924 lium
117 2884 173 2930 sunt
193 2880 323 2931 immobiles
340 2883 494 2939 habitudines.
516 2888 580 2941 Sient
599 2892 714 2958 Socrates,
728 2896 771 2946 etsi
794 2912 840 2947 non

45 2958 129 3010 semper
148 2951 241 3016 meet,
255 2956 335 3004 emen
352 2953 498 3012 immobiliter
519 2964 662 3029 est-rernm,
674 2964 735 3031 qudd
751 2969 841 3031 qnando

704 3074 732 3121 ⁷*
