1984 3309
132 169 180 220 ast
290 174 367 213 rama
378 171 505 222 samm,
523 169 616 215 anana
633 170 669 218 v,
681 168 739 210 aar.
757 169 776 206 1.

132 269 175 320 per
185 252 319 319 Dionysium
327 251 401 302 ialin.
412 248 510 300 Dedin.
522 248 633 302 Nomia„
643 246 666 296 in
676 245 757 298 multis
767 246 824 301 lonis
836 246 901 312 (cap.
910 249 932 308 t,

135 331 164 389 t,
178 331 208 389 c,
230 331 243 374 l
257 328 281 376 et
297 323 339 388 8).
358 324 402 374 Sed
411 323 476 372 brute
485 319 591 372 animalia
605 332 656 381 quae
667 318 755 368 babeam
767 320 871 371 batuam
884 332 934 369 sen·

133 400 224 453 o‘bilem
236 396 337 459 marm,
347 407 394 446 nou
404 396 501 458 possam
511 391 631 456 pervenio
646 391 674 440 ad
685 390 758 440 baem
768 390 888 443 mtiunalis
897 403 934 439 aa

134 476 201 522 terrm
210 471 268 531 Ergo
277 481 321 517 nec
330 467 398 517 homo
406 466 446 530 qui
454 468 491 515 est
499 463 614 514 rationalis
624 463 721 524 natura,
730 465 810 525 potest
819 462 935 526 perunum

135 543 163 592 ad
174 542 243 594 baem
253 537 412 592 intellecwalie
422 540 520 596 natura,
532 533 571 599 qni
584 537 620 584 eat
631 533 758 584 beatitudo.

166 618 190 662 b.
205 613 330 673 Promea,
346 609 463 660 bcadtudo
476 620 532 658 vera
549 605 654 658 consistit
669 603 798 656 insiciam
819 606 882 669 liei„¹
891 618 935 669 pua

135 689 175 736 est
188 683 351 746 redemptura.
365 681 412 731 Sed
421 678 510 731 bomini
522 675 720 740 eriminatorum,
731 679 760 726 ut
770 675 895 728 ueritatem
905 678 937 726 iu-

136 758 227 807 tueatur
243 754 269 803 in
281 755 350 804 rebus
362 749 517 803 materialibus
534 750 613 800 :unde
632 747 721 812 menies
739 748 901 811 intelligibiles
916 748 936 796 ia

136 824 339 892 poauaemtbuu
348 823 455 887 inlellplt
461 859 470 886 ,
487 825 513 872 ut
526 819 609 872 dicitnr
621 819 647 870 in
658 819 698 870 lli
721 819 757 870 De
771 823 871 871 mmo.
886 822 937 882 drgo

170 975 194 1021 3.
208 972 334 1031 Proterm,
347 967 464 1020 beatitmn
479 965 586 1018 madeat
602 963 625 1014 iu
639 963 764 1028 adeptione
778 963 867 1014 nummi
880 961 937 1016 boni.

139 1043 185 1094 sed
199 1041 283 1106 munis
296 1054 349 1092 nom
356 1043 433 1105 potest
440 1039 560 1104 pervenire
571 1034 789 1098 alsuanumubi
798 1035 937 1088 temseeodat

35 1137 43 1152 ·
139 1113 222 1165 mollit.
234 1112 292 1163 edm
302 1112 373 1176 igitur
382 1112 443 1162 inter
452 1112 561 1162 Delum-et
572 1112 677 1161 naturam
693 1109 823 1160 hnmtffltn
832 1106 939 1160 medam

138 1188 219 1238 natum
235 1183 427 1248 engolismorum
437 1184 507 1234 tremo
515 1181 735 1232 uanaeeudereuon
743 1182 841 1244 potest,
855 1181 939 1232 uidetur

139 1256 201 1322 quid
211 1269 257 1307 uon
270 1256 343 1321 possit
355 1254 520 1306 beatitudinem
538 1253 642 1320 adipisci.
838 1314 843 1322 .

172 1329 304 1380 Sadcontra
312 1331 354 1390 est,
366 1327 427 1391 quod
435 1324 656 1377 dicitnriunsntm.
664 1323 732 1376 llClll
743 1339 749 1372 ι
762 1341 777 1372 «
786 1325 940 1376 Beatusimnro

139 1415 208 1465 ouem
218 1404 244 1450 tn
254 1399 377 1462 erudieris,
395 1398 490 1450 bomine
500 1398 542 1462 (d).
552 1414 566 1445 a

172 1473 182 1538 (
189 1469 433 1525 cormesio-Cim
446 1472 515 1521 bomo
530 1469 560 1519 sit
574 1467 709 1519 uniuersalis
721 1469 778 1519 boni
788 1483 832 1534 per
844 1470 940 1522 intela-

142 1549 190 1596 tam
202 1557 289 1608 capax,
302 1543 363 1606 quod
375 1547 400 1592 et
412 1542 528 1593 uoluntate
547 1543 655 1606 appetere
672 1543 763 1604 potest,
782 1542 896 1606 possibile
912 1544 939 1592 est

141 1617 259 1669 bominem
275 1615 372 1679 adipisci
383 1613 573 1677 beatitudinem.)

173 1687 309 1752 Respondeo
322 1685 458 1748 dicendum,
472 1683 534 1748 pund
552 1686 669 1736 beatitudo
683 1686 788 1736 nominat
801 1687 942 1752 adeptionem

142 1759 240 1826 perlecti
253 1758 316 1810 boni.
334 1759 467 1822 Quicunque
481 1770 535 1822 ergo
548 1760 583 1808 est
592 1770 664 1822 capax
680 1757 779 1821 perlecti
792 1759 864 1820 boni,
874 1763 942 1825 potest

143 1834 171 1884 ad
180 1830 344 1884 nonomen
355 1829 483 1895 perrenae.
495 1827 565 1888 Qadd
573 1831 651 1880 namra
662 1829 798 1880 homoboni
808 1831 909 1896 perlecti
919 1830 943 1879 sit

143 1917 223 1970 capax,
233 1917 264 1954 er
272 1905 316 1954 lucc
325 1905 420 1966 appara
431 1899 492 1965 quid
501 1899 551 1964 ejus
564 1900 697 1952 intellectus
706 1905 785 1966 potest
796 1906 943 1968 comprehen-

145 1978 199 2028 dere
208 1975 337 2027 nniaersale
348 1977 372 2024 et
380 1974 505 2038 perlectam
514 1973 612 2037 bonurn,
623 1977 647 2023 ct
658 1973 709 2038 ejus
718 1974 829 2026 amantes
840 1981 943 2040 appetere

143 2050 201 2100 illud
214 2064 221 2098 t
235 2052 259 2100 et
278 2046 417 2097 ideo-bomo
440 2048 516 2109 ponat
538 2045 702 2096 beatitudinem
722 2044 828 2110 adipibci.
850 2051 943 2112 Apparet

144 2119 281 2172 edamidem
291 2130 321 2168 ex
329 2118 374 2167 boc
380 2115 443 2180 qnod
451 2117 520 2166 homo
530 2115 749 2182 estcapax-riaiouis
762 2116 853 2170 maiam
868 2133 944 2171 essen

143 2188 580 2256 tio,sieuriupriuobabia11uest
598 2189 651 2254 (qu.
674 2191 719 2252 ta,
735 2190 846 2254 astri),
862 2191 888 2242 in
906 2203 944 2254 pua

144 2265 236 2328 padam
257 2262 348 2312 aimone
367 2260 497 2324 perlectam
514 2259 613 2312 bominis
638 2261 808 2313 bsetbndinem
825 2264 945 2314 emsisterc

145 2331 255 2385 dtrlmness

177 2405 321 2470 ltprimum
336 2419 391 2469 ergo
404 2405 538 2466 admodum,
555 2404 617 2468 qudd
631 2405 697 2456 aliter
711 2406 805 2458 excedit
816 2409 901 2458 aalma
911 2420 945 2456 ra·

146 2477 238 2528 donatia
251 2478 397 2540 mositiram,
410 2482 434 2528 et
445 2477 512 2527 aliter
528 2476 689 2528 intellectualis
702 2476 847 2529 rationalem
865 2481 944 2529 batua

146 2550 207 2602 enim
218 2548 336 2600 rationalis
349 2550 438 2600 excedit
448 2549 581 2600 sensitivam
592 2554 704 2614 qnantum
716 2550 744 2600 ad
760 2549 900 2614 cognitionis
910 2551 945 2601 ob-

181 2721 212 2784 (1)
227 2724 277 2769 Etsi
288 2724 349 2768 enim
363 2723 492 2770 litteraliter
506 2725 535 2771 ad
547 2724 643 2771 atterius
654 2725 708 2770 viter
719 2725 887 2772 beatitudinem
901 2737 943 2770 nou

147 2786 262 2840 pertineat
268 2817 275 2841 ,
284 2788 345 2828 ulex
355 2785 470 2840 adjunctis
478 2786 536 2843 ipsis
546 2791 624 2844 patet,
638 2787 668 2831 ad·
678 2799 729 2832 eam
739 2793 817 2834 tomen
829 2787 943 2845 undopird

146 2847 227 2890 reterri
245 2846 404 2915 potestpquia·
418 2849 530 2905 athetus
546 2849 599 2893 vitm
615 2849 738 2896 beatitudo
755 2851 942 2898 aenoandron

147 2907 325 2966 &inermum
337 2908 445 2956 malma
459 2911 507 2957 rita
520 2915 670 2970 expectatum„
