1984 3309
148 181 180 218 os
193 181 308 231 nonum,
320 181 386 226 onon
397 183 483 220 aorrrnr
494 183 519 221 m
532 181 603 222 srlru
614 185 665 222 run.
678 185 781 226 cessar.
820 177 862 225 trr.

66 259 211 325 respondeat.
230 260 295 310 Pater
309 259 371 310 enim
385 260 438 324 plus
457 259 531 324 diligit
546 261 617 312 tilium
631 262 781 328 naturaliter,
797 264 865 328 quim

66 334 133 383 irater
143 333 251 397 fratrem,
261 331 317 383 licet
325 332 388 382 tilius
396 346 442 382 non
456 335 597 384 tantumdem
609 333 688 399 diligat
700 339 797 400 patrem,
807 336 865 386 sicut

64 404 91 453 ab
104 417 132 454 eo
145 403 256 467 diligitur.

94 477 126 526 ld
132 477 229 527 testim
238 477 367 541 dicendum,
375 477 435 541 qudd
447 491 516 528 causa
525 477 664 542 disparitatis
673 481 762 543 poterat
773 493 822 532 esse
834 495 863 532 er

64 551 123 611 parte
137 549 193 612 bei,
206 562 253 599 non
266 550 358 613 quidem
370 552 397 598 ut
405 549 496 614 puniret
512 551 633 615 quosdam,
647 554 670 601 et
684 553 792 615 quosdam
805 567 863 618 pra·

65 620 155 684 uiaret,
169 621 213 672 sed
225 625 250 671 ut
264 622 373 684 quosdam
386 622 452 686 plus,
469 623 577 686 quosdam
592 623 667 674 minus
679 624 825 690 sublimaret,
836 629 863 674 ut

64 692 205 754 pulchritudo
220 692 305 743 ordinis
324 693 398 757 magis
411 694 436 743 iu
447 694 553 744 omnibus
569 695 688 746 reluceret.
703 697 733 745 Et
750 697 818 746 etiam
836 711 866 748 ex

65 768 123 827 parte
135 769 225 816 naturai
238 769 328 829 poterat
343 765 465 830 disparitas
479 766 582 828 causari,
594 766 717 818 secundun
731 769 863 832 praedictum

67 838 165 902 modum,
177 837 267 902 absque
282 837 327 888 alio
338 838 427 888 delectu
437 842 532 888 natura.

357 1009 516 1061 ARTICULUS
532 1009 571 1060 tv,

108 1135 190 1180 Utrrlm
200 1135 273 1180 bonae
282 1135 383 1179 irrotatur
392 1135 530 1181 innocentius
546 1135 635 1180 bomini
647 1135 822 1181 dominabatur.

95 1263 127 1313 ld
139 1269 249 1328 quartum
263 1263 297 1313 sic
310 1263 439 1326 proceditur
449 1261 493 1325 (l).
507 1263 601 1314 Videtur
611 1263 672 1327 quod
685 1266 753 1315 bomo
767 1265 792 1314 iu
806 1269 865 1316 statu

67 1332 198 1386 intumentia
214 1334 305 1385 homiui
324 1343 371 1385 nou
384 1335 551 1384 dominabatur.
567 1335 626 1384 uicit
640 1335 702 1385 enim
713 1336 864 1401 Augustinus,

66 1406 120 1456 lllll.
134 1408 171 1456 De
190 1408 270 1458 civit.
290 1407 337 1454 Dei
346 1406 411 1471 (cap.
430 1409 475 1469 lt)
494 1424 500 1455 ι
517 1423 531 1454 a
547 1405 666 1456 Hominem
683 1407 816 1457 rationalem
838 1409 864 1458 ad

66 1475 183 1542 imaginem
203 1491 272 1530 suam
290 1480 376 1529 laetum
390 1493 437 1530 non
450 1479 523 1530 voluit
537 1481 596 1530 Deus
613 1478 657 1528 nisi
674 1478 865 1530 irrationabilibus

66 1550 185 1616 dominam,
204 1563 256 1601 non
272 1551 389 1602 bominem
403 1550 505 1611 bomini,
523 1551 563 1601 sed
576 1550 694 1600 bominem
706 1551 817 1614 pecori.»

94 1629 115 1674 a.
131 1627 251 1676 eratum
258 1662 266 1688 ,
276 1624 333 1674 illud
343 1625 403 1688 quod
417 1627 454 1674 est
465 1624 618 1674 introductum
630 1624 654 1674 in
667 1637 759 1688 poeuam
768 1625 863 1688 peccati,

67 1706 109 1745 uou
121 1696 206 1749 luisset
217 1697 246 1747 in
257 1699 318 1746 statu
328 1695 474 1747 innocentia.
484 1697 529 1746 Sed
540 1696 655 1747 bominem
665 1696 758 1746 subesse
768 1697 863 1760 homini,

67 1766 214 1819 introductum
236 1773 273 1819 est
285 1769 310 1817 iu
324 1781 415 1832 poenam
434 1767 536 1832 peecati3
551 1769 638 1818 dictum
652 1771 687 1820 est
700 1769 762 1818 enim
776 1767 865 1818 mulieri

68 1845 116 1900 post
124 1846 246 1906 peccatum
258 1856 264 1889 z
276 1841 346 1890 «Sub
355 1844 468 1904 potestate
477 1840 522 1890 riri
532 1839 585 1904 eris,
596 1857 609 1888 a
618 1844 644 1892 ut
654 1841 736 1892 dicitur
747 1843 814 1898 Gan„
824 1841 864 1890 lll.

68 1912 122 1976 Ergo
132 1915 155 1964 in
167 1917 232 1966 statu
245 1913 381 1964 innocentia
390 1927 438 1962 non
451 1916 500 1964 erat
512 1915 580 1964 homo
592 1913 680 1964 homini
693 1914 817 1977 subJ'eutus.

98 1990 119 2035 3.
135 1987 263 2049 Praeterem'
284 1985 395 2049 srrbjectio
409 1984 508 2035 libertati
521 1983 651 2048 opponitur.
666 1985 709 2035 Sed
726 1984 816 2034 libertas
831 1987 867 2034 est

70 2069 134 2106 uuum
149 2059 178 2109 dc
191 2056 318 2123 precipuis
331 2056 410 2119 bouis,
420 2057 480 2121 quod
494 2055 519 2106 in
539 2059 600 2106 statu
615 2054 750 2107 innocentiae
765 2067 811 2105 nou
825 2057 865 2106 de·

70 2127 153 2194 laium,
166 2130 260 2194 quando
270 2145 285 2176 a
295 2127 353 2180 nihil
362 2128 440 2180 aberat
452 2129 513 2192 quod
527 2129 586 2178 bona
599 2129 704 2178 volumtas
716 2140 799 2192 cupere
810 2142 864 2191 pos-

69 2203 135 2262 set‚u
146 2205 172 2252 ot
186 2199 331 2264 Augustinus
346 2199 412 2264 dicit,
424 2201 484 2250 xlv,
503 2201 537 2249 De
552 2201 630 2250 Cr'ur't.
642 2201 689 2248 Dei
704 2199 764 2263 (rap.
777 2203 805 2248 lt
817 2199 865 2263 jam

71 2271 157 2336 sopri).
172 2275 235 2337 Ergo
249 2273 317 2323 homo
330 2271 419 2323 bomini
431 2271 456 2321 in
474 2275 535 2322 statu
550 2271 688 2324 innocentius
700 2283 745 2320 nou
766 2270 866 2321 domina·

99 2415 142 2466 Sed
159 2420 241 2468 contra
260 2433 265 2466 :
288 2416 389 2468 conditio
408 2416 528 2466 hominum
546 2417 570 2466 in
589 2419 649 2467 statu
667 2415 803 2466 innocentiae
821 2429 866 2467 non

72 2487 117 2536 erat
123 2488 211 2552 dignior
217 2489 287 2554 qu'am
294 2489 393 2540 conditio
401 2488 542 2553 angelorum.
554 2490 598 2540 Sed
606 2489 666 2539 inter
675 2489 767 2551 angelos
775 2488 866 2552 quidam

72 2557 119 2608 aliis
130 2561 279 2613 dominantur
288 2577 294 2611 ε
304 2563 364 2611 unde
375 2564 399 2612 et
413 2576 473 2612 unus
484 2563 539 2613 ordo
547 2562 755 2611 nominationum
763 2566 864 2612 vocator.

101 2732 130 2796 (l)
145 2737 178 2783 oc
189 2737 227 2782 bis
242 2736 314 2782 etiam
325 2736 349 2780 in
363 2735 391 2794 Ξ,
407 2736 434 2791 2,
450 2749 489 2793 qu.
509 2733 567 2794 lot,
584 2744 626 2783 art.
640 2737 669 2794 2¹,
684 2741 731 2780 tum
743 2737 765 2780 in
788 2749 863 2794 corpu,

75 2801 119 2844 tunt
131 2799 159 2844 ad
169 2799 195 2854 l;
212 2806 238 2844 nt
251 2801 315 2857 atil,
326 2799 403 2848 Sent„
416 2799 470 2844 dist.
479 2797 519 2856 td,
532 2811 571 2854 qu.
583 2798 595 2844 1
607 2834 612 2856 ‚
628 2805 672 2846 art.
683 2797 709 2852 3;
722 2803 746 2843 et
762 2794 864 2856 Optatus„

76 2859 124 2919 xx,
135 2861 177 2909 lib.
189 2863 227 2923 11,
239 2875 293 2920 cap.
311 2861 339 2921 9,
355 2861 441 2914 eol.1;
463 2867 487 2906 ct
505 2862 528 2906 in
546 2861 625 2908 eodem
643 2865 742 2922 Opaca„
756 2862 796 2907 lib.
815 2861 863 2919 ΠΙ,

76 2933 124 2980 sap.
138 2924 192 2971 item
206 2925 222 2970 9
235 2932 260 2972 et
271 2923 317 2985 li,
332 2925 393 2975 mres
408 2923 487 2971 tinum.
