1984 3309
231 121 329 159 namur
345 122 400 161 savs
416 120 720 161 emmerammenses.
832 115 878 164 sil

79 196 191 261 cujusque
198 200 235 249 ert
242 198 366 249 meunddm
377 198 560 253 pervenientium
572 212 620 253 sue
626 203 723 251 artare.
731 199 879 252 adtersdrn

79 270 235 331 producuntur
243 270 355 334 animata,
365 271 431 322 aliter
445 272 584 336 inanimata,
597 273 665 323 aliter
673 273 797 335 animem,
811 277 879 339 atque

78 340 141 390 aliter
158 340 253 405 planta.
276 343 339 393 Unde
359 342 508 395 menifestum
523 347 560 395 est
575 343 638 407 qued
655 344 774 395 distinetie
791 344 881 396 divina·

78 424 123 460 rum
140 424 291 477 personarum
305 417 340 464 est
354 414 478 465 seeunddm
492 417 553 479 qued
564 416 648 466 divinae
661 420 747 467 nature
761 416 877 468 conuenit.

78 484 139 534 Unde
154 497 209 535 esse
227 486 254 535 ad
269 485 391 549 imaginem
413 488 454 537 liei
475 487 601 538 seeunddrn
620 488 770 539 imitationem
796 488 881 540 divinae

77 558 175 621 name,
190 570 237 607 non
259 557 359 607 excludit
379 560 423 609 hee
440 557 501 623 quid
519 563 555 609 est
574 573 624 610 esse
647 560 675 609 ad
698 559 822 624 imaginem
840 560 883 612 Dei

76 626 201 678 seeunddm
220 628 445 694 representationem
469 630 538 681 trium
560 644 721 695 personaruma
743 632 784 682 sed
805 631 880 694 magis

76 711 143 749 unum
157 702 186 751 ad
198 700 297 750 alterum
308 701 419 765 sequitur.
433 700 550 765 sicigitur
562 702 684 753 dicendum
698 705 735 753 est
748 703 775 753 in
786 703 879 753 homine

76 783 122 821 esse
141 771 269 837 imaginem
293 772 348 837 liei,
365 778 391 825 et
408 776 519 837 quandam
538 774 567 824 ed
589 777 692 826 naturam
713 773 831 838 diamani,
857 779 881 825 et

77 846 181 904 quantum
197 846 227 895 ad
242 844 377 895 Trinitatem
393 858 555 911 personarum
572 848 661 896 namet
675 845 701 899 in
723 846 774 911 ipse
790 847 838 898 Dee
854 845 880 899 in

77 914 142 967 tribus
159 916 270 981 persenis
280 931 325 967 rma
343 918 422 969 existit
435 921 523 969 natura.
738 972 742 979 ,

105 988 131 1039 nt
141 1002 185 1053 per
200 990 247 1039 hee
260 992 323 1055 patet
335 990 454 1055 responsio
467 991 496 1042 ad
510 991 555 1041 due
566 990 647 1055 prima.

106 1060 136 1111 lid
148 1061 250 1111 tertium
265 1060 399 1125 dicendum,
412 1062 473 1125 qudd
488 1062 545 1113 ratio
557 1061 596 1112 illa
606 1063 752 1127 precederet,
770 1062 790 1113 ai
803 1062 879 1127 image
910 1100 913 1106 .

76 1130 113 1181 Dei
129 1137 193 1186 esset
213 1132 240 1183 iu
252 1133 352 1184 *hemina
365 1132 468 1197 perfecte
482 1137 649 1198 representans
663 1134 742 1184 Deum.
756 1135 801 1186 Sed
820 1134 881 1188 siem

77 1204 214 1267 duprslinus
224 1204 279 1256 dieit
290 1204 315 1255 iu
326 1206 375 1255 illl.
390 1209 425 1255 De
439 1206 507 1255 Trita.
519 1206 586 1271 (eap.
595 1211 610 1255 d
619 1205 628 1269 )
636 1244 644 1267 ,
653 1205 754 1258 maxima
764 1209 803 1257 est
811 1206 880 1257 dim-

76 1274 142 1325 renlia
163 1276 239 1343 hujus
252 1274 368 1327 Trinitatis
380 1290 431 1341 quae
445 1280 481 1327 est
494 1276 517 1326 in
534 1276 616 1337 nabis,
631 1278 659 1327 ad
675 1275 808 1327 Trinitatem
817 1276 880 1327 diui·

77 1358 132 1397 nam.
150 1348 181 1398 Et
199 1347 254 1398 ideo
276 1347 319 1411 tut
334 1348 384 1412 ipse
406 1347 492 1400 ibidem
512 1347 591 1411 dicit),
607 1364 622 1395 «
638 1344 774 1397 Trinitatem
786 1361 836 1411 quae
852 1347 879 1399 in

76 1419 136 1469 nobis
156 1425 208 1485 est,
223 1420 328 1472 ridemus
346 1419 421 1483 polide
440 1419 508 1484 quam
524 1420 650 1482 eredimus3
671 1419 743 1469 Deum
756 1417 812 1469 aerei
829 1433 880 1473 esse

75 1490 218 1555 Trinitatem,
231 1484 345 1542 eredimus
354 1490 513 1556 potiusquam
524 1490 638 1552 videmus.
650 1506 665 1537 a

103 1566 135 1615 ld
144 1567 256 1629 quartum
265 1562 396 1627 dieeudum,
408 1562 468 1629 qudd
476 1562 572 1627 quidam
578 1563 684 1616 dixeram
691 1563 716 1613 in
726 1562 820 1613 homine
829 1577 881 1615 essa

76 1634 145 1687 selim
157 1635 287 1699 imaginem
297 1635 356 1685 Filii.
365 1636 409 1686 Sed
420 1636 464 1687 hee
476 1634 590 1698 imprelrat
598 1634 738 1697 Augustinus
748 1634 773 1685 in
783 1636 833 1686 llil.
845 1637 881 1687 De

78 1708 141 1757 Trr'e.
155 1710 218 1772 (rap.
229 1710 263 1769 6).
279 1705 357 1760 Primd
371 1706 462 1771 quidem
480 1720 522 1771 per
538 1708 582 1757 ime
599 1705 673 1771 qudd,
688 1705 740 1756 edm
755 1706 880 1758 seeundirm

77 1779 230 1841 equalitatem
246 1778 353 1831 essentie
365 1776 438 1831 Filius
453 1779 483 1829 sit
497 1778 560 1827 Patri
575 1778 668 1841 similis,
683 1791 778 1830 neeesse
800 1782 849 1838 est,
861 1778 882 1828 si

76 1848 139 1901 humo
148 1850 180 1901 sit
193 1851 271 1900 iaetus
280 1850 309 1900 ad
320 1848 493 1916 similitudinem
502 1849 567 1913 Filii,
579 1849 640 1913 qudd
648 1850 681 1901 sit
694 1849 769 1901 laetus
777 1850 807 1899 ad
818 1849 880 1900 simi·

76 1920 191 1975 titudinem
209 1920 293 1971 Patris.
314 1921 431 1985 meandi,
449 1920 503 1985 quia
517 1921 537 1971 si
553 1923 622 1979 deme
638 1924 700 1974 esset
719 1923 794 1973 iaetus
805 1920 880 1973 aeliam

77 1993 101 2043 ad
114 1994 240 2059 imaginem
252 1992 323 2057 «Filii,
336 2007 381 2044 non
398 1993 483 2045 diceret
499 1995 566 2044 Pater
581 2009 587 2043 :
604 2010 618 2041 e
631 1992 753 2045 Faciamus
766 1991 882 2043 seminem

78 2064 101 2115 ad
117 2064 244 2131 imaginem
267 2068 290 2115 el
308 2064 477 2117 similitudinem
496 2067 610 2125 nestram,
629 2081 643 2111 a
664 2064 705 2118 sed
723 2072 804 2112 tuem.
822 2062 881 2115 Cum

78 2148 125 2199 erge
138 2135 224 2189 dieitur
239 2153 245 2185 ε
263 2153 277 2184 u
288 2137 322 2187 ld
337 2135 459 2199 imaginem
472 2135 514 2187 Dei
528 2134 697 2199 ieeitillum‚»
713 2147 760 2185 nen
770 2138 805 2185 est
814 2134 882 2188 iutel-

77 2205 189 2269 ligeudum
200 2208 264 2273 qndd
277 2204 345 2259 Pater
358 2207 414 2259 lecit
423 2206 541 2260 hominem
554 2206 628 2259 sellim
639 2209 668 2258 ad
682 2204 806 2270 imaginem
815 2206 879 2271 Filii,

78 2279 113 2341 qui
126 2285 162 2332 est
174 2284 253 2343 Deus,
270 2283 295 2329 ut
309 2279 400 2343 guidam
414 2283 582 2343 exposueruut3
595 2278 636 2329 sed
652 2277 826 2342 intelligendum
846 2284 881 2331 est

78 2350 133 2411 qued
145 2352 247 2403 Trinitas
259 2352 318 2403 lleus
331 2350 385 2402 feeit
401 2351 520 2415 hominem
532 2352 561 2411 ad
576 2350 700 2414 imaginem
719 2363 798 2413 smne,
812 2350 882 2402 idest

78 2422 142 2474 tetius
155 2422 282 2475 Trinitatis.
295 2421 351 2474 Cium
365 2426 441 2473 autem
455 2421 608 2487 diritmqudd
617 2423 678 2475 lteus
693 2422 750 2473 feeit
764 2422 881 2474 neminem

79 2494 103 2543 ad
111 2494 236 2560 imaginem
249 2508 323 2557 suam,
333 2494 454 2559 dupliciter
471 2497 547 2557 petest
557 2494 663 2559 intelligi.
675 2494 725 2546 Uno
735 2496 811 2558 mede,
819 2494 881 2558 qudd

79 2563 122 2615 hee
138 2566 271 2633 praepositio
299 2566 362 2631 (ed.)
388 2566 491 2630 designel
519 2566 640 2616 terminum
657 2567 781 2631 laederis,
805 2570 832 2616 ut
849 2566 882 2622 sit

80 2648 171 2689 sensus:
189 2657 203 2687 «
215 2636 338 2689 Faciamus
347 2638 463 2691 hominem
477 2637 554 2689 taliter
569 2639 596 2687 ut
610 2638 640 2688 sit
655 2638 680 2691 in
695 2652 723 2689 ee
732 2638 807 2703 image
822 2650 880 2687 ues-

81 2708 119 2757 tra.
131 2726 144 2755 u
156 2710 207 2761 llio
220 2710 289 2759 modo
300 2708 350 2759 hee
359 2708 490 2773 praepositio
505 2708 558 2771 (mil
570 2711 645 2772 petest
658 2710 777 2773 designare
788 2720 880 2759 musam

81 2782 237 2844 exemplarem,
248 2779 369 2831 deutedn
376 2779 472 2831 dieitur:
483 2798 496 2827 u
507 2781 552 2831 lste
560 2780 660 2832 liberast
668 2781 777 2831 iaetusad
785 2780 879 2830 illum.»

83 2847 108 2897 dt
118 2850 150 2901 sie
164 2852 240 2917 image
259 2851 346 2907 lleiest
362 2852 411 2917 ipsa
423 2850 523 2905 essentia
533 2850 624 2918 dirus,
633 2863 686 2919 que
695 2850 790 2905 abusive
805 2850 879 2911 irrage
