1984 3309
143 186 191 235 til
320 195 384 235 rues
402 197 424 245 r,
440 196 542 241 ouasr..
555 194 658 243 uuxrv,
674 194 729 233 err.
746 197 782 234 vr.

143 270 292 335 pugnemus.
308 272 389 323 Nonne
402 272 448 321 istu
458 272 536 322 onrnie
548 286 589 336 per
603 273 704 323 locorum
715 285 743 321 ec
755 277 887 337 temporum
900 274 946 323 bis·

143 343 224 393 teriam
236 343 387 406 quaesierunt.
406 344 500 402 »Quod
514 349 590 393 autem
608 343 749 405 Augustinus
763 357 812 394 uon
833 344 867 393 sic
884 345 948 395 intel-

142 412 253 476 lexerit«
262 413 339 464 onrnia
351 415 459 478 cognosci
472 414 497 463 in
511 414 637 465 rationibus
655 414 761 474 uternis,
774 416 813 463 vel
826 414 851 463 iu
865 414 949 466 incoru-

142 484 246 534 mutabili
254 486 360 548 veritate,
370 503 385 533 u
394 485 461 549 quasi
469 487 524 550 ipse
533 484 633 538 rabones
644 488 736 535 eterne
747 485 883 551 videantur3
890 490 939 551 pate

142 570 183 620 per
194 558 238 629 boc
248 557 310 622 quod
321 559 371 623 ipse
382 558 436 609 dicit
445 558 469 607 in
479 557 520 609 lib.
536 556 655 608 Llllllllll.
672 572 722 620 qu,
736 557 798 620 quod
812 559 949 609 «rationalis

143 628 235 691 anima,
253 643 301 680 nou
316 632 392 681 omnis
408 635 433 681 et
447 642 611 695 quecumque,
629 628 669 679 sed
687 642 738 692 ques
757 634 840 679 sancta
856 634 879 681 et
897 644 949 693 pura

143 700 227 766 luerit,
241 702 349 753 asseritur
363 700 399 751 illi
415 702 515 763 visioni,
534 719 548 749 u
566 701 653 751 scilicet
672 700 786 751 rationum
801 706 948 763 cebennarum,

142 785 194 821 cece
206 772 309 837 idonco;
320 773 378 824 sicui
389 777 443 823 sunt
453 765 536 823 emmau
546 773 674 823 beatorum.

176 845 205 895 nt
215 858 257 909 per
266 846 318 895 bec
328 848 391 909 patet
402 844 520 909 responsio
533 845 562 894 ad
571 843 669 907 objecta.

439 997 600 1047 ensiculus
617 998 656 1046 Vl.

164 1112 250 1158 Utrtim
259 1112 405 1160 intellectiva
416 1112 519 1169 munitio
533 1112 666 1173 accipiatur
676 1112 691 1156 cl
700 1110 768 1157 reduce
778 1114 937 1159 sensibilibus.

176 1232 210 1281 bd
225 1233 315 1281 sermm
332 1229 367 1281 sic
381 1230 511 1295 procuditur
527 1229 570 1297 (l).
582 1230 676 1280 Videtur
689 1228 748 1293 qubd
760 1229 902 1281 intellectiva
912 1246 954 1282 co-

146 1300 219 1365 pnitio
225 1313 272 1352 non
281 1302 501 1366 accipieturbrebrs
510 1302 664 1353 sensibilibus.
673 1300 731 1351 uicit
739 1300 801 1351 eninr
809 1304 954 1367 Augustinus

145 1376 170 1425 in
183 1375 222 1425 lib.
236 1375 355 1425 tlttlltll.
373 1389 416 1439 qu.
430 1374 480 1439 (qu.
494 1376 530 1440 9),
545 1374 604 1439 qubd
613 1392 627 1422 a
638 1386 685 1424 non
701 1378 736 1424 est
749 1376 892 1438 expectanda
906 1377 956 1427 siu-

145 1445 228 1497 cerites
237 1446 342 1497 uenutb
353 1447 366 1497 b
376 1446 479 1511 coquens
489 1446 627 1510 sensibus»
638 1450 663 1495 et
673 1446 716 1497 hun
729 1446 810 1509 probat
823 1448 953 1513 dupliciter.

146 1520 196 1570 Uno
205 1520 273 1570 niodo
284 1529 326 1583 per
336 1521 394 1581 boc,
409 1518 469 1582 qnod
479 1537 494 1567 e
505 1526 572 1569 omne
582 1518 642 1581 quod
654 1516 775 1583 corporeus
787 1532 870 1569 senne
884 1523 955 1571 ettin-

146 1590 192 1654 git,
204 1591 253 1641 sine
265 1588 313 1639 nlla
323 1589 494 1640 intermissione
505 1590 614 1655 temporis
631 1593 794 1654 commutetur3
807 1590 870 1655 quod
879 1598 956 1643 autent

145 1676 193 1714 uon
200 1662 378 1727 tameu,pcrcipi
386 1675 434 1713 uon
440 1666 545 1726 potest.»
554 1662 604 1713 llio
612 1664 679 1714 ruodo
688 1676 729 1727 per
735 1664 780 1713 boc
788 1665 956 1727 quodnomnia

146 1748 196 1797 que
210 1746 251 1798 per
265 1746 352 1797 corpus
367 1734 495 1796 sentimus,
510 1735 578 1785 etiarn
597 1733 647 1784 clim
667 1748 712 1785 nou
725 1736 808 1785 adsunt
828 1737 952 1798 sensibus,

146 1805 258 1868 inanime
269 1809 347 1855 tanen
360 1815 438 1855 enum
448 1806 561 1869 patimur,
572 1810 599 1856 nt
612 1805 637 1855 in
651 1818 740 1866 sumno,
754 1806 792 1856 vel
804 1806 899 1873 lurure3
911 1822 955 1859 non

147 1880 224 1927 autern
235 1875 341 1926 sensibus
355 1877 484 1927 discernere
501 1878 604 1927 velemus
621 1880 697 1927 utrunr
714 1877 764 1941 ipsu
778 1880 915 1943 sensibilia,
929 1895 956 1929 au

147 1948 261 2011 imagines
277 1955 356 1998 ouum
371 1948 441 1998 niens
456 1949 590 1999 sentiamus.
606 1948 668 1997 llrbil
684 1950 758 1997 autem
776 1950 867 2015 percipi
880 1954 956 2016 petest

147 2022 207 2085 pred
222 2020 305 2071 blaise
320 2033 367 2070 non
385 2020 528 2071 discernitur.
543 2039 557 2069 »
572 2020 600 2071 lit
613 2022 646 2071 sic
661 2020 787 2085 concludit,
801 2022 864 2085 qubd
884 2042 898 2073 a
912 2037 956 2075 non

148 2096 185 2142 est
198 2093 338 2157 expectanda
351 2092 458 2143 scrinei
468 2094 581 2143 sensibus.
593 2110 606 2140 u
620 2092 666 2142 Sed
677 2092 778 2154 cognitio
789 2092 957 2145 intellectualis

148 2168 184 2215 est
194 2164 361 2229 apprebeusive
370 2164 481 2215 veniatis.
495 2166 546 2217 Non
562 2179 615 2229 ergo
629 2164 727 2227 cognitio
742 2164 909 2219 intellectualis
924 2172 968 2218 est·
983 2182 984 2249 p

147 2238 291 2301 expectanda
304 2236 318 2286 l
329 2236 442 2287 sensibus.
983 2250 984 2335 p

178 2313 202 2359 ἱ.
215 2308 490 2371 Pruiom‚bugustiuus
500 2309 554 2359 dicit
563 2308 646 2373 Super
656 2308 717 2358 Gen.
727 2306 814 2358 adlit.
827 2308 891 2375 (cap.
905 2312 956 2373 dlii:
983 2342 984 2405 1

149 2397 164 2427 c
174 2382 225 2431 Non
237 2384 274 2432 cst
282 2380 493 2445 puiandnmiacerc
503 2380 589 2445 aliquid
597 2386 679 2445 corpus
688 2378 712 2429 in
724 2378 839 2443 spiritum,
847 2384 957 2447 tauquam
983 2406 984 2437 r

146 2452 240 2516 spirim
259 2451 346 2516 corpori
365 2452 461 2503 lactenti
478 2453 580 2503 materie
600 2452 652 2501 vice
672 2450 790 2501 subdatur.
809 2452 881 2502 Omni
897 2452 955 2504 enirn
983 2444 984 2511 l

146 2525 215 2575 ruodo
231 2523 376 2587 prestantior
389 2524 476 2588 estqui
490 2523 562 2585 lecit,
579 2536 606 2572 ea
620 2536 644 2573 re
658 2524 685 2573 de
700 2536 744 2587 qua
761 2522 847 2587 aliquid
861 2524 925 2575 lacit.
942 2540 954 2570 u
983 2516 984 2585 i

147 2596 212 2645 Unde
224 2594 339 2646 concludit
354 2597 415 2658 quod
430 2612 445 2643 a
452 2596 577 2657 imaginent
587 2596 688 2658 corporis
693 2631 701 2657 ,
714 2608 759 2645 uuu
773 2608 858 2661 corpus
873 2596 897 2646 in
911 2595 955 2659 spi·
983 2618 984 2655 p

147 2667 206 2728 ritu,
220 2667 261 2717 sed
271 2666 323 2730 ipse
337 2666 431 2729 spiritus
445 2667 469 2715 in
481 2667 558 2730 seipso
569 2665 630 2715 lacit.
641 2682 654 2713 u
666 2666 717 2716 Non
726 2679 780 2728 ergo
794 2665 955 2719 intellectualis
983 2668 984 2715 l

149 2737 249 2801 cognitio
262 2737 277 2788 lt
290 2738 394 2789 sensibus
407 2738 529 2789 derivatur.

184 2855 262 2967 (figitie
273 2859 391 2967 ιὶιιξὲειὶειῐι
405 2871 445 2916 qu.
456 2857 500 2918 10,
513 2857 549 2903 Dc
557 2856 642 2905 cccc„
658 2862 701 2903 art.
712 2857 739 2911 (ὴ
755 2863 778 2903 ct
794 2858 898 2917 Opone„
908 2858 952 2913 lll,
983 2878 984 2921 3

151 2934 203 2978 cap.
259 2936 271 2968 e
331 2954 336 2966 .
983 2930 984 2935 ’
