1984 3309
204 124 234 158 un
251 120 458 167 oonsrounrrrrbs
475 122 551 161 uerus
567 122 690 163 munos.
800 118 845 164 aaa

40 198 170 249 rualmvel
184 201 317 261 pannulum,
336 212 382 249 uun
395 200 465 251 bibet
479 200 590 253 rationem
602 202 687 266 oolpae3
702 207 725 253 et
741 216 781 267 per
792 217 846 254 con·

41 282 162 351 somnus,
175 282 222 320 nou
234 282 263 320 nr
277 270 321 321 boo
338 270 398 334 qubd
413 274 448 321 eut
462 272 548 336 bonurn,
562 273 631 323 babet
643 273 755 325 rationem
768 275 847 325 lauda-

74 418 101 464 2.
111 414 312 477 Praetema,'siout
323 413 437 477 contingit
449 419 569 479 pronatum
582 416 609 466 in
618 417 705 467 autibus
715 417 846 480 moralibus,

42 484 75 534 ita
89 485 149 535 etin
159 484 246 535 aclibus
260 486 328 548 artis;
342 485 404 549 quia,
415 490 440 536 ut
449 487 531 537 dicitur
542 487 567 536 in
581 489 609 538 ll.
621 490 730 551 Plrysa'm,
745 493 847 552 «percat

41 556 208 619 grammaticus
225 555 349 607 uurvractb
368 558 481 620 auribnus,
497 562 520 609 et
533 558 635 609 medicos
648 573 693 609 uon
711 559 772 610 rortd
790 562 846 611 daus

41 628 174 691 potionem.
190 644 203 675 u
224 628 267 678 sad
291 640 337 677 non
354 629 457 693 culpatur
475 630 557 679 artifex
574 643 603 679 ex
618 631 662 681 hoo
681 630 742 693 qubd
762 630 846 694 aliquid

42 700 131 751 malum
146 699 215 763 sarit,
233 700 286 763 qnia
299 700 328 751 ad
343 701 476 751 industrium
491 702 582 752 artlfiris
595 702 695 765 portium
704 703 765 766 qubd
775 703 847 767 possit

40 772 166 821 othonum
180 771 324 834 upuslanure
341 775 365 822 at
378 772 475 837 malum,
495 773 547 823 oium
556 773 663 823 uoluerit.
678 774 738 837 Ergo
755 775 846 824 videtur

40 842 107 906 qubd
120 844 185 892 antus
199 842 304 905 moralis,
320 856 350 893 ax
361 844 404 895 hoo
419 844 481 909 qubd
498 849 533 895 est
548 845 636 908 rualus,
651 857 697 894 nou
710 846 793 895 lrabeat
806 859 844 895 ra·

42 914 133 965 tionem
147 912 272 977 culpabilis.

74 990 100 1035 3.
116 986 242 1049 Praeterea,
260 984 382 1051 llionpsius
400 986 455 1039 diuit
467 987 492 1037 in
510 990 529 1039 l.
547 1000 598 1051 cap.
612 992 650 1036 De
660 986 714 1036 dtu.
729 987 844 1046 Nomia„

41 1056 107 1121 qubd
120 1074 135 1105 u
147 1057 231 1107 malum
244 1060 279 1107 est
293 1056 406 1107 infirmum
420 1062 445 1109 at
460 1059 605 1125 impotens.»
620 1060 664 1109 Sed
677 1057 795 1109 iufirmitas
809 1060 846 1109 rel

41 1127 196 1193 impotentia,
211 1128 248 1178 vel
261 1128 319 1178 tollit
332 1130 368 1179 rel
382 1129 487 1180 diminuit
504 1132 613 1182 rationem
630 1132 712 1195 culpa.
725 1132 775 1181 Nou
792 1143 846 1193 ergo

41 1204 110 1251 actus
123 1202 238 1251 humarus
253 1204 287 1251 est
300 1193 421 1265 culpabilis
437 1216 466 1253 ar
481 1204 526 1253 hoc
539 1204 600 1267 qubd
615 1207 651 1253 eat
665 1204 747 1253 malus.

74 1273 124 1323 Sed
141 1274 222 1329 corma
238 1275 286 1335 ast,
297 1274 357 1335 quod
378 1274 530 1339 Philosophus
544 1275 611 1338 dicit,
624 1275 683 1338 qudi
698 1291 712 1322 a
727 1269 848 1324 laudabilia

42 1348 101 1397 sunt
113 1344 224 1393 uirtutum
238 1356 320 1408 opera,
334 1344 492 1408 vituperabilia
507 1350 583 1396 autum
595 1347 632 1396 val
645 1345 766 1409 culpabilia
779 1358 848 1409 opera

41 1416 168 1469 contraria.
179 1431 193 1463 u
206 1416 252 1467 sed
264 1419 330 1467 antus
342 1418 397 1469 burri
407 1421 461 1469 suut
475 1422 539 1477 aptus
550 1417 654 1480 virtutis,
669 1416 722 1480 quia
729 1416 802 1467 uirtus
812 1421 848 1468 ast

41 1502 96 1553 quau
110 1504 126 1536 n
136 1488 221 1539 bonnm
241 1488 298 1537 sarit
310 1488 446 1553 babemem,
462 1494 554 1554 etopus
569 1489 621 1553 ejus
636 1489 721 1538 bonum
734 1487 820 1551 reddit,
831 1505 845 1535 u

42 1565 68 1611 ut
79 1559 168 1610 dicitur
180 1559 205 1609 in
222 1560 250 1609 ll.
268 1559 352 1611 Etla'c.
364 1553 376 1609 :'
387 1560 447 1611 unda
457 1564 521 1611 artus
534 1560 634 1628 oppositi
647 1564 700 1609 sunt
712 1563 775 1610 actus
783 1559 846 1610 mali.

42 1632 108 1695 Ergo
119 1632 323 1693 adustionibus,
332 1644 360 1681 ax
370 1633 414 1683 hou
426 1631 488 1695 qubd
501 1634 537 1684 ost
546 1632 621 1681 bonus
633 1631 670 1681 rel
684 1630 769 1693 malua,
778 1631 847 1681 rabat

40 1704 160 1756 rationem
172 1700 291 1753 laudabilis
304 1702 342 1753 uel
356 1702 480 1767 culpabilis.

75 1774 292 1840 (Concuns10.-
308 1774 364 1825 Cium
383 1787 461 1827 omues
478 1775 574 1825 humaui
589 1778 652 1825 artus
665 1774 680 1824 d
695 1775 760 1825 uobis
777 1774 846 1827 libert

41 1848 184 1913 procedant,
199 1846 351 1897 duumuirum
366 1850 402 1897 est
417 1860 508 1897 omnem
518 1847 713 1911 actumbnmiuis‚
725 1850 752 1898 ut
761 1848 847 1897 bonum

42 1923 80 1973 rel
100 1920 197 1980 malum,
207 1919 325 1983 culpabilia
338 1920 376 1970 rol
389 1920 508 1970 laudabilis
520 1920 633 1971 rationum
646 1918 754 1982 babere.)

74 1992 358 2055 Respondeodiceudum,
374 1989 433 2053 qubd
443 1991 501 2041 sicut
512 1990 610 2040 mutum
625 1993 661 2040 est
674 1990 699 2038 iu
713 1989 765 2051 plus
778 1989 846 2051 quau

41 2066 178 2129 paccatum,
189 2061 221 2113 ila
236 2065 354 2126 poouatum
368 2065 403 2111 ast
415 2061 440 2111 iu
448 2062 501 2125 plus
513 2060 580 2124 quim
589 2062 665 2125 culpa.
681 2061 713 2109 lix
726 2061 770 2109 boo
785 2058 846 2109 euim

41 2136 129 2187 dicitur
141 2137 206 2184 antus
216 2132 333 2199 culpabilis
350 2134 387 2185 ml
400 2132 529 2196 laudabilis,
548 2132 608 2196 qubd
621 2132 745 2195 imputatur
756 2130 844 2193 agenti3

42 2206 104 2259 nihil
117 2204 182 2257 eninr
194 2210 230 2255 est
243 2205 303 2257 aliud
317 2204 403 2255 laudari
414 2205 452 2255 val
463 2204 562 2269 culpari,
573 2203 641 2267 quim
656 2201 763 2265 imputari
780 2200 849 2251 alicui

42 2278 159 2329 malitiam
175 2278 213 2327 uel
230 2278 353 2327 bonitatem
367 2276 403 2327 sui
423 2280 496 2326 aolus.
511 2278 574 2326 Tum
592 2278 668 2326 autam
687 2276 751 2324 actus
769 2272 848 2336 impu-

41 2357 107 2403 tatur
121 2351 214 2415 agenti,
236 2352 325 2413 quaudo
339 2354 374 2401 eol
386 2350 411 2399 in
421 2353 533 2413 potestate
545 2349 630 2413 lpsiun,
644 2347 677 2398 ita
692 2346 752 2411 qubd
766 2347 849 2398 habeat

41 2423 175 2476 dominium
189 2422 224 2473 sni
237 2426 310 2473 antus.
322 2424 369 2473 lion
382 2425 457 2473 autem
471 2425 506 2471 eat
515 2420 539 2470 in
548 2419 655 2471 omuibus
667 2417 754 2469 actibus
766 2420 848 2469 volun·

41 2496 127 2557 tariis,
148 2495 201 2559 quia
214 2509 255 2559 per
270 2496 410 2545 voluntatum
421 2496 488 2544 bomo
503 2492 627 2543 dominium
640 2490 676 2542 nui
690 2494 753 2542 actua
769 2490 846 2551 labat,

41 2574 67 2620 ut
83 2582 116 2619 ex
133 2565 201 2630 suprb
216 2566 282 2617 dictis
305 2569 376 2629 patet.
391 2566 454 2616 Unde
473 2564 608 2628 relinquitur
628 2562 689 2627 qubd
707 2563 797 2611 bonum
810 2562 848 2611 vel

41 2639 145 2691 malum
160 2637 184 2686 in
197 2636 250 2689 solis
261 2637 347 2689 antibus
361 2634 494 2687 uoluntariis
513 2634 631 2686 coustituit
648 2633 759 2684 rationem
772 2631 846 2682 laudis

41 2800 97 2845 cap.
110 2784 135 2842 5,
149 2784 172 2829 in
183 2784 293 2844 antiquis,
309 2784 345 2832 rel
357 2796 385 2829 nx
393 2793 445 2840 cap.
457 2781 486 2841 l,
497 2782 635 2841 groco-lat„
645 2783 793 2836 annotasset,
806 2778 845 2823 ubl

40 2850 121 2899 simile
134 2846 253 2905 quiddam.
