1984 3309
310 156 342 197 nc
358 158 436 197 ornan
449 158 563 200 succuum
579 160 637 198 nur.
842 155 871 205 tt

65 236 173 296 putantur
190 238 245 286 tunc
258 236 306 286 oluo
324 237 380 286 locu
391 238 471 299 aquis,
488 252 535 289 uon
548 239 627 288 eudem
643 236 743 301 ratione,
757 238 798 288 sed
810 239 873 289 locus

64 308 166 372 superior
178 312 214 359 est
225 310 293 359 locus
311 310 469 373 generationis
481 324 603 375 aquarum,
618 313 682 361 locus
692 313 767 361 auem
778 311 873 362 inlerior

65 382 101 429 ent
112 380 173 430 locun
184 380 271 443 quietio
287 390 377 431 cauum

98 450 272 502 insomnium
289 452 429 515 dicendum,
444 451 505 516 quod
517 452 538 504 si
550 453 689 518 accipiantur
700 466 765 516 aque
778 454 873 506 tireno

68 521 188 573 secundino
209 524 334 587 speciem,
347 525 517 575 firmamentum
535 526 620 575 dicitur
635 525 736 575 diuidere
754 538 824 589 aquae
844 526 872 575 ab

67 594 141 657 contr,
151 606 198 645 non
214 596 277 645 sieut
290 608 361 647 cauca
378 596 625 659 Iaeleusdivinionem‚
635 597 676 647 sed
693 596 752 646 slent
762 597 873 648 terminus

65 668 212 729 utrarumque
226 680 349 730 uquarum.
521 705 525 707 ἡ

94 737 128 787 Iol
139 738 236 787 tertium
250 736 387 801 dicendum,
405 732 470 801 ouoo'
481 739 572 804 Moysen
585 744 676 803 propter
692 741 873 791 invisibilitatem

64 807 122 857 aeris
131 811 156 857 et
163 808 280 858 similium
291 822 422 873 corporum,
430 810 507 859 omnia
515 811 648 875 hujusmodi
655 813 798 876 roroonsun
808 825 873 876 aque

64 877 156 928 nornine
168 880 356 943 comprehendit.
372 881 403 929 Et
418 879 451 929 sic
463 881 609 946 manilestom
618 886 653 932 ost
666 883 727 946 quod
739 897 767 933 ex
778 887 874 947 utraque

67 954 128 1010 puto
141 950 287 1001 firmamenti
299 951 488 1015 qualitercunque
502 953 604 1018 accepti,
614 958 668 1004 runt
677 967 750 1018 aqna.

368 1103 528 1155 Anniculus
543 1104 581 1155 lv.

264 1206 352 1263 Utrum
362 1219 394 1263 uit
404 1231 479 1264 uuum
488 1221 573 1265 coelum
582 1222 685 1267 matrim.

97 1336 130 1387 ld
143 1341 254 1401 quartum
271 1334 305 1387 sie
320 1335 450 1399 proceditur
461 1336 505 1401 (1).
518 1337 611 1389 Videtur
623 1338 683 1401 quod
697 1339 727 1390 sit
740 1354 809 1391 unum
827 1354 874 1391 coe·

68 1406 111 1456 lum
125 1408 228 1459 tantum.
244 1408 335 1458 Coelum
350 1407 414 1457 enirn
428 1416 506 1458 contra
521 1413 605 1459 ternam
618 1409 738 1474 diuiditur,
752 1410 803 1461 cium
820 1411 876 1461 dioi-

71 1484 120 1529 tru:
135 1498 148 1526 o
157 1481 185 1530 ln
202 1476 321 1545 principle
332 1478 419 1528 creavit
426 1478 485 1528 Deus
496 1478 580 1529 coelum
591 1483 615 1530 et
627 1484 719 1531 terrum.
732 1499 746 1529 o
758 1482 803 1533 Sel
815 1488 874 1533 terro

72 1554 103 1601 ost
115 1566 156 1601 una
171 1548 276 1601 tantiam.
289 1550 349 1613 Ergo
361 1554 384 1601 ct
402 1550 485 1600 coeluuu
498 1552 616 1601 estonum
630 1550 727 1603 tantiam.

102 1624 123 1672 t.
136 1624 269 1684 Praeterea,
286 1634 355 1671 omne
374 1622 435 1685 qnod
454 1625 542 1672 constat
554 1636 583 1672 ex
598 1626 647 1673 tota
660 1636 700 1674 sna
714 1624 825 1687 moterlo,
841 1627 876 1676 est

71 1708 136 1743 uuum
152 1694 257 1745 tautum.
275 1692 321 1743 Sed
335 1692 419 1743 coelnm
431 1696 466 1743 est
480 1694 623 1756 hujusmodi,
639 1698 665 1743 ut
680 1695 759 1759 prohat
772 1697 874 1747 Philoso-

69 1766 125 1829 pluus
136 1764 161 1815 in
172 1766 192 1817 l.
209 1766 243 1815 de
260 1764 334 1813 Goelo.
350 1763 409 1825 Ergo
423 1762 505 1813 coelum
518 1769 556 1814 est
566 1778 637 1814 unum
649 1764 745 1816 tantum.

101 1840 122 1887 ³.
135 1838 270 1899 Praeterea‚
287 1833 398 1899 quicquid
410 1833 490 1884 dicitur
501 1836 529 1885 de
540 1836 644 1899 pluribus
660 1836 758 1886 univoce
768 1876 775 1901 ‚
792 1837 874 1887 dicitur

71 1906 97 1956 olo
116 1908 150 1958 cis
172 1906 304 1959 secundum
323 1919 393 1955 uuam
414 1904 525 1956 rationem
544 1919 695 1957 communem.
713 1909 759 1957 Sed
779 1908 799 1958 si
822 1913 874 1959 sunt

70 1978 140 2040 plures
152 1978 223 2041 coeli,
236 1980 323 2029 coelnm
336 1976 420 2029 dicitur
431 1976 527 2028 univoce
541 1978 569 2029 de
583 1976 697 2043 pluribus;
712 1979 764 2042 quia
775 1978 794 2029 si
805 1980 876 2044 aqui·

71 2048 135 2114 uoce,
149 2064 198 2101 nou
207 2046 304 2114 proprie
318 2048 449 2099 dicerentur
462 2050 539 2113 plures
551 2049 611 2099 coeli.
622 2050 716 2113 Oportet
726 2062 795 2113 orgo,
807 2051 826 2100 si
840 2051 875 2101 di·

72 2125 148 2171 cuntur
163 2122 243 2187 plnres
260 2120 326 2181 coell,
339 2118 400 2183 quod
416 2118 446 2170 sit
456 2119 532 2185 aliqua
541 2120 599 2171 rat'uo
613 2121 740 2171 communis
749 2122 874 2173 secuudum

73 2204 135 2254 quum
151 2193 205 2244 coeli
218 2192 336 2243 dicautur.
348 2193 414 2241 lianc
427 2196 501 2243 autem
519 2206 566 2242 non
585 2197 621 2243 est
637 2191 760 2257 assignare.
777 2194 828 2244 Nou
841 2198 876 2245 est

73 2276 122 2327 ergo
135 2265 260 2315 dicendum
273 2262 335 2329 quod
348 2264 395 2315 sint
410 2265 487 2329 plures
501 2265 562 2314 coeli.

101 2336 143 2386 Sed
150 2342 230 2387 contra
242 2340 291 2396 est,
302 2337 364 2399 quod
373 2334 456 2385 dicitur
465 2335 490 2384 in
500 2336 541 2385 Po.
551 2334 675 2386 CXLVIII:
688 2355 702 2385 o
711 2338 811 2387 laudate
823 2352 875 2387 enm

76 2407 122 2456 coli
134 2407 279 2457 carlorum.»
684 2411 687 2421 '

103 2478 263 2542 (Coucnnsoo.
273 2477 338 2527 —Si
351 2486 421 2527 omne
433 2477 489 2529 illud
505 2491 588 2541 corpus
602 2478 662 2542 quod
674 2491 742 2542 supra
754 2482 839 2529 terram
853 2483 877 2530 et

75 2562 151 2614 aquam
164 2554 214 2615 est,
227 2552 322 2601 nomine
337 2549 390 2601 coeli
400 2550 534 2615 accipiatur,
548 2565 619 2601 unum
630 2548 719 2601 tantum
733 2556 768 2601 est
780 2553 873 2615 coelum3

74 2622 126 2671 uerti
137 2627 214 2673 tamen
225 2622 352 2675 secuudum
361 2622 506 2672 uariasillius
515 2623 584 2673 totius
593 2626 670 2687 partes
679 2627 732 2673 sunt
740 2623 805 2688 coeli3
818 2622 876 2673 varii

76 2702 158 2757 quoqne
169 2699 224 2744 sunt
236 2695 287 2744 coeli
305 2706 348 2759 per
361 2694 517 2757 metaphoram
531 2692 610 2757 dieti)

106 2818 135 2881 Ii)
149 2825 183 2869 De
198 2822 235 2867 nro
246 2824 316 2869 etlam
331 2822 355 2867 ln
372 2820 407 2875 II,
423 2822 500 2872 Seni..
514 2821 566 2867 dist.
584 2820 625 2881 le,
642 2828 684 2867 art.
707 2820 736 2877 t;
753 2828 776 2867 et
790 2822 813 2865 in
827 2819 874 2866 Ile·

76 2884 150 2940 upa..
166 2887 222 2931 lect.
240 2885 265 2943 7,
279 2887 341 2932 circa
359 2884 439 2929 linem.
