1984 3309
124 177 171 234 aee
303 182 363 221 rsus
378 184 401 233 u,
415 182 508 229 ouesn
525 182 627 234 dxxxix,
645 182 699 221 aar.
716 182 762 221 ru.

124 276 174 314 esse
191 261 217 311 in
230 262 283 310 actu
302 264 338 309 est
350 258 426 324 ipsum
441 258 576 323 intelligere.
592 260 650 323 Ergo
666 259 751 323 speeies
770 258 945 327 intelligibiles

125 332 241 385 sufficiunt
255 333 283 383 ad
299 334 343 383 hoc
353 331 414 395 qnod
429 330 559 381 intellectus
574 332 626 381 actu
638 330 763 395 intelligat,
779 332 872 396 absque
894 337 946 387 hoc

124 405 185 470 quod
198 406 225 455 ad
235 405 393 468 phantasmata
403 416 427 453 se
438 406 566 452 convertat.

155 481 178 526 2.
195 478 323 537 erueres,
339 474 411 537 magis
422 475 536 539 dependet
551 473 684 542 imaginatio
701 473 714 523 d
729 486 800 523 seusu
813 476 892 539 quhm
906 480 946 531 in.

125 550 230 601 tellectus
237 548 266 599 ah
274 546 447 613 imaginatione.
457 546 501 596 Sed
509 545 641 609 imaginatio
648 548 725 611 potest
732 544 860 608 imaginari
871 556 943 613 actu,

124 620 256 673 absentibus
277 618 430 671 sensibilibus.
448 618 507 681 Ergo
524 618 594 668 multu
617 616 688 681 magis
705 616 838 669 intellectus
856 626 946 685 potest

124 692 252 757 intelligere
272 695 341 755 actu,
355 704 400 741 non
412 689 565 742 convertendo
579 702 603 739 se
614 688 642 743 ad
656 688 828 755 phantasmata.

158 768 180 815 e.
195 765 324 824 Preterea,
339 761 513 827 incorporalium
529 774 575 811 non
593 766 647 811 sunt
659 760 735 824 aliqua
750 762 940 824 phantasmatu-¹

126 837 179 901 quia
192 833 323 900 imaginatio
333 838 425 898 tempus
434 838 458 885 et
470 832 603 901 continuum
615 846 662 883 uon
675 834 824 883 transcendit.
840 836 870 885 Si
881 852 942 900 ergo

124 910 253 960 intellectus
270 910 347 957 noster
364 918 411 955 non
423 912 503 969 posset
519 905 603 969 aliquid
616 905 743 968 inlelligere
763 904 788 956 in
802 910 875 967 actu,
893 911 942 961 nisi

126 982 294 1033 converteretur
304 977 333 1028 ad
345 978 517 1043 phantasmata,
529 979 660 1042 sequeretur
673 976 734 1041 quod
746 990 792 1041 pon
805 988 893 1041 posset
903 984 943 1033 iu-

126 1054 227 1117 telhgere
239 1052 397 1114 incorporeum
411 1049 503 1114 aliquid.
519 1050 583 1109 Quod
597 1050 660 1113 patet
672 1062 723 1101 esse
737 1048 829 1101 falsum.
845 1052 942 1106 lutelli-

126 1124 201 1189 gimus
214 1123 275 1173 enim
288 1122 408 1173 ueritatem
419 1122 502 1186 ipsam,
516 1126 539 1177 el
550 1122 634 1184 Deum,
647 1124 670 1171 et
681 1120 783 1183 angelos.

158 1197 203 1247 Sed
212 1198 291 1246 contra
299 1197 350 1257 est,
359 1195 419 1258 quod
427 1194 581 1259 Philosophus
593 1192 646 1243 dicit
654 1193 679 1245 in
688 1194 727 1243 lll.
735 1194 772 1243 De
783 1196 876 1245 animo
886 1200 937 1263 (l),

38 1300 41 1304 ·
126 1268 187 1331 quod
201 1285 215 1315 «
226 1266 283 1317 nihil
294 1266 343 1317 sine
357 1268 514 1332 phantasmate
528 1263 633 1329 intelhgit
643 1265 726 1315 anima.
743 1281 756 1313 u

158 1338 168 1404 (
175 1338 318 1401 Conclusio.
331 1364 363 1373 -
376 1337 508 1389 Intellectus
521 1338 656 1400 conjunctus
666 1336 756 1401 corpori
766 1338 876 1401 passibili
885 1357 937 1394 nou

126 1415 203 1475 potest
217 1410 342 1478 intelligere
358 1409 403 1463 nisi
419 1410 571 1461 convertendo
582 1422 606 1461 se
616 1410 645 1459 ad
658 1410 845 1476 phantasmata.)

157 1484 291 1554 Respondpo
301 1482 436 1550 emptum,
449 1479 509 1545 qudd
522 1480 661 1545 impossihile
676 1484 711 1531 est
721 1480 866 1538 intellectum
878 1500 938 1539 nos-

126 1558 186 1603 trum
200 1554 324 1608 secundum
341 1552 462 1617 praesentis
479 1552 703 1617 clientelamque
719 1553 822 1616 passibili
840 1560 937 1621 corpo-ui

126 1625 177 1689 conj
182 1626 287 1687 ungitur,
303 1622 387 1688 aliquid
395 1622 523 1687 intelligere
534 1624 559 1681 in
570 1627 632 1685 actu,
641 1622 686 1674 nisi
695 1628 850 1691 convertendo
865 1642 892 1679 se
905 1633 936 1681 ud

126 1700 292 1762 phantasmata.
304 1697 333 1745 Et
345 1697 389 1745 hoe
405 1696 493 1745 duobus
509 1696 599 1747 indiciis
613 1699 715 1759 apparet.
730 1696 808 1746 Primd
824 1699 932 1765 quiderm,

126 1769 179 1833 quia
188 1768 238 1819 chm
247 1768 377 1819 intellectus
384 1768 415 1817 sit
423 1767 458 1817 sis
468 1768 572 1832 quedam
578 1781 625 1817 uon
633 1772 699 1818 ntem
709 1770 821 1833 corporali
830 1784 930 1835 organo,

125 1841 187 1891 nullo
199 1841 266 1891 modo
276 1840 422 1905 impediretur
432 1840 456 1891 in
466 1854 507 1892 suo
519 1844 570 1891 actu
580 1854 620 1903 per
633 1839 749 1891 lesionem
765 1842 863 1907 alicujus
875 1860 931 1897 cor-

126 1912 209 1976 poraHs
219 1914 299 1975 organi
308 1952 315 1974 ‚
324 1912 344 1962 si
353 1926 399 1962 uon
409 1912 561 1975 requireretur
570 1913 598 1964 ad
609 1911 659 1976 ejus
668 1916 744 1963 actum
753 1916 819 1965 uetus
829 1917 934 1981 alicujus

126 1983 234 2049 potentie
246 1985 333 2038 utentis
347 1997 432 2047 organo
446 1985 567 2048 corporali.
579 1986 677 2035 lltuntm
688 1988 764 2037 autem
778 1998 865 2049 organo
878 2004 932 2041 cor-

127 2058 199 2123 porali
208 2070 290 2108 sensus
295 2062 335 2121 ,et
344 2056 475 2119 imaginatio
479 2061 519 2120 ,et
528 2058 577 2107 aliae
584 2057 644 2106 uires
652 2056 793 2120 pertinentes
801 2059 831 2107 ad
839 2065 932 2123 partem

126 2129 268 2181 sensitivam.
279 2130 342 2179 Unde
354 2127 500 2178 manifestum
509 2132 558 2189 est,
568 2127 627 2192 qudd
639 2128 667 2178 ad
676 2129 719 2177 hoc
728 2127 788 2191 quhd
797 2129 934 2185 intellectus
989 2164 990 2187 u

128 2206 179 2252 actu
192 2200 319 2264 intelligat,
331 2214 378 2252 uon
392 2199 464 2249 solnm
477 2200 610 2263 accipiendo
627 2199 744 2252 scientiam
758 2200 786 2250 de
799 2214 875 2267 novo,
888 2208 933 2255 sed

127 2273 196 2324 etiam
213 2274 297 2323 utendo
310 2271 405 2323 scientia
418 2271 468 2334 jam
480 2270 592 2334 acquisita
605 2270 727 2334 requiritur
739 2275 803 2321 actus
817 2274 934 2337 imagina-

128 2344 196 2395 tionis
206 2347 231 2394 et
237 2348 363 2393 ceterarum
369 2342 488 2392 virtutum.
499 2342 606 2393 Videmus
615 2342 676 2391 enim
685 2342 746 2405 quod
755 2342 866 2407 impedito
878 2352 932 2397 actu

127 2415 217 2465 uirtutis
230 2414 382 2477 imaginativm
398 2427 438 2477 per
449 2413 566 2464 lesionem
584 2416 679 2477 organi,
696 2418 722 2463 ut
731 2413 756 2463 in
771 2416 930 2479 phreneticis,

126 2491 151 2537 et
164 2484 266 2536 similiter
279 2484 389 2549 impedito
403 2488 454 2534 actu
465 2486 619 2537 memoratione
635 2484 739 2549 virtutis,
755 2488 780 2535 ut
797 2485 822 2535 in
844 2488 931 2539 lethau-
989 2546 990 2553 p

162 2600 192 2664 (1)
208 2605 266 2648 Tum
284 2607 342 2649 text.
361 2602 391 2647 ao
409 2604 517 2661 expresse
534 2605 576 2649 suh
597 2604 633 2649 his
647 2605 736 2658 verhis3
753 2610 799 2649 tum
818 2611 878 2651 text.
898 2608 931 2653 39

128 2665 292 2722 equivalenter
302 2667 345 2711 suh
361 2666 428 2712 aliis:
444 2680 528 2723 nempe
539 2666 601 2723 qudd
611 2680 666 2711 cem
680 2669 723 2725 poi
733 2667 886 2726 speculator,
895 2673 931 2715 au·-
989 2668 990 2721 ff

128 2728 181 2773 mol
192 2729 264 2773 etium
274 2740 366 2775 aecem
376 2734 409 2775 eat
417 2730 563 2787 phantasma
573 2730 693 2786 quoddam
703 2731 931 2788 apeculurmclaets'
989 2728 990 2731 '

126 2790 240 2837 comitile
252 2790 350 2849 aliquid
362 2794 445 2849 tepeo
458 2791 617 2850 ietette’pihs‘le
626 2791 744 2851 adjectum
754 2796 883 2851 despiciet.
898 2799 931 2843 Et

129 2867 183 2901 mox
202 2854 263 2911 quhd
278 2856 366 2912 prim
382 2856 555 2901 intellectione
566 2855 737 2913 phenennae
754 2858 865 2917 meldens
877 2872 930 2911 oea
989 2870 990 2905 3

128 2921 200 2969 anat,
212 2916 253 2963 aed
263 2929 313 2963 non
325 2919 380 2963 siue
392 2916 676 2976 plasmationes,
689 2923 732 2967 ete.
989 2920 990 2923 ’
