1984 3309
155 186 187 224 uz
200 186 280 226 (ΗΒΕ
297 186 445 226 cunittonis
461 186 595 227 Clmlllss
611 189 769 230 mmmm·
856 184 870 228 't

355 344 578 416 morsurus-ur.
630 353 632 360 ·

67 460 145 505 lttrlror
159 462 276 505 mouture
288 458 422 517 corporalis
439 460 472 504 stt
480 460 600 569 lpsrodsroto
615 463 631 509 ὰ
644 464 696 510 lteo
712 464 872 511 mediantibus

259 530 263 541 ·
417 534 519 581 uespere.

90 644 122 695 lsi
135 643 230 695 tertium
242 644 279 695 sio
291 643 423 709 proooiitur
432 642 476 709 (l).
489 642 583 693 Videtur
599 644 776 709 quodomnium
789 659 870 710 eorpo-

63 714 113 765 rrlis
131 715 161 765 sit
175 716 289 779 producta
303 714 317 766 l
330 716 379 767 lieo
398 715 553 765 mediantibus
566 715 664 780 agetis.
685 717 749 767 Siout
760 717 823 769 euim
833 732 871 769 ros

61 786 217 847 gubernantur
230 801 274 851 per
286 788 391 839 divinam
405 785 558 851 sapientiam,
573 788 606 838 its
619 788 696 839 omnis
711 792 765 839 sunl
776 802 818 853 per
830 791 872 841 ltei

61 858 195 919 supientism
217 860 295 920 mola,
310 858 435 911 secuudum
458 857 513 909 illud
531 858 626 909 Psotm.
638 859 710 909 olli:
722 861 830 911 »Omnia
846 861 870 912 in

62 930 170 991 sapientis
179 930 267 983 fecisti.
279 947 293 977 rr
301 931 349 981 serl
360 929 467 981 ordinare
475 933 511 981 est
519 930 639 994 sapientis,
649 934 676 980 ut
684 930 769 981 dieitur
777 932 871 996 inprin-

63 1000 118 1063 cipio
130 1001 244 1065 Metoplr.
263 1002 329 1052 Unde
342 1001 367 1051 in
383 1000 548 1065 gubernatione
565 1015 639 1053 rorum
653 1002 762 1053 interiora
776 1016 818 1067 per
830 1017 870 1055 su·

63 1070 147 1133 periura
158 1077 271 1135 reguntur
283 1074 383 1136 quodum
394 1072 490 1132 ordlm,
503 1078 529 1121 ut
542 1072 684 1135 Augustinus
694 1073 765 1133 dieii,
781 1074 821 1124 lll.
838 1075 872 1125 de

64 1143 128 1193 triu.
142 1144 209 1209 (cup.
219 1146 260 1208 t).
275 1146 336 1207 Ergo
348 1148 373 1195 et
390 1144 416 1194 in
428 1156 504 1195 rerum
516 1144 664 1207 proluotiouo
676 1144 732 1195 tulis
745 1146 800 1196 ordo
812 1146 869 1209 tuit,

62 1216 119 1279 quid
129 1222 235 1269 creatura
244 1217 378 1282 corporalis,
390 1217 501 1279 tanquam
510 1217 611 1280 interior,
620 1231 661 1282 por
670 1217 813 1283 spiritualem
820 1223 871 1271 larr-

63 1302 128 1351 quam
142 1290 284 1353 superiorem
300 1293 337 1339 est
352 1290 472 1357 products.

92 1364 116 1411 t.
132 1360 264 1423 erotema,
281 1360 405 1411 diversitas
422 1358 544 1410 eliecluum
563 1360 703 1414 demonstrat
716 1360 870 1414 diversitatem

63 1443 198 1491 maurum,
211 1431 267 1496 quia
286 1449 301 1479 rr
314 1431 376 1481 idom
389 1443 481 1495 semper
494 1430 551 1496 lusit
561 1430 630 1482 ilem.
644 1447 660 1479 o
676 1430 704 1481 si
722 1444 776 1494 erpo
791 1445 871 1486 omnes

65 1506 172 1555 creature
183 1508 228 1554 tum
240 1502 373 1568 spirituales
383 1502 454 1567 quim
462 1503 590 1568 eorporslos
597 1506 652 1555 sunt
662 1502 793 1554 immorliute
802 1503 870 1557 noso

66 1574 188 1638 producte,
202 1576 266 1625 nulls
275 1578 338 1641 esset
350 1574 410 1625 inter
418 1577 532 1624 creaturas
540 1573 728 1635 dirersitos‚nee
738 1575 784 1625 una
797 1575 870 1639 magis

64 1644 177 1697 distarett
189 1646 237 1697 Deo
250 1646 320 1709 quim
331 1645 378 1695 nlla
389 1662 395 1694 z
407 1646 469 1709 quod
478 1649 598 1710 patetesse
610 1646 704 1706 trinum,
713 1644 767 1695 elom
778 1650 870 1711 propter

65 1716 153 1781 «muge
163 1717 252 1769 distare
265 1716 279 1768 'o
292 1720 354 1778 Deo,
366 1733 381 1764 n
397 1717 459 1767 dieat
472 1717 623 1783 Philosophus
637 1718 742 1783 quoram
758 1718 870 1783 corrupti-

63 1788 113 1839 lrilln
125 1803 186 1841 esse.

92 1864 115 1909 ³.
130 1862 263 1920 Praeterea,
277 1861 306 1911 sd
319 1860 491 1925 podnoemum
503 1860 608 1912 etenum
626 1857 716 1909 [tultum
727 1873 774 1911 non
792 1861 871 1925 requi-

64 1932 116 1983 ritur
127 1934 203 1983 virtus
221 1932 320 1983 inliuila.
338 1933 384 1983 Sed
404 1945 472 1983 omne
490 1946 572 1996 corpus
589 1932 679 1982 linitum
693 1936 737 1983 est.
753 1933 813 1997 lirpo
830 1948 871 1997 por

64 2005 147 2057 initum
156 2006 270 2055 uirtutem
281 2004 409 2069 spiritualis
418 2008 528 2055 creatore
539 2004 633 2068 prolusi
643 2004 730 2067 potuit,
741 2009 765 2056 et
773 2007 870 2070 prodoc-

67 2080 108 2126 tom
122 2078 180 2141 luit,
198 2078 253 2141 puin
264 2076 290 2127 in
304 2076 388 2127 talibus
401 2089 448 2125 non
463 2075 538 2126 lilierl
549 2090 600 2125 esse
611 2078 636 2125 et
648 2077 734 2139 posse;
743 2078 871 2140 presertim

67 2148 114 2210 quis
122 2149 186 2199 nulla
200 2148 302 2212 dignitus
310 2150 445 2211 sompetons
458 2146 525 2197 alicui
536 2145 661 2199 seeundum
673 2159 739 2198 suurn
751 2151 868 2213 naturum,

67 2220 85 2269 ei
98 2222 235 2285 denegetur,
253 2218 299 2269 nisi
313 2218 371 2271 lorti
384 2218 415 2267 ob
426 2218 515 2281 eulpam
524 2231 597 2269 susm

95 2292 139 2343 sel
152 2297 232 2343 eontra
242 2295 287 2351 eol,
297 2292 358 2355 quod
371 2289 457 2341 dieitur
466 2290 561 2346 Gener„
574 2290 598 2339 lr
608 2290 656 2339 «ln
664 2289 776 2355 principio
786 2292 873 2345 crearit

69 2364 123 2414 lleus
140 2365 224 2415 eoelum
239 2367 263 2415 et
275 2367 360 2413 terram
375 2378 382 2411 r
399 2377 413 2407 n
428 2374 468 2425 per
480 2375 532 2425 qus
545 2363 784 2426 ereaturuoorporulis
801 2362 870 2415 intol-

71 2429 147 2495 ligitnr.
166 2437 228 2499 llrgo
251 2437 355 2486 ereatura
377 2433 499 2497 corporalis
520 2437 557 2483 est
572 2432 703 2484 immediati
721 2432 735 2484 l
752 2435 799 2486 lino
817 2448 870 2499 pro-

101 2578 296 2640 (Concursum-
305 2578 423 2629 Creaturae
434 2576 562 2641 corporales
572 2580 626 2628 sunt
637 2576 744 2627 effectivi
755 2580 780 2628 et
792 2578 871 2630 immo

72 2648 125 2701 linit
139 2649 210 2701 llieo
223 2650 357 2717 productos,
375 2650 399 2699 et
412 2661 458 2699 non
472 2646 545 2699 metm
557 2647 634 2713 aliqui
646 2649 778 2713 angelorum
790 2663 871 2715 operu-

73 2720 148 2785 tloue.)
748 2755 751 2766 ι

104 2846 132 2907 (l)
146 2854 178 2897 Ile
187 2853 225 2899 lris
238 2852 311 2898 etism
324 2850 348 2895 in
364 2847 487 2907 ll‚Sent.,
498 2848 553 2897 dist.
565 2849 588 2912 l,
603 2855 690 2909 quast.
704 2848 729 2912 l,
740 2854 787 2895 art.
801 2848 835 2904 ὃς
846 2854 871 2893 et

78 2912 157 2969 ΟΜ.
176 2912 216 2977 15,
230 2928 285 2973 opp.
299 2912 315 2957 9
329 2916 354 2958 et
366 2908 406 2957 lo.
