1984 3309
189 192 221 227 ns
235 188 339 225 omaus
356 188 450 227 sarusar
466 189 550 228 ornans
567 192 592 229 m
608 192 727 231 conum.
830 184 861 230 85

60 270 120 319 oerel
130 266 154 318 ei
164 271 266 318 ereatura
274 268 324 331 jann
335 266 407 330 iacta,
422 278 490 329 quam
504 270 626 332 antequam
639 266 733 320 iaceret.
749 270 777 320 ut
789 269 822 321 sie
835 270 862 321 iu

59 344 154 403 utroque
170 352 239 404 opere
253 334 378 389 creationis
391 342 415 389 et
431 338 588 404 formationis,
600 340 699 391 Trinitas
713 354 862 406 personarum

58 410 191 461 insinuatur.
210 412 237 460 ln
254 410 369 460 creatione
384 408 476 471 quidem
490 423 586 473 persona
601 412 688 475 Patris,
702 424 744 477 per
760 429 775 460 u
791 414 862 465 [lenm

58 484 171 532 creantem
182 499 190 546 ;
206 498 220 529 a
235 494 335 545 persona
348 479 400 529 Filii
411 492 453 544 per
465 496 479 527 u
490 480 640 545 principium,
651 482 676 532 in
687 497 733 545 qno
743 484 838 547 creauit,
846 502 860 531 n

58 556 81 603 et
95 566 192 617 persona
214 547 316 617 Spiritus
337 551 425 614 saneti,
442 562 483 615 per
508 552 647 617 «Spiritum
666 553 865 618 uui'superlertnr

58 624 122 687 aquis
133 624 180 688 (t).
190 640 205 670 n
219 626 247 673 lu
262 623 398 673 formatione
410 620 466 673 vend
475 637 570 687 persona
581 624 656 674 Patris
665 625 690 675 in
701 626 747 676 lieo
757 626 861 683 dieente;

56 708 151 758 persona
171 694 231 747 verb
252 694 317 758 Filii,
331 695 357 744 in
376 695 517 757 verboque
538 694 636 758 dieitur3
651 699 746 761 persona
763 696 862 760 Spiritus

56 767 124 817 sanati
132 768 157 817 in
168 766 348 830 complacentia,
357 776 403 830 qna
411 764 470 816 aldit
480 767 540 816 llens
549 780 600 817 esse
610 767 695 817 bonum
707 768 767 830 qnod
777 768 863 817 iactum

55 844 109 889 erat.
127 840 240 903 inopere
256 836 313 889 verb
325 837 432 889 secunda
448 836 492 887 diei
505 851 551 887 non
569 838 678 903 ponitur,
698 855 713 885 n
727 834 784 889 uidit
802 841 863 890 Deus

56 911 113 971 qnod
125 914 190 961 esset
199 909 306 971 bonum3
319 924 333 955 a
346 907 400 971 quia
412 922 470 973 opus
478 908 630 959 distinctionis
641 923 749 973 aquarum
759 911 861 960 tunnin-

58 982 156 1045 eboatur,
165 985 191 1032 et
203 980 230 1030 in
244 979 312 1030 tertio
322 980 359 1030 die
372 978 502 1044 perfieitnr3
512 982 573 1031 unde
587 981 648 1044 qnod
658 980 750 1044 ponitur
758 980 782 1031 in
793 982 862 1033 tertia

58 1050 100 1112 die,
112 1054 212 1103 refertur
224 1052 297 1103 etiam
311 1052 339 1102 ad
350 1052 490 1115 seeundum3
503 1053 541 1101 vel
556 1051 610 1117 qnia
624 1046 739 1103 distinctio
753 1066 804 1116 qum
818 1066 861 1117 po·

58 1120 225 1175 nitnrseeund'a
235 1123 325 1187 uie,esl
335 1122 363 1173 de
370 1122 409 1173 his
418 1136 468 1187 qum
477 1137 522 1174 non
532 1127 586 1173 sunt
594 1123 714 1174 manifesta
723 1124 807 1189 pupulo
817 1124 861 1189 (a),

56 1194 104 1245 ideo
114 1194 250 1258 hujusmodi
262 1194 430 1258 approbatione
442 1198 551 1257 scriptura
563 1208 610 1245 non
624 1196 703 1244 utitur.
712 1195 755 1245 Vel
766 1194 860 1257 iterum,

55 1270 144 1331 pmpler
154 1268 200 1317 boc
213 1265 276 1330 qudd
294 1265 462 1315 firmamentum
476 1265 611 1329 simpliciter
624 1265 759 1328 intelligitur
768 1279 809 1317 aer
820 1280 863 1317 nu·

54 1336 151 1401 bilosns,
166 1337 207 1400 qni
222 1339 319 1387 nonest
335 1336 364 1386 de
377 1336 480 1399 partibus
496 1337 683 1401 permanentibus
697 1338 722 1386 in
739 1337 862 1402 universo,

55 1421 95 1457 sen
103 1411 131 1459 de
140 1409 249 1473 partibus
259 1406 427 1472 principalibus
438 1408 523 1458 muudi.
535 1410 564 1458 111
574 1410 616 1459 bas
626 1412 673 1458 tres
685 1408 785 1459 ratiouus
795 1409 860 1459 rabbi

56 1478 143 1545 Moyses
155 1480 225 1545 ponit
234 1480 280 1545 (3).
291 1479 389 1539 Quidam
405 1482 481 1529 aulem
492 1480 607 1544 assignant
619 1480 730 1531 rationem
744 1480 863 1545 mysticam

58 1562 87 1598 en
98 1555 157 1615 parte
169 1549 277 1613 numeri,
293 1550 347 1613 quia
357 1548 461 1613 binarius
474 1550 502 1601 ab
518 1551 605 1601 unitate
616 1551 709 1602 recedit.
729 1551 793 1604 Unde
806 1565 864 1615 opus

56 1622 157 1675 suante
176 1623 225 1675 diei
241 1623 445 1686 nonapprobatur
459 1622 502 1685 (l).

84 1694 117 1745 dd
132 1700 242 1759 qnantum
260 1693 383 1743 dicendum
391 1729 400 1755 ,
414 1692 474 1755 dudd
489 1694 554 1744 rabbi
572 1694 661 1758 lloyses
672 1708 715 1760 per
728 1711 743 1742 u
755 1694 864 1758 spiritum

53 1764 144 1814 Domini
155 1782 170 1813 n
181 1763 293 1827 intelligit
304 1776 380 1814 aerem
390 1802 396 1823 ,
405 1764 444 1813 vel
452 1768 554 1826 rentum,
563 1764 624 1816 siam
631 1769 655 1815 et
666 1766 733 1816 Plato
742 1763 863 1828 intellexit,

54 1840 77 1884 et
87 1833 142 1885 dicit
151 1834 215 1900 quod
225 1835 309 1885 dieitm
320 1832 439 1899 «spiritus
449 1834 549 1895 llomini,
562 1851 577 1882 n
587 1836 779 1899 seeundumqnod
789 1834 863 1899 scrip·

54 1908 105 1954 tora
122 1905 246 1956 oonsueait
266 1904 351 1969 ubique
370 1906 450 1953 ilatum
463 1908 583 1955 nentnmm
601 1907 651 1956 Deo
668 1906 800 1956 attribuere.
818 1904 863 1955 Sed

54 1977 179 2026 secundum
193 1978 308 2037 sanatos,
324 1988 367 2039 per
384 1975 489 2040 spiritum
507 1976 597 2027 bomini
614 1976 748 2041 intelligitur
763 1976 865 2041 Spiritus

86 2136 117 2200 ll)
134 2140 173 2186 sie
193 2140 319 2197 implemus
334 2139 399 2197 quod
414 2138 478 2195 priua
490 2152 543 2188 cnm
562 2141 627 2186 biatu
649 2140 672 2185 in
688 2142 862 2199 mannsoriptua

55 2201 165 2259 Spiritus
178 2208 281 2249 samatus
295 2204 339 2259 pul
347 2202 508 2261 superfertur
515 2205 598 2261 aqum,
608 2209 632 2248 et
642 2202 667 2247 ln
677 2204 770 2260 gothico
783 2216 809 2249 aa
822 2205 865 2249 lm-

56 2266 141 2320 premis
151 2266 265 2311 omnibns
279 2265 380 2323 passim,
395 2261 507 2321 spartam
517 2266 598 2321 emti
609 2266 670 2322 pati,
683 2270 730 2311 ste.
864 2322 867 2328 ,

89 2334 119 2395 18)
131 2340 191 2382 Puta
208 2336 238 2381 de
253 2346 367 2393 aquarum
382 2335 527 2391 superiorum
539 2338 569 2381 ub
581 2335 729 2382 interioribus
739 2336 863 2396 diuisione,

59 2398 108 2453 qnia
120 2398 258 2455 superiores
271 2410 338 2453 aqum
354 2397 379 2443 in
396 2398 450 2443 loeo
465 2408 565 2443 sunnon
575 2398 691 2444 uidentur.

89 2468 118 2531 (3)
131 2471 184 2516 lib.
198 2471 239 2526 11,
255 2470 453 2529 Perplemorrtm,
464 2476 579 2529 utsupra.

88 2538 118 2601 (l)
134 2544 166 2587 ut
180 2541 340 2599 Hieronymus
359 2542 382 2586 ln
397 2540 530 2599 Apparatus,
544 2555 598 2599 cup.
612 2538 644 2597 1,
657 2547 724 2587 notat
738 2543 804 2597 Juxta
822 2540 865 2585 he-

56 2604 160 2649 braicum
179 2608 283 2663 textum,
299 2604 425 2663 Aquilam,
446 2605 607 2660 Symmachum
623 2609 648 2649 et
662 2603 862 2649 Theodotionem:

57 2666 135 2725 Naum
151 2667 221 2711 emim
239 2670 335 2723 poterat
353 2662 592 2727 (inquitlaeertndata
606 2666 657 2711 dies
671 2668 715 2723 pati
728 2666 756 2711 al
770 2667 865 2711 unione

57 2728 148 2773 diuidit
163 2726 231 2787 quaid
249 2727 325 2773 tonus
339 2732 396 2775 asset
414 2728 464 2773 Deo
482 2730 601 2775 sententio
615 2729 786 2787 comprobari:
798 2726 864 2773 etsi-

58 2791 119 2836 milia
130 2790 176 2836 lib.
192 2792 212 2849 1,
229 2788 320 2836 Coaatru
333 2791 497 2837 laudationum
508 2800 537 2836 ex
549 2804 595 2847 quo
606 2790 739 2836 referuntur
752 2791 824 2835 etiam
837 2788 864 2832 in

59 2850 185 2903 nouato,
201 2852 283 2899 Causa
297 2854 393 2915 xxxta,
407 2854 489 2909 quaest.
504 2851 530 2911 1,
545 2865 598 2911 cap.
614 2854 713 2911 Nopua
731 2852 806 2897 :lieet
817 2848 848 2893 'ld
856 2882 864 2909 ,

62 2926 107 2960 non
119 2916 199 2961 miuus
209 2915 234 2960 ld
253 2916 386 2974 exprimunt
402 2916 504 2962 seeundo
516 2913 553 2962 diu
567 2915 637 2973 qnam
650 2914 749 2960 ceteris.
