1984 3309
139 148 184 198 itt
339 157 401 197 rtur
417 159 439 209 1,
453 157 546 204 numer.
561 155 607 206 ct,
623 154 678 196 dtr.
696 157 731 194 ur.

137 235 191 286 vert
200 234 352 286 consideretur
362 249 435 286 rerum
449 235 505 286 ordo
513 236 580 298 prout
596 233 731 298 dependetd
743 233 841 298 qmltnet
854 245 932 284 seeun-

137 305 215 356 darnm
225 317 345 356 causarum
350 343 359 370 ,
369 306 471 356 eielleus
479 307 553 370 potest
563 305 636 356 latere
647 309 728 369 preter
737 305 840 356 ordinem
851 319 932 366 rerum3

137 376 191 440 quia
204 375 278 427 ordini
290 377 439 428 secundarum
451 390 569 431 musarum
582 377 632 441 ipse
647 391 694 428 uon
707 380 742 428 est
755 377 886 440 subjectus,
898 377 934 426 sed

138 447 190 499 talin
200 448 255 498 ordo
264 448 286 498 ei
297 447 431 511 nubiletur,
441 448 508 513 quasi
518 449 545 498 ab
557 462 584 500 eo
598 449 795 512 procederetur
807 461 847 513 per
856 461 935 500 necte·

139 518 228 568 situum
245 521 346 575 nature.
361 519 402 569 sed
415 533 455 584 per
467 519 584 570 arbitrium
598 519 735 579 voluntatis;
748 520 866 583 potuisset
879 519 936 570 enim

139 595 164 639 et
176 589 246 639 alium
254 589 356 641 ordinem
366 603 441 641 rernm
451 590 580 642 instituere.
589 591 654 642 Unde
664 594 688 642 et
696 591 780 654 poterit
787 595 872 656 preter
880 592 937 640 huuc

139 661 242 712 ordinem
257 659 383 712 institutum
400 675 467 726 agere
479 661 531 712 edm
547 662 658 724 uoluerit,
672 661 728 727 pnti
742 663 830 726 agendo
845 661 938 712 effeetus

141 732 293 782 secundarum
301 745 419 783 musarum
427 733 476 782 eine
482 731 546 796 ipsis,
553 733 588 784 vel
597 732 740 798 producendo
747 732 837 795 aliquos
846 729 939 782 effectus

140 804 169 853 ad
181 817 238 867 quoe
251 817 324 855 murae
333 805 438 855 secundae
447 817 495 854 non
510 817 534 854 ee
543 805 677 857 extendunt.
691 805 753 854 Unde
765 803 789 854 et
801 802 939 868 Augustinus

141 873 208 937 dicit,
218 874 299 924 xxvi.
313 875 408 925 Contra
422 876 545 926 Faustum
560 877 641 944 (raud
656 879 682 926 ut
698 875 746 940 jam
764 874 865 938 supri)3
884 873 939 938 quod

142 946 228 998 «Uene
239 949 318 996 muira
326 946 418 996 solitum
428 961 520 998 cursum
527 952 612 1000 natura
621 948 685 1008 lacit,
694 947 734 998 sed
742 950 822 998 eontra
830 959 940 1000 summan

140 1015 213 1080 legem
229 1017 293 1068 nullo
306 1017 372 1068 modo
385 1018 453 1079 lacit,
467 1018 521 1082 quia
531 1021 608 1070 eontra
620 1018 779 1082 seipsumnon
793 1018 860 1068 lacit.
873 1034 888 1064 u

173 1088 207 1139 uid
217 1088 316 1151 primum
332 1089 608 1154 ergoutuerduru,r1ndd
624 1090 676 1144 edm
691 1088 774 1153 aliqud
788 1085 906 1154 contingit
923 1089 942 1137 in

141 1160 209 1210 rebus
221 1160 359 1211 naturalibus
375 1166 458 1226 preter
471 1165 575 1212 naturam
589 1162 697 1224 inditam,
713 1161 757 1212 hoe
772 1164 853 1225 potest
867 1161 943 1224 dupli·
979 1177 980 1250 ι

141 1231 197 1281 citer
209 1231 348 1296 contingere.
360 1233 410 1284 Uno
424 1234 491 1283 modo
504 1233 664 1298 peractionem
678 1231 780 1294 agentis,
793 1231 833 1296 qui
851 1231 943 1282 inelina-

141 1303 228 1356 tiouem
242 1305 369 1356 naturalem
383 1317 430 1356 nou
447 1306 525 1368 dedit3
545 1305 603 1356 sicud
617 1303 669 1354 enm
685 1305 754 1355 homo
769 1307 849 1356 mouet
861 1317 944 1368 eorpus
980 1291 981 1362 ι

141 1389 209 1439 grave
225 1390 329 1438 sursum,
347 1377 408 1440 quod
419 1390 466 1427 non
478 1377 548 1428 nutet
564 1378 668 1428 abeunt
682 1379 800 1428 moveatur
810 1377 940 1427 deorsum:
981 1403 982 1474 1

140 1448 215 1498 etheo
223 1450 260 1498 est
268 1450 344 1499 eontra
354 1452 468 1498 naturam.
480 1448 529 1498 llio
539 1449 606 1499 modo
612 1461 654 1512 per
660 1447 773 1498 actionem
781 1445 845 1498 ilius
855 1447 943 1511 agentis

139 1518 153 1568 d
166 1531 211 1582 quo
224 1519 336 1582 dependet
345 1519 405 1569 actio
413 1519 523 1569 naturalis
534 1534 540 1568 z
551 1524 574 1569 et
581 1521 626 1570 hon
634 1533 681 1569 uun
690 1521 725 1568 est
736 1521 814 1568 eontra
825 1523 942 1578 naturam,
982 1517 983 1588 ι

141 1593 167 1639 ut
182 1593 246 1653 patet
255 1589 278 1638 in
292 1591 354 1639 duxu
363 1594 387 1640 et
397 1591 483 1641 relluxu
494 1589 572 1653 maris,
582 1590 622 1654 qui
633 1603 679 1640 uon
689 1593 724 1640 est
733 1593 812 1640 eontra
827 1593 943 1652 naturam,

75 1667 84 1680 ·
141 1659 245 1723 quamvis
255 1659 285 1708 sit
297 1665 380 1723 praeter
389 1666 476 1711 motum
485 1662 610 1712 naturalem
620 1673 683 1724 aqum
695 1674 745 1723 quae
760 1664 869 1710 mouetur
879 1663 943 1712 deor·
983 1629 984 1700 ι

143 1734 207 1792 ntim3
219 1732 254 1779 est
263 1729 323 1781 enirn
332 1745 361 1780 ex
370 1732 519 1796 impressione
530 1732 628 1784 delestis
634 1731 743 1796 comunis,
752 1730 765 1780 i
773 1742 819 1794 quo
832 1733 946 1796 dependet

143 1801 253 1853 naturalis
266 1801 383 1856 inclinatio
400 1802 533 1854 inferiorum
551 1817 678 1868 corporum.
697 1801 753 1854 cum
771 1802 842 1864 igitur
854 1808 946 1854 nature

143 1872 198 1922 ordo
207 1871 311 1924 sitier
321 1874 388 1925 rebus
395 1874 490 1938 inditus,
499 1875 519 1926 ei
529 1876 583 1939 quid
593 1878 676 1939 preter
682 1875 744 1926 inuno
753 1874 858 1924 ordinem
868 1876 947 1938 faeiat,

145 1956 190 1994 uon
199 1947 236 1994 est
243 1948 321 1994 eontra
332 1949 441 1997 naturam.
452 1947 516 1996 Unde
529 1945 669 2010 Augustinus
678 1944 742 2008 dieit,
757 1945 838 1996 XXVI.
849 1945 948 1996 Contra

144 2015 267 2065 Furnium
278 2016 337 2082 (rap.
353 2019 402 2066 eut
414 2015 462 2081 jam
471 2015 560 2081 suurn),
574 2015 635 2080 quid
650 2015 740 2066 «idest
752 2014 847 2065 cuilibet
859 2017 893 2066 rei
908 2031 949 2067 na-

144 2086 226 2147 turaie,
238 2088 297 2153 quod
307 2087 347 2137 ille
359 2086 453 2151 lecerit,
468 2087 482 2138 i
496 2101 541 2152 quo
552 2091 588 2138 est
600 2087 674 2138 omnis
685 2085 781 2148 modus,
799 2099 912 2138 uumerus
926 2090 950 2138 et

145 2159 199 2210 ordo
213 2163 333 2211 naturae.»

177 2231 210 2280 ld
223 2231 346 2283 seeundum
365 2231 497 2291 Utendum,
513 2230 574 2294 quod
591 2231 646 2280 ordo
661 2228 756 2294 justitio
769 2230 805 2279 est
819 2230 949 2280 seouudim

145 2302 279 2352 relationem
289 2304 318 2354 ud
330 2316 422 2354 eausam
437 2302 532 2366 primam
542 2341 548 2364 ,
558 2315 609 2366 quoe
621 2304 656 2354 est
665 2301 742 2364 regula
753 2300 830 2352 omnis
841 2301 947 2365 iustitiae.

145 2371 174 2422 lit
189 2372 240 2423 ideo
255 2379 337 2438 preter
349 2377 411 2424 lrune
421 2374 522 2425 ordinem
536 2374 595 2424 Ueus
608 2372 664 2424 nihil
679 2373 752 2424 iacere
765 2374 848 2436 potest.

178 2444 211 2495 td
225 2445 317 2494 tertium
329 2446 463 2508 dicendum,
476 2444 536 2508 quod
549 2445 607 2496 Uene
619 2444 730 2496 sicrebus
742 2447 828 2496 eertum
842 2443 949 2495 ordinem

145 2513 242 2578 indidit,
254 2519 279 2564 ut
289 2520 365 2567 tamen
374 2517 418 2567 eibi
431 2520 555 2568 reservaret
569 2517 630 2580 quod
640 2516 690 2578 ipse
702 2514 824 2578 aliquando
835 2529 865 2565 ex
878 2527 948 2565 eausa

147 2585 284 2704 essettaliter
295 2588 407 2636 tacturus.
418 2588 480 2637 Unde
490 2585 541 2636 edm
552 2591 634 2651 proter
644 2589 704 2637 hune
718 2586 823 2637 ordinem
833 2585 891 2652 agit,
901 2599 948 2636 non

147 2668 185 2703 mu
196 2668 208 2704 a
220 2669 254 2705 ur.
