1984 3309
146 171 192 219 too
352 176 413 216 rana
427 178 451 224 r,
467 175 558 222 cuasa.
576 175 631 224 σιν,
648 173 704 213 aar.
721 177 739 213 r.

145 255 328 321 superadditam,
343 253 398 318 qnia
411 253 449 303 vel
463 265 510 303 non
523 250 630 303 condunt
645 252 705 304 Dens
719 257 865 304 rcnmvnct
878 267 942 306 crea·
983 303 984 320 p

145 333 218 380 turam
226 329 252 378 tn
260 341 323 384 eece.
333 326 372 377 vel
381 324 488 376 continue
497 325 559 376 aliud
569 325 690 376 adderetur
700 330 809 377 creatura
821 341 827 376 ε
838 329 898 391 qnod
911 332 944 378 est

144 398 315 451 inconveniens.
329 398 380 447 Non
392 397 462 461 igitur
472 399 582 448 creatura
595 401 760 448 conservantur
770 397 795 447 in
806 413 858 448 osae
866 399 880 449 d
889 401 941 450 lleo.

176 473 222 522 Sed
231 469 944 535 contneo,quoddtciturfletr.,1:aportasscmntavoroc

146 543 237 594 virtnh's
250 557 306 596 sue.
320 559 336 592 n

180 617 338 679 (corausto.
345 613 440 665 -Cdm
451 615 512 665 lleus
523 613 554 664 sit
566 614 639 678 prima
649 614 750 666 omnium
763 625 835 666 causa
847 615 873 666 in
891 618 947 680 fieri·

146 690 170 738 et
183 701 251 744 evoe,
264 699 358 738 necesse
372 691 409 738 est
421 689 448 736 nt
460 686 537 737 omnia
551 685 619 736 etiam
632 685 726 750 abipso
739 689 932 754 conserventur.)
972 709 975 716 ·

177 759 311 824 Respondes
321 759 453 819 dicendum,
463 757 525 823 qudd
538 771 631 810 necesse
642 761 677 810 est
693 757 778 823 dicem,
789 765 814 809 ot
822 764 947 812 secundnm

147 832 214 884 tidem
226 836 251 882 et
265 833 390 884 secundam
406 831 532 894 rationem,
543 830 602 894 puod
622 833 732 882 creature
748 834 948 884 conservantnrin

146 918 199 956 esce
210 901 224 954 'a
236 903 290 954 lleo.
303 903 337 954 td
348 902 414 967 cnjus
426 902 563 952 evidentiam
575 902 763 954 considerandum
776 905 823 966 est,
833 906 897 967 qnod
911 905 948 955 ali-

147 975 201 1040 quid
214 978 360 1026 conservatnr
373 975 401 1025 alr
415 975 486 1025 altem
503 973 634 1038 dupliciter.
651 975 702 1026 Uno
720 975 787 1024 modo
800 975 915 1028 mouente
929 983 949 1028 et

147 1061 188 1112 per
200 1044 323 1110 accidens3
335 1045 394 1096 alent
409 1045 448 1096 ille
468 1045 552 1096 dicitnr
566 1057 616 1096 rem
629 1057 776 1109 conservare,
792 1046 834 1110 qni
848 1053 949 1099 removet

147 1131 303 1184 corrumpens,
310 1118 365 1182 puta
371 1117 392 1168 si
398 1117 481 1182 aliquis
488 1131 585 1181 puerum
593 1117 704 1168 custodiat
712 1129 741 1168 ne
751 1119 818 1168 cadat
826 1117 853 1169 in
862 1120 949 1184 ignem,

148 1191 230 1242 dicitur
244 1205 296 1244 eum
305 1203 448 1242 conservare.
460 1191 490 1240 Et
501 1189 533 1240 sic
550 1189 620 1240 etiam
631 1191 691 1240 llens
706 1189 791 1240 dicitur
805 1190 882 1255 aliqua
893 1207 950 1244 con-

146 1277 252 1328 servare,
268 1263 308 1314 sed
321 1275 368 1314 non
380 1263 472 1322 omnia;
486 1262 539 1326 qnia
553 1263 656 1325 quadam
671 1265 725 1312 sunt
737 1275 788 1324 que
804 1275 853 1312 non
864 1265 952 1316 labent

147 1333 327 1400 corrumpentia,
342 1347 393 1399 qna
407 1347 503 1385 necesse
520 1333 550 1383 sit
566 1346 682 1384 removere
700 1334 727 1383 ad
744 1333 778 1384 rei
793 1338 952 1387 conservatio
983 1365 984 1412 p

147 1421 208 1459 nem.
223 1407 273 1458 Alio
284 1407 352 1458 modo
364 1406 447 1456 dicitur
458 1403 542 1468 aliquid
553 1417 603 1454 rem
616 1404 714 1467 aliquam
725 1417 865 1456 conservare
873 1419 918 1470 per
929 1423 952 1457 se

145 1479 230 1531 direetd
245 1495 251 1527 :
267 1478 357 1543 qnando
374 1477 461 1528 scilicet
479 1476 535 1526 ittnd
553 1477 613 1541 qnod
631 1479 793 1539 conservator,
809 1478 952 1540 dependeta

147 1553 298 1602 consonante
309 1588 316 1610 ,
327 1552 353 1598 ut
368 1549 417 1600 sine
430 1561 458 1599 eo
468 1561 519 1599 esse
530 1561 577 1599 non
589 1546 670 1612 possit.
687 1548 717 1597 Et
728 1548 772 1597 hoe
785 1547 855 1598 modo
872 1563 951 1602 omnes

146 1626 253 1672 creatura
269 1621 373 1684 indigent
385 1620 463 1671 divina
482 1619 662 1670 conservatione.
681 1620 801 1684 Dependet
818 1620 881 1670 enim
902 1638 951 1672 esse

148 1693 269 1757 edjaulilret
280 1696 388 1744 creatura
399 1692 476 1755 tneo,
490 1692 523 1742 ita
535 1691 596 1756 quod
609 1705 652 1742 nec
667 1693 696 1742 ad
709 1695 851 1742 momentum
865 1693 952 1745 subsis-

149 1769 197 1816 tere
213 1769 321 1829 poasent,
335 1765 376 1815 sed
394 1765 418 1814 in
438 1764 536 1814 nihilum
562 1764 733 1827 redigerentur,
754 1763 799 1813 nisi
818 1766 952 1828 operatione

148 1837 234 1888 divine
247 1834 338 1888 mods
350 1841 538 1888 conservarentur
550 1835 575 1886 in
589 1851 655 1893 esse,
671 1835 731 1886 dont
745 1835 871 1898 Gregorius
885 1839 951 1890 dicit.

149 1910 180 1960 llt
191 1910 236 1960 troc
248 1923 281 1959 ιο
292 1909 390 1974 perspici
399 1912 482 1973 potest.
495 1908 575 1958 Omnis
585 1907 646 1958 enim
657 1907 750 1958 edoctus
761 1907 877 1972 dependet
887 1908 902 1959 da
912 1925 952 1960 suo

150 1995 233 2045 rausa,
243 1983 367 2032 secundum
376 1981 437 2045 quod
454 1983 491 2031 est
503 1993 570 2030 caum
581 1981 641 2044 ejus.
653 1979 698 2029 sed
711 1978 904 2031 considerandum
919 1987 954 2032 est.

151 2055 211 2119 quod
225 2053 315 2118 aliquod
330 2067 399 2116 agens
412 2058 524 2104 estmma
539 2051 576 2102 sni
584 2051 679 2102 elieotns
694 2052 819 2103 noandum
830 2054 892 2116 fieri
901 2059 954 2104 tan-

151 2131 218 2188 tum,
234 2130 257 2177 et
269 2139 317 2176 non
328 2123 414 2176 directe
428 2125 551 2174 secundnm
565 2138 617 2173 eoae
633 2127 682 2186 ejus
695 2139 700 2173 :
714 2126 775 2188 qnod
789 2124 884 2187 quidem
899 2139 955 2177 con·
982 2177 983 2180 ,

151 2198 214 2249 venit
231 2201 255 2249 et
267 2197 293 2248 in
313 2197 467 2248 malcolinus
481 2199 506 2246 et
524 2195 549 2245 in
569 2195 637 2246 relius
655 2195 802 2245 naturatibus.
820 2197 955 2249 AEdidcator
982 2205 983 2256 t

152 2271 213 2321 enim
227 2273 264 2321 est
280 2283 347 2322 causa
362 2269 442 2320 domus
452 2271 561 2332 quantum
574 2268 602 2316 ad
617 2267 668 2331 ejus
681 2266 740 2330 fieri
747 2305 754 2324 ,
768 2280 816 2318 non
831 2271 910 2320 annm
921 2271 955 2320 di·
982 2265 983 2341 l

151 2342 213 2394 recte
226 2347 336 2407 quantum
352 2343 380 2407 ad
393 2357 444 2392 esse
459 2341 521 2406 ejus.
537 2339 678 2390 Manifestum
694 2343 730 2390 est
747 2340 809 2390 enim
828 2341 891 2405 quod
904 2359 956 2392 esse

152 2415 231 2465 domus
244 2414 387 2478 consequitur
397 2414 493 2464 formam
501 2412 559 2476 ejus.
572 2411 654 2461 Forma
665 2415 740 2462 autem
751 2412 833 2463 domos
845 2417 882 2464 est
892 2428 955 2466 eom

152 2485 237 2549 positio
250 2489 273 2537 et
281 2486 350 2548 ordc;
362 2499 412 2548 qoae
427 2485 518 2548 quidem
528 2484 600 2534 torma
609 2482 754 2546 mnsequitur
764 2485 894 2536 naturalem
907 2488 956 2537 rir-

154 2561 225 2607 tutem
242 2557 388 2619 quarumdam
406 2570 490 2607 rernm.
510 2555 573 2605 Siout
592 2553 653 2606 enim
671 2567 757 2618 coquus
776 2557 855 2618 coquit
877 2559 955 2609 citrum

153 2628 281 2678 adhibendo
291 2627 389 2690 dianam
400 2627 508 2677 nonem
521 2627 646 2677 naturalem
660 2625 769 2686 aetram,
783 2627 871 2678 scilicet
882 2630 954 2692 ignis:

153 2699 186 2748 ita
199 2699 319 2750 aedificator
329 2699 383 2749 facit
396 2700 505 2762 donnum,
522 2698 649 2748 adhibendo
662 2701 813 2762 cementum,
828 2700 918 2764 lapides
932 2707 955 2751 et

90 2763 101 2790 ⁸
153 2770 231 2834 ligna,
245 2783 298 2833 quae
311 2773 363 2821 sont
373 2771 502 2834 susceptiva
514 2772 537 2821 et
547 2769 704 2820 conservativa
718 2768 769 2819 talis
780 2773 955 2836 compositionis

156 2844 180 2891 et
190 2840 283 2892 ordinis.
295 2842 358 2892 Unde
367 2857 418 2891 ecce
428 2841 509 2893 domus
519 2842 632 2905 dependet
640 2855 667 2892 en
678 2840 765 2891 naturis
775 2842 858 2893 harum
867 2859 954 2909 rerum,

156 2912 215 2962 dont
232 2913 292 2977 fieri
313 2914 393 2964 domus
407 2914 520 2977 dependet
534 2926 563 2965 cx
576 2913 664 2967 notione
677 2911 827 2967 edificatoris.
843 2917 874 2968 Et
886 2917 955 2969 simili
