1984 3309
144 220 190 267 tta
324 228 385 266 runs
400 229 423 277 r,
440 226 531 272 quesn.
548 226 639 276 crnvrr,
656 226 710 263 nnn.
728 226 754 263 u.

175 310 200 356 a.
219 305 329 356 Preterea
341 340 349 364 ,
361 306 448 368 quanto·
463 302 535 352 rioms
554 305 589 352 est
606 300 720 365 superior,
741 302 808 353 tanto
828 308 873 355 est
894 305 988 377 magist

144 377 207 427 nnita
216 377 259 441 (1).
269 377 313 428 Sed
324 376 400 427 anima
414 375 555 427 intellectiva
564 374 654 426 excedit
663 386 743 425 ornnes
753 374 813 425 alias
832 378 936 433 formas
950 384 973 435 in

145 448 236 500 mrtnte
255 449 315 516 lquo
331 447 428 499 maxime
442 448 508 498 debet
526 446 609 497 habere
628 459 697 497 uuam
713 444 824 497 virtutem
831 486 843 512 ,
861 463 914 503 seu
929 469 973 519 pp

146 520 250 572 tentiam.

178 596 200 641 o.
213 594 324 644 Preterea
333 632 340 655 ,
350 593 438 657 operari
449 597 485 642 est
495 591 615 642 existentis
627 592 650 641 in
662 594 720 642 ectu.
735 590 781 641 Sed
791 605 838 655 per
851 599 974 650 eamdem
988 637 989 659 ,

146 664 268 717 essentiam
284 665 366 716 anime
378 666 446 715 horno
460 665 529 715 habet
542 678 592 713 esse
607 664 730 715 secundum
742 662 855 715 diversos
876 672 974 730 gradus

146 735 302 799 perfectionis,
310 736 412 799 utsupra
421 736 523 786 habitum
533 738 568 785 est
579 735 621 798 (Ξ).
631 735 689 797 Ergo
698 748 739 799 per
750 734 863 787 eauudem
876 745 974 802 poten-

146 807 202 856 tiam
210 808 286 857 anima
296 810 401 872 operatur
408 806 510 858 diversas
520 806 664 871 operationes
675 805 817 855 diuersorum
826 808 972 869 graduum.

179 880 223 931 Sed
236 884 315 931 eonha
326 883 377 940 cst,
393 878 453 943 qudd
466 878 617 943 Philosophus
632 877 656 927 in
671 878 700 928 ll.
715 878 877 939 Deterrima,
898 888 974 947 ponte

149 954 225 1018 plures
237 953 317 1003 animae
331 951 454 1017 potentias.
989 986 990 991 ,

181 1026 336 1088 (Coumnsro.
346 1024 441 1075 -Chm
450 1026 519 1075 homo
530 1022 560 1074 sit
568 1023 592 1073 in
600 1022 680 1074 ulduno
695 1023 765 1087 gradu
773 1025 919 1080 secundum
931 1046 975 1083 na-

149 1102 222 1148 turam
232 1110 310 1147 eormn
319 1097 402 1160 quihus
415 1095 524 1159 competit
536 1095 665 1155 beatitudo,
678 1108 704 1145 ac
712 1095 806 1160 proinde
818 1098 932 1163 multis,
946 1117 975 1153 ac

150 1167 245 1219 diuersis
256 1167 425 1232 operationibus
439 1167 555 1231 indigeat,
568 1180 663 1217 neeesse
675 1171 711 1219 est
724 1167 749 1218 in
762 1166 842 1221 anima
856 1170 975 1225 humana

149 1241 226 1305 plures
239 1251 290 1290 esse
303 1238 438 1303 potentias.)

184 1313 317 1376 Respondeo
326 1312 447 1363 dicendum
454 1348 463 1376 ,
470 1311 530 1377 qnod
542 1324 634 1362 necesse
644 1314 680 1362 est
690 1322 774 1375 ponere
782 1312 865 1377 plures
876 1318 973 1371 anhnae

152 1379 273 1449 potentias.
285 1384 319 1434 ad
331 1384 398 1449 enjus
409 1383 546 1436 euidentiam
557 1382 744 1434 considerandum
758 1388 806 1447 est,
820 1385 890 1447 qudd
905 1390 974 1443 sicut

153 1458 306 1522 Philosophus
314 1457 399 1507 dicitiu
409 1458 438 1507 ll.
448 1458 480 1507 de
490 1456 556 1507 Coelc
569 1456 634 1521 (text.
644 1456 695 1520 66),
707 1460 842 1521 «quaesunt
852 1458 880 1509 in
892 1464 974 1514 rebus

153 1530 239 1590 intima,
249 1542 295 1580 non
306 1533 404 1592 possunt
412 1530 520 1592 consequi
528 1528 650 1593 perlectam
661 1528 795 1591 bonitatem,
805 1529 848 1579 scd
858 1532 977 1597 aliquam

104 1660 110 1671 ¹
155 1600 311 1665 imperfectam
320 1604 490 1664 consequuntur
501 1597 580 1665 paucis
591 1599 702 1664 motibus,
711 1600 827 1665 superiore
838 1602 901 1655 uerd
919 1608 974 1669 hie,

155 1671 310 1736 adipiscuntur
326 1672 450 1735 perlectam
467 1672 592 1723 bonitatem
609 1670 707 1723 molibus
721 1672 806 1723 multis.
822 1672 867 1724 llis
884 1682 974 1728 auteur

155 1742 271 1807 superiora
283 1746 351 1806 sunt,
363 1756 413 1805 que
423 1743 576 1807 adipiscuntur
588 1744 711 1808 perlectam
721 1743 848 1795 bonitatem
858 1750 975 1799 ructibus

155 1814 242 1878 paucis.
253 1814 345 1863 Somnia
354 1812 409 1864 vend
415 1814 525 1879 perfectio
533 1815 648 1865 inuenitur
655 1815 678 1864 in
687 1814 724 1865 his
734 1828 785 1879 que
794 1815 884 1879 ubsque
896 1826 976 1871 motu

156 1886 278 1949 perlectam
290 1885 407 1948 possident
419 1886 554 1937 bonitatem.
575 1888 639 1937 Siout
651 1886 727 1937 intime
742 1886 820 1937 estad
836 1888 977 1941 sanitatem

157 1955 279 2021 dispositus
296 1956 335 2021 qui
350 1971 395 2007 uon
409 1962 484 2024 potest
501 1958 625 2023 perlectam
641 1958 749 2022 consequi
766 1958 911 2021 sanitatem,
928 1965 976 2015 sed

157 2029 255 2093 aliquam
271 2029 381 2079 modicam
398 2030 542 2093 consequitur
562 2030 640 2093 paucis
654 2029 769 2080 remediis.
785 2030 867 2081 blelius
885 2037 976 2085 autern

158 2100 281 2165 dispositus
296 2104 344 2161 est,
358 2101 399 2166 qui
410 2105 488 2165 potest
503 2102 627 2166 perlectam
642 2102 751 2165 consequi
767 2100 909 2164 sanitatem,
931 2109 977 2155 sed

158 2173 263 2224 remediis
275 2174 366 2233 multise
376 2177 400 2224 et
410 2174 484 2223 adhuc
495 2174 584 2237 melius,
597 2174 636 2237 qui
648 2173 754 2224 remediis
765 2173 861 2237 paucisq
874 2176 975 2239 optime

159 2249 248 2309 autem,
261 2246 300 2310 qui
313 2246 397 2310 absque
410 2245 509 2296 remedio
526 2244 647 2309 perlectam
662 2244 780 2295 sanitatem
793 2244 874 2295 habet.
891 2262 907 2293 »
927 2249 977 2299 Di-

159 2318 254 2366 cendum
268 2321 304 2367 est
319 2332 372 2381 ergo
383 2319 441 2383 quod
454 2330 491 2367 res
503 2332 553 2381 qua
568 2321 620 2367 sumt
633 2317 690 2367 inira
703 2316 835 2375 hominem,
856 2319 976 2381 quaedam

160 2388 304 2452 particularia
313 2390 372 2439 hona
383 2392 565 2452 consequentum
576 2391 599 2439 et
608 2387 660 2439 ideo
671 2388 778 2451 quasdam
791 2400 879 2451 paucas
893 2392 919 2439 et
929 2392 977 2441 de·

162 2458 292 2511 teuninatas
303 2460 446 2524 operationes
456 2461 543 2511 habent
555 2464 579 2511 et
591 2460 696 2517 virtutes.
707 2460 780 2511 Homo
794 2461 872 2509 eutem
887 2464 977 2524 potest

160 2533 268 2595 consequi
284 2532 467 2583 universalemet
477 2532 600 2596 periectaru
612 2530 746 2592 bonitetem,
756 2530 809 2595 quia
819 2534 903 2593 potest
919 2533 975 2583 adi-

160 2602 219 2668 pisci
230 2602 402 2655 beatitudinem.
416 2604 543 2654 llsttamen
558 2603 582 2653 in
595 2602 675 2653 ultimo
685 2604 755 2667 gredo
769 2602 909 2667 (secundum
928 2617 975 2653 na-

178 2758 226 2834 Ι(1)
241 2763 271 2807 llt
287 2773 315 2806 ex
330 2760 373 2806 lih.
385 2760 414 2805 de
426 2759 513 2805 Coctia
526 2760 646 2817 proposit.
662 2758 706 2819 17,
719 2758 887 2817 equiculentcr
901 2761 974 2807 colli·

162 2829 231 2954 milit).
239 2893 359 2952 Nimirum,
366 2898 448 2950 quaest.
458 2891 497 2951 75,
504 2898 548 2937 ort.
559 2891 583 2951 3,
592 2904 644 2937 cum
653 2892 677 2937 in
685 2892 777 2937 homins
786 2892 865 2949 plures
873 2893 974 2939 animes

162 2954 972 3016 esseuegetumesmetoret,chmuoqmumestessepluresiormas.
