1984 3309
147 162 193 212 titt
331 169 394 208 aare
406 168 431 215 r,
444 167 536 212 nunna.
550 167 623 214 nourr,
637 166 691 207 aaa.
705 165 758 206 vnn.

147 249 232 299 metum
244 249 280 296 est
294 246 351 308 (art.
367 244 414 308 7),
422 243 548 296 secundam
557 242 725 308 processionem
737 241 830 294 Vertit
841 233 945 305 donate,

147 317 308 371 elamorisalr
319 317 533 381 pampelonam
547 319 624 368 autem
636 315 680 366 Dei
692 315 793 366 pasoitur
805 315 834 365 de
847 315 897 366 lieo
912 330 947 366 se·
974 343 975 392 p

148 389 247 447 cundiam
259 388 364 441 notitiam
376 388 507 451 suiipsius,
519 391 543 440 ei
556 401 618 440 anmr
627 387 731 452 procedit
740 385 753 438 a
761 387 807 438 lieo
820 387 948 438 secuudum
974 397 975 450 l

146 464 206 527 pund
222 462 322 527 seipsum
339 464 408 512 amat.
430 460 575 510 Manifestum
592 464 627 511 est
649 463 725 512 autem
746 457 808 523 nudi
825 458 949 511 diversitas

146 534 286 599 objectorum
303 532 439 584 dirersiiimt
462 531 564 596 speeiem
584 530 648 582 vorbi
665 533 688 580 st
705 530 801 593 amorim
817 544 866 581 non
886 531 948 581 naim

147 604 208 656 idem
221 609 258 656 nst
266 604 343 669 speeie
352 604 377 655 in
388 603 455 654 mrde
465 603 566 655 hominis
579 603 673 652 verbum
684 606 819 666 conseptum
832 602 862 654 do
872 602 948 668 lapids

147 680 172 728 et
190 679 219 728 de
239 690 311 741 equo,
329 689 373 726 neo
386 675 447 727 idem
459 673 536 738 speeie
557 687 629 725 amor.
644 673 771 726 Attenditur
782 673 855 738 igitur
871 674 950 726 diviua

148 750 223 812 imago
232 750 256 799 iu
267 748 359 800 homine
369 745 493 799 seouudirm
507 747 601 797 vernum
614 751 747 810 enneaptum
761 748 789 797 de
803 747 846 798 aei
857 747 949 810 notitia,
974 749 975 788 t

148 826 283 873 stammam
301 820 383 871 exinde
396 819 531 870 derivatum.
546 820 574 869 Et
596 818 629 870 siu
642 819 716 882 imago
728 819 769 870 liei
781 820 914 873 attenditur
926 820 950 870 iu

146 894 222 944 anima
244 891 368 943 senundirm
388 892 449 956 quod
466 891 553 950 femur,
570 891 608 942 vel
625 896 677 942 nata
695 895 729 942 est
747 891 803 943 terri
822 893 849 942 in
865 893 948 943 Deum.

146 965 227 1015 Fertur
241 967 317 1014 autem
330 963 354 1012 iu
363 961 447 1026 aliquid
462 975 527 1012 meus
535 963 665 1026 dupliciter.
681 964 731 1014 Uno
741 963 808 1014 modo
823 963 952 1015 disentiat

147 1034 286 1093 immediati.
306 1035 355 1084 ilio
366 1035 433 1085 modo
445 1033 557 1084 indireotd
569 1037 593 1086 et
606 1034 719 1093 mediatt3
734 1033 793 1086 sicut
801 1034 856 1086 cim
865 1035 952 1099 aliquis

117 1159 119 1162 .
147 1108 244 1158 videndo
263 1105 384 1170 imaginem
401 1107 501 1156 nominis
514 1106 538 1156 in
556 1107 648 1170 speculo
664 1107 747 1159 dieitur
764 1106 819 1156 terri
834 1107 859 1157 in
872 1107 952 1172 ipsum

146 1178 271 1230 hominem.
281 1176 309 1228 Et
318 1179 370 1229 ideo
377 1179 518 1242 Augustinus
528 1176 615 1230 dinitin
624 1179 680 1228 XIV.
691 1180 726 1228 Da
738 1179 810 1228 larini
812 1180 831 1226 t.
842 1179 908 1244 (cap.
917 1180 950 1242 8),

145 1249 206 1313 quod
219 1268 234 1298 n
250 1264 315 1300 meus
328 1250 432 1300 meminit
450 1250 501 1313 sui,
517 1249 623 1313 inlelligit
640 1263 681 1314 se,
694 1254 717 1300 et
730 1249 804 1312 diligit
819 1263 854 1302 se.
869 1253 952 1303 linesi

145 1323 273 1385 mamimus,
286 1322 401 1374 munimus
413 1322 565 1386 Trinitatem
581 1324 681 1374 nondum
697 1322 788 1386 quidem
809 1324 901 1387 Deam,
913 1326 952 1375 sed

142 1394 192 1456 jam
212 1395 336 1459 imaginem
347 1395 399 1446 Dei.
413 1411 429 1442 u
442 1395 490 1444 Sed
502 1395 546 1444 hoo
565 1398 616 1457 est,
631 1408 677 1446 nnn
692 1393 832 1458 praefertur
845 1409 915 1448 mens
927 1397 951 1447 in

145 1464 362 1532 seipsamammuae,
369 1469 409 1518 sed
415 1470 486 1531 prout
492 1467 581 1530 perimo
589 1466 950 1532 ulteriuspotestierriinllenm,

145 1542 172 1588 ut
180 1542 245 1602 patet
250 1553 290 1602 per
297 1538 455 1594 austeritatem
465 1537 535 1602 suprd
542 1536 659 1588 induratam
669 1540 762 1600 (argum.
774 1554 780 1588 ι
793 1540 840 1590 Sed
849 1544 950 1602 eontra).

176 1611 208 1660 id
221 1609 320 1674 primunr
329 1623 386 1672 ergo
402 1608 537 1672 dicendam,
547 1608 607 1672 quid
619 1609 767 1660 mirationem
780 1610 893 1674 imaginis
909 1627 951 1662 rrou
968 1625 973 1634 ·

145 1682 218 1730 solum
228 1684 317 1744 oportet
327 1682 444 1732 attendere
458 1681 518 1746 quod
535 1681 621 1744 aliquid
634 1681 742 1745 procedat
758 1683 786 1732 ab
798 1683 895 1748 aliquo,
914 1684 953 1736 sed

145 1753 213 1802 etiam
227 1753 280 1816 quid
294 1752 308 1802 d
320 1766 365 1817 quo
376 1754 497 1816 procedat,
510 1752 596 1804 seilinet
611 1755 671 1816 quod
683 1753 777 1803 rathum
789 1753 832 1804 liei
846 1757 953 1818 procedit

145 1821 159 1872 ir
173 1823 255 1874 notitia
269 1825 297 1876 de
311 1825 366 1875 Dan.
515 1867 522 1879 ,

176 1897 343 1959 ddsepuudnm
351 1896 953 1962 dicendum,quddintotaquidemauimainvenitm
974 1911 975 1934 t

146 1967 221 2032 aliqua
237 1968 339 2031 trinitas,
351 1983 399 2020 nou
414 1969 506 2034 quidem
519 1967 552 2020 ita
565 1969 720 2034 quodprntnr
731 1969 846 2021 sotionem
858 1975 953 2038 tempo
974 1989 975 2050 p

145 2039 227 2090 ratium
239 2044 264 2092 et
274 2041 489 2105 contemplationem
508 2043 658 2104 ateruomm',
668 2045 782 2105 quaralur
793 2042 890 2106 raliqnud
906 2051 952 2097 ter-

145 2112 203 2163 tium
218 2113 379 2176 quatrinitas
395 2114 531 2177 impleatur,
544 2117 610 2177 prout
626 2111 708 2168 itidem
728 2114 840 2168 subditur.
861 2115 913 2167 Sed
930 2120 952 2168 iu

145 2184 184 2234 illa
202 2188 267 2249 parte
288 2184 384 2236 rationis
400 2199 452 2249 qua
470 2184 586 2239 desinatur
602 2184 616 2234 d
632 2189 696 2250 parte
715 2185 889 2251 temporalium,
911 2190 953 2241 etsi
974 2217 975 2257 p

146 2256 246 2306 Trinitas
258 2256 357 2306 inveniri
367 2257 448 2322 possit,
459 2270 505 2307 nnn
518 2260 594 2308 tamen
609 2257 682 2322 imago
694 2257 739 2308 Dei
751 2261 828 2322 potest
836 2259 950 2326 inveniri,
974 2263 975 2322 l

145 2330 171 2376 nt
183 2331 262 2390 postea
274 2327 374 2392 dinatum
389 2328 443 2392 qaia
456 2327 587 2392 lrnjnsmodi
600 2329 756 2395 temporalium
767 2330 848 2382 notitia
864 2333 952 2386 adven·
974 2339 975 2394 j

146 2399 196 2449 titia
212 2404 248 2450 est
261 2400 360 2460 animae3
373 2403 397 2450 et
411 2401 504 2453 habitas
520 2403 588 2454 etiam
607 2403 652 2466 ipsi
663 2402 747 2466 quibus
759 2405 896 2467 temporalia
910 2421 952 2458 oo·
974 2451 975 2454 ,

146 2475 296 2533 grossantur,
314 2474 362 2522 nnn
387 2486 477 2536 semper
507 2475 606 2534 adsrmt,
626 2473 667 2527 sed
693 2474 828 2538 quaudoque
855 2471 951 2540 quidem

144 2540 317 2604 praesentialiter
331 2544 413 2594 adsunt
432 2544 566 2608 quandoque
582 2549 658 2597 autem
677 2545 800 2596 secundim
814 2550 951 2600 memoriam

145 2614 248 2674 tautum,
262 2611 332 2662 etiam
342 2618 463 2678 postquam
477 2616 556 2667 adesse
572 2615 691 2679 incipiunt.
704 2617 768 2666 Siout
779 2621 844 2682 patet
860 2621 889 2670 de
905 2621 950 2672 fide

145 2696 195 2746 qum
212 2684 365 2747 temporaliter
384 2686 450 2738 nohis
468 2687 560 2738 advenit
574 2688 598 2736 iu
613 2689 736 2752 prasenti3
752 2689 777 2738 in
789 2693 851 2740 statu
871 2697 949 2744 autem

148 2841 183 2885 rei
194 2840 318 2897 spanialllm
331 2848 355 2887 et
374 2844 469 2902 proplirs
482 2845 594 2904 pertinet,
612 2847 677 2902 quasi
691 2857 743 2894 eam
755 2847 902 2908 distinguens
918 2853 947 2897 uh

147 2904 220 2952 attera
232 2910 257 2950 et
266 2904 410 2962 speuilieaus.
