1984 3309
122 195 170 243 m
307 204 369 242 rnre
385 205 406 252 1,
422 203 514 249 onem.
531 201 622 252 nurui,
640 201 695 240 nur.
714 203 731 240 r.

121 280 297 333 aderatiromini
305 294 335 332 ue
344 281 448 341 esuriret,
459 285 529 345 potua
543 293 572 330 ne
589 279 673 343 sitiret,
689 283 713 329 et
727 279 815 344 lignum
827 281 882 332 nite
895 295 924 334 ne

122 357 228 406 senectus
240 367 293 404 eum
302 354 446 405 dissolveret.
458 370 473 401 »
485 354 515 404 Et
528 353 552 402 in
563 352 604 403 lib.
617 352 655 402 De
665 352 757 413 Queri.
769 359 818 403 oet.
828 357 855 403 et
865 369 921 404 noo.

122 427 229 476 Tectam.
244 425 285 492 (ut
299 429 376 490 sum),
390 424 459 483 dicit.
471 423 533 490 quid
544 442 558 472 n
571 423 625 475 vitae
641 425 706 475 arbor
719 425 838 477 medicinae
857 427 925 477 modo

121 496 287 562 muruptiouem
304 497 421 550 homiuum
435 497 579 563 prohibebat¹
594 513 608 544 n
626 497 676 547 Nou
693 499 771 548 tamen
790 495 926 562 simpliciter

121 568 313 620 immortalitatem
324 571 445 633 causabat3
456 569 510 633 quia
523 581 598 632 neque
609 567 681 618 rirtm
694 581 745 632 qum
754 568 831 619 inerat
843 569 927 622 animo

121 642 150 692 ad
167 642 347 692 conservandum
365 655 465 704 corpur,
484 641 619 691 causabatur
637 653 666 690 ex
684 639 747 703 liguo
765 640 834 704 nita,
850 655 927 706 neque

121 713 190 763 ctiam
205 716 294 777 poterat
305 712 483 764 immortalitatis
499 711 671 776 dispositionem
688 712 778 776 corpori
795 716 926 777 prostare,

120 788 145 834 ut
166 798 281 849 nunquam
302 784 396 836 dissolri
415 785 578 849 coercitioni
593 797 623 834 ex
641 785 685 834 hoc
698 787 763 848 patet
777 784 831 848 quia
853 785 928 836 virtus

122 857 284 920 cujuscumque
297 855 398 921 corporis
411 860 446 907 est
455 856 535 918 finita3
548 856 608 906 unde
622 869 669 908 non
680 858 768 920 putenm
780 855 854 906 uirtus
867 855 926 920 ligni

119 927 173 978 vitae
183 929 211 978 ari
224 930 268 978 huc
279 942 304 979 se
320 928 456 989 extendere,
471 931 497 977 ut
513 929 575 978 daret
594 928 682 992 corpori
696 926 805 978 virtutum
823 928 923 978 durandi

120 1003 224 1063 tempore
236 999 343 1061 intinito,
359 1001 400 1050 sed
416 1013 486 1062 usque
501 1001 528 1049 ad
542 998 718 1050 determinatum
734 1003 834 1063 tempus.
851 1000 928 1050 Muni-

120 1073 205 1122 ieetum
221 1075 258 1121 est
270 1071 331 1122 enirn
337 1109 347 1136 ,
361 1071 421 1136 qnod
433 1071 518 1134 quanti
529 1070 604 1134 aliqua
616 1070 689 1122 virtue
700 1074 735 1121 est
753 1071 828 1135 maior
835 1109 845 1135 ,
860 1071 927 1122 unm

122 1142 233 1206 imprimit
246 1144 405 1194 durabiliorem
419 1143 534 1195 etieetum.
554 1144 618 1194 Unde
633 1155 685 1193 cum
701 1142 775 1192 uirtus
796 1142 855 1206 ligni
871 1143 928 1195 viter

122 1219 182 1265 eruet
197 1215 262 1265 finita
270 1252 278 1278 ‚
293 1216 364 1266 remei
376 1219 492 1280 sumptum
507 1215 661 1279 presummat
671 1215 685 1265 a
695 1214 841 1280 corruptione
855 1229 928 1282 usqne

122 1287 151 1336 ad
173 1287 347 1339 determinatum
367 1292 475 1352 tempua3
495 1301 541 1352 quo
558 1287 623 1341 finito
632 1325 641 1352 ,
656 1288 695 1338 vel
714 1288 783 1337 homo
804 1289 929 1339 translatus

122 1359 206 1410 fuisset
225 1361 254 1410 art
270 1360 413 1425 spiritualem
430 1360 502 1410 ritum
510 1395 518 1424 ‚
530 1361 567 1411 rel
584 1360 719 1423 indiguisset
736 1360 823 1410 iterum
837 1373 928 1412 sumere

124 1431 152 1482 rie
165 1432 235 1494 tigno.

155 1505 183 1554 Et
196 1517 236 1568 per
248 1505 294 1556 hoc
306 1508 369 1570 patet
381 1504 499 1569 mspousio
512 1505 541 1555 au
555 1503 654 1568 objecta.
665 1503 814 1568 Nam'primae
827 1506 929 1558 rationes

124 1575 262 1626 concludunt
274 1577 335 1640 quod
344 1589 393 1627 nou
409 1577 516 1626 currebat
529 1574 765 1649 incorruptioilitatem
780 1577 930 1642 simpliciter.

124 1648 182 1698 niie
197 1647 251 1698 vero
264 1648 402 1699 concludunt
416 1650 476 1713 quod
490 1648 598 1700 causabat
616 1647 868 1714 incorruptibilitatem,
886 1650 932 1702 im-

123 1718 237 1781 peiiendo
249 1719 418 1784 corruptionem
433 1722 558 1772 secundum
571 1722 663 1772 modum
673 1720 819 1785 pradictum.

360 2061 532 2133 QUAESTIO
551 2061 688 2134 xoium.

158 2205 193 2260 Dr
208 2210 387 2273 pertinentibus
401 2216 433 2260 ud
451 2217 656 2262 commotionem
669 2213 773 2271 spectat,
785 2214 817 2259 iro
836 2213 898 2260 duur

413 2289 532 2334 articulos
545 2288 635 2333 diotre.

159 2426 243 2481 Deinde
256 2429 442 2483 comiderundum
454 2434 489 2482 ert
502 2431 531 2481 de
544 2431 581 2482 iris
599 2444 650 2495 quae
663 2429 782 2496 pertinent
796 2428 825 2478 ad
839 2442 932 2480 conser-
987 2433 988 2474 1

127 2501 243 2551 rationem
255 2501 351 2566 speciei.
366 2503 394 2550 m
406 2502 496 2566 prino,
511 2505 538 2554 rie
549 2496 600 2568 insa
614 2502 769 2566 generatione.
781 2501 888 2552 Secunem
900 2502 930 2552 de

125 2572 256 2624 conditione
267 2574 338 2638 prolis
353 2574 444 2637 genita.
987 2589 988 2598 ¹

157 2645 223 2695 Circa
232 2645 331 2710 primunr
341 2652 474 2709 quaenrnrnr
484 2649 528 2699 duc
540 2663 545 2697 :
557 2651 583 2698 1⁰
592 2645 673 2698 Utrirrn
682 2648 705 2698 in
716 2645 777 2708 atain
789 2645 930 2698 innocentie

126 2717 205 2770 ruisset
222 2718 346 2779 generatio.
359 2721 386 2766 2⁰
399 2718 479 2771 Utrirrn
493 2721 575 2772 fuisset
589 2719 705 2784 generatio
719 2734 759 2784 per
773 2719 870 2771 coitum.
