1984 3309
184 209 216 244 un
232 205 412 246 conmortuus
428 206 686 248 maurocenorum.
788 201 834 249 loll

41 285 68 334 lll
77 301 84 332 a
93 282 201 346 aliugm
210 296 287 334 eorum
296 287 321 334 et
327 284 502 336 adinventiones
512 297 588 336 eorum
597 289 674 338 contra
683 287 811 339 bominum.
820 305 835 337 o

69 357 92 404 2.
106 356 236 418 materen,
245 355 322 406 nullus
331 355 444 419 casinate
453 357 522 420 punit
534 369 573 407 eos
583 357 622 421 qui
635 359 685 422 ejus
699 359 836 412 ordinationi

42 441 83 478 non
98 430 236 491 repugnant.
252 428 276 478 Si
290 428 360 492 igitur
370 429 429 478 nibil
446 429 636 480 contraniteretnr
649 431 737 483 diviuae'
748 431 837 484 ordina·

42 498 107 562 lioni,
119 498 200 548 nulius
214 499 275 564 justi
288 500 407 564 puniretur
420 500 433 550 l
445 501 500 552 boo.

70 575 91 620 i.
107 572 237 634 preterea,
250 571 356 635 qualibd
364 585 401 623 rea
414 572 564 637 snbjiciuntur
577 573 650 624 ordini
660 575 742 626 divina
753 575 835 638 gober-

42 642 143 693 nnliouis.
165 642 211 692 Sed
228 655 274 692 una
290 656 327 694 res
343 644 371 693 ub
387 643 431 694 alia
450 643 603 708 impugnatur.
619 647 676 710 Ergo
692 646 766 711 aliqua
784 652 837 700 ancl

42 729 86 778 quc
96 714 280 766 contranitnutur
289 715 372 765 divine
383 716 549 779 gubernationi.

70 787 110 837 Sed
120 790 202 837 contra
212 789 261 851 est,
271 787 332 850 qnod
341 786 396 837 dicit
405 787 496 838 Boetius
510 788 534 837 in
543 788 583 838 lll.
598 789 635 837 De
643 790 732 839 consol.
744 805 752 839 :
764 807 777 838 o
788 792 838 842 Non

42 862 74 908 est
89 857 175 923 aliquid
191 858 253 922 quod
269 871 357 909 mmmo
366 858 421 909 buic
431 860 492 910 bono
503 860 540 910 vcl
556 859 613 910 velit
625 861 661 910 vel
678 861 750 925 possit
763 863 837 913 obsis-

42 933 95 979 tere.
109 931 150 980 liet
162 929 234 992 igitur
250 943 362 980 summum
379 931 463 981 bouum
481 932 542 995 quod
558 931 616 994 regit
637 936 719 982 cuncta
732 933 836 997 fortiter,
875 973 878 980 .

41 1000 181 1066 monterone
196 1001 311 1066 disponit,
327 1017 341 1050 o
356 1005 381 1053 nt
397 1003 480 1053 dieitur
492 1003 563 1066 Sap..
582 1003 648 1064 vlll,
664 1005 692 1054 de
708 1003 785 1056 diviua
803 1018 838 1056 sa·

41 1072 132 1138 pientia.

72 1145 230 1210 (cormesio.
241 1144 337 1195 -Cirm
357 1146 533 1210 unumquodque
555 1146 579 1196 iu
598 1147 729 1211 operatione
748 1161 789 1198 aua
810 1147 839 1201 ed

41 1218 124 1268 bonnm
134 1219 228 1279 tendat,
240 1217 294 1267 licit
302 1217 397 1282 pensita
406 1217 556 1269 determinato
565 1218 644 1270 ordine
655 1219 709 1269 boui
717 1219 837 1286 declinare3

41 1292 127 1340 constat
149 1288 209 1338 nibil
231 1288 352 1339 contraniti
372 1288 455 1340 divina
471 1289 609 1341 ordinationi
628 1291 652 1340 iu
672 1291 786 1354 generali,
801 1292 839 1344 scd

42 1360 127 1410 numm
136 1360 163 1410 in
176 1360 297 1425 speciali.)

70 1432 208 1496 llespoudeo
219 1431 338 1483 dicendum
343 1469 352 1496 ,
360 1432 420 1496 qudd
433 1433 487 1483 ordo
497 1433 583 1484 divine
592 1432 709 1498 sapientie
718 1433 839 1497 dupliciter

43 1509 114 1568 puteat
131 1503 281 1554 considerari.
302 1504 351 1554 llno
368 1506 435 1556 modo
451 1505 477 1554 in
491 1505 591 1568 generali
596 1541 605 1569 ,
616 1504 738 1556 sacundirm
756 1505 842 1557 seilicet

42 1575 99 1639 qubd
111 1574 258 1641 progreditur
269 1575 361 1625 decusa
369 1577 517 1640 gubernatione
527 1575 604 1628 totius.
620 1577 744 1628 ullomodo
756 1576 782 1626 in
792 1591 843 1644 rpe-

42 1648 103 1714 ciali,
120 1647 248 1700 secundiun
260 1647 321 1712 quod
331 1649 474 1712 progreditur
487 1649 501 1699 i
514 1663 582 1700 causa
595 1649 725 1714 particulari
740 1664 791 1714 qua
807 1654 842 1702 est

42 1720 159 1772 ereculina
175 1720 261 1772 divine
278 1720 454 1782 gubernationis.
469 1721 545 1772 Primo
558 1721 627 1785 igitur
637 1723 703 1772 modo
717 1721 775 1772 nibil
788 1735 842 1774 con-

42 1793 156 1843 trauitilur
174 1791 251 1843 ordini
264 1791 347 1844 dirinae
360 1793 542 1856 gubernationis,
556 1794 620 1852 Quod
630 1807 660 1843 cx
671 1793 759 1844 duobus
770 1797 841 1860 patet.
893 1825 895 1830 ·

43 1865 219 1929 primoquidem
229 1878 258 1915 ex
267 1865 313 1915 noc
325 1865 386 1928 qubd
397 1865 452 1916 ordo
464 1865 549 1916 divinae
564 1864 732 1928 gubernationis
746 1866 844 1916 totabtm

44 1935 163 1987 iubenum
173 1936 260 2000 tendit,
272 1939 297 1987 et
306 1950 450 2004 unaquaeque
458 1951 496 1987 res
507 1937 531 1986 in
541 1949 582 1987 sna
591 1936 721 2000 operatione
730 1940 754 1986 et
762 1940 844 1988 conatu

44 2022 88 2059 uon
99 2009 173 2060 eadit
186 2008 232 2059 uisi
246 2009 276 2059 ad
285 2009 386 2071 bouum3
397 2009 496 2059 «nullus
508 2007 569 2060 enim
579 2007 703 2072 respiciens
718 2009 746 2058 ad
760 2009 844 2058 malum

44 2083 160 2145 operatur,
171 2097 186 2128 o
198 2084 224 2129 ut
234 2079 357 2145 Dionysius
368 2079 424 2130 dicit
434 2080 492 2145 (lib.
507 2081 544 2129 De
555 2079 608 2129 dio.
620 2080 734 2138 Nomio„
744 2091 795 2142 cap.
805 2078 842 2143 l).

44 2153 93 2204 Alio
105 2154 174 2205 modo
189 2157 284 2218 apparet
296 2152 358 2203 idem
375 2166 404 2203 ex
416 2154 461 2202 hoc
473 2151 547 2216 quiid,
563 2150 620 2201 sient
634 2149 701 2216 snpri
715 2149 798 2200 dictum
812 2154 846 2202 est

45 2224 100 2287 (art.
111 2223 142 2288 1)
150 2262 159 2288 ‚
172 2222 248 2274 omnis
259 2221 377 2274 inclinatio
388 2221 485 2286 alicujus
494 2221 541 2283 rei,
553 2221 588 2272 nel
602 2220 710 2271 naturalis
719 2220 757 2269 nel
767 2219 847 2271 volun·

45 2296 107 2358 laria,
117 2295 176 2345 nibil
188 2297 224 2345 est
234 2294 295 2345 aliud
304 2293 371 2359 quim
379 2293 484 2358 quadam
492 2292 612 2357 impressio
624 2289 718 2356 aprime
729 2295 844 2356 monenle3

46 2365 101 2416 sient
117 2362 237 2417 inclinatio
255 2365 344 2430 sagitte
361 2366 388 2414 ad
399 2364 489 2428 sigum
508 2363 694 2426 determinatum,
708 2361 766 2412 nihil
785 2363 847 2415 aliud

46 2443 77 2488 est
92 2437 163 2503 quim
183 2437 286 2502 quodam
305 2436 424 2501 impressio
440 2434 598 2499 dsagittante.
615 2435 679 2486 Unde
701 2434 777 2486 emnia
795 2450 846 2500 quc

46 2513 157 2573 aguntur,
169 2508 208 2560 rel
223 2509 356 2558 natanditer
374 2507 411 2557 rel
423 2505 566 2569 voluntarii,
578 2506 644 2570 qnasi
662 2505 751 2571 propria
765 2509 846 2571 sponte

47 2581 183 2644 perveniunt
197 2581 222 2630 in
236 2580 300 2630 idad
314 2580 374 2643 quod
385 2579 494 2629 munitus
509 2577 650 2629 ordinantur.
666 2579 695 2628 El
705 2577 755 2628 idco
767 2577 848 2628 dicitnr

47 2655 105 2705 bens
118 2653 198 2706 omnia
213 2653 335 2716 disponere
349 2651 456 2703 suaviter.

76 2727 111 2776 ld
124 2725 226 2791 primum
243 2738 298 2788 ergo
311 2723 446 2788 dicendum,
463 2723 523 2788 quid
537 2722 643 2774 dounlur
657 2721 725 2786 aliqui
737 2721 775 2773 nel
785 2721 848 2784 cogi·
895 2782 899 2795 ¹

49 2800 104 2861 tare,
114 2798 154 2848 rel
166 2796 243 2862 loqui,
258 2796 375 2860 relegere
388 2799 466 2846 cenna
477 2796 561 2852 Deum,
576 2807 622 2845 nou
635 2793 689 2858 quia
703 2793 802 2844 totaliter
813 2804 848 2841 rc-

49 2869 151 2920 nitantnr
172 2868 248 2920 ordini
265 2867 350 2918 maine
368 2865 539 2929 gubernationis
553 2865 622 2928 (quia
642 2865 711 2916 etiam
728 2865 849 2927 peccantes

50 2940 172 2995 intendunt
192 2942 284 3007 abquod
304 2938 475 3004 bonum);,sed
492 2939 545 3003 quia
563 2936 741 2990 munauitmou
760 2933 848 2986 oudam
