1984 3309
145 146 192 192 'llll
297 151 370 190 nnuma
385 149 514 200 annuns,
528 145 622 192 uussn.
639 145 669 196 u,
681 145 738 184 nus.
753 145 807 186 vsu.

144 245 192 279 non
203 229 296 285 uultis,
310 227 406 278 dixisset
418 224 502 289 aliquid
519 223 580 288 qnod
598 223 674 273 nnllns
691 223 715 272 in
732 237 775 274 sna
793 231 839 276 non
853 235 945 288 eognos-
971 281 972 294 χ

144 304 205 351 oeret
220 299 347 350 uoluntate.
362 313 376 344 n
392 297 493 357 Quilibet
508 307 561 359 engo
574 295 624 344 uult
636 307 688 345 esse
701 295 793 347 beatus.

178 374 336 437 (Cononusno.
351 397 382 409 -
396 371 530 434 Quanquam
540 379 589 418 non
601 379 681 417 omnes
695 367 719 416 id
734 372 849 433 appetant
862 369 887 420 in
905 383 946 431 qtld

145 444 260 494 beatitudo
269 455 324 493 vern
336 441 451 504 consistit,
463 452 545 490 omnes
554 441 629 490 tamen
639 437 775 490 uniuersale
789 444 814 490 et
823 441 945 504 perlectum

145 515 229 565 bonum
245 513 377 564 naturaliter
388 515 496 576 appetere
508 513 592 561 centnm
604 514 655 570 est,
669 509 694 558 in
708 523 756 574 quo
767 512 877 562 consistit
890 525 944 561 conl·

146 587 222 637 munis
234 587 293 637 ratio
305 583 480 648 beatitudinis.)

178 658 312 722 Respondeo
325 656 456 720 dicendum,
472 654 534 719 qndd
544 651 660 705 beatitudo
673 651 799 717 dupliciter
811 657 889 718 potest
899 668 944 704 cou-

147 729 248 781 siderari.
265 730 314 780 Uno
333 729 400 779 modo
416 729 542 778 seeundum
560 737 704 776 communem
719 725 838 776 rationem
855 727 946 777 beatitu-

147 801 221 863 dinis,
233 805 257 850 et
267 800 300 850 sio
314 813 407 850 necesso
420 802 456 848 est
469 797 529 862 quod
541 795 693 848 omnishomo
707 795 880 848 beatitudinem
889 798 936 847 uelit

147 873 215 922 ilatio
226 876 303 924 nutem
313 871 459 923 beatitudinis
470 869 598 920 communis
612 871 663 928 est,
676 871 702 918 nt
716 869 748 918 sit
763 869 854 922 bonnm
869 872 946 935 perseo

149 947 211 1007 tum,
222 945 282 994 siem
293 944 378 994 dictum
389 946 433 993 est.
443 941 499 993 cnm
511 944 587 990 autem
600 941 685 990 bonum
700 939 730 990 sit
742 939 864 1004 objectum
874 942 945 991 uolun-

148 1017 211 1079 tatis,
221 1016 346 1080 perieulum
355 1016 485 1065 bonumest
492 1011 590 1076 alicujus
598 1013 659 1076 quod
668 1011 770 1062 totaliter
777 1013 831 1077 ejus
839 1012 943 1064 uoluntati

150 1086 261 1137 satisfacit
276 1102 282 1136 :
296 1087 358 1136 undo
373 1088 481 1149 appetem
493 1083 670 1146 beatitudinem,
684 1082 744 1132 nibil
756 1083 820 1133 allud
833 1086 872 1134 est
886 1083 944 1148 quim

149 1160 256 1222 appetem
274 1160 299 1207 nt
311 1157 417 1207 uoluntas
433 1156 542 1219 silletum
558 1155 618 1219 quud
631 1154 728 1218 quilibet
741 1155 803 1206 nult
821 1154 874 1206 llio
887 1155 943 1205 modo

150 1242 272 1295 possumus
285 1226 349 1292 loqui
361 1229 389 1278 de
403 1227 542 1278 beatitudine
554 1225 678 1276 monndum
691 1224 820 1289 specialem
831 1226 944 1287 rationem,

150 1304 260 1364 quantum
273 1301 302 1352 ad
316 1301 340 1350 id
354 1299 379 1349 in
390 1313 436 1362 qno
455 1297 571 1348 beatitudo
585 1296 705 1354 consistite
723 1299 749 1346 et
763 1297 799 1346 sio
815 1311 864 1348 non
877 1311 946 1349 onnes

150 1375 292 1435 cognoscunt
299 1369 473 1429 beatitudinem,
485 1367 540 1433 qnia
548 1367 655 1418 nesciunt
665 1366 703 1417 oui
711 1367 746 1417 nei
757 1369 944 1419 communisratio
973 1361 974 1374 ¹

149 1442 298 1494 beatitudinis
316 1441 440 1494 conueniat
456 1456 463 1489 :
481 1444 507 1490 et
521 1453 563 1504 per
579 1451 721 1504 consopiens
740 1444 855 1503 quantum
871 1441 897 1490 ad
910 1441 944 1488 boe

150 1527 196 1564 non
210 1527 288 1565 omnes
301 1526 351 1565 eam
368 1514 458 1564 uolunt.

182 1585 246 1636 llnde
259 1588 322 1650 patet
332 1584 448 1649 responsio
463 1583 493 1633 ad
506 1583 614 1646 primum.

179 1657 211 1705 lld
225 1657 348 1706 secundnm
361 1656 491 1718 dicendum,
502 1653 563 1718 qndd
574 1653 626 1704 cim
639 1653 744 1706 voluntis
757 1660 868 1719 sequatur
874 1667 944 1720 opple

152 1726 286 1777 tensionem
295 1727 429 1778 intellectus
439 1727 479 1777 seu
489 1725 592 1790 sationis,
602 1725 663 1776 siout
671 1726 787 1790 contingit
796 1729 856 1792 quod
871 1725 944 1790 aliquid

151 1800 188 1848 est
200 1797 261 1848 idem
271 1799 394 1848 secundnm
407 1811 468 1860 reu,
480 1798 541 1862 quod
553 1801 632 1848 tamen
647 1801 683 1848 est
696 1798 815 1848 diuersum
829 1799 944 1850 seeundum

150 1869 245 1920 nationis
260 1869 474 1933 considerationem
490 1870 522 1918 ila
535 1868 648 1932 contingit
660 1870 721 1932 quod
734 1869 824 1934 aliquid
839 1874 874 1922 est
889 1870 941 1920 iden

152 1941 278 1992 secundnm
289 1954 351 2003 nom,
362 1946 387 1991 et
399 1946 476 1992 tamen
486 1953 533 1991 nno
547 1941 614 1990 modo
626 1940 754 2004 appetitur,
766 1941 813 1992 alio
830 1941 896 1993 modo
905 1955 944 1989 noo

152 2013 276 2078 appetitur.
287 2013 407 2064 beatitudo
418 2026 472 2076 ergo
486 2014 563 2077 potest
577 2011 714 2062 musiderari
726 2012 769 2062 sub
781 2013 869 2064 natione
880 2012 945 2063 tinnlis

153 2084 208 2136 boni
217 2089 241 2136 et
250 2084 356 2150 perdenti,
367 2097 419 2148 qum
431 2087 468 2134 est
481 2082 610 2134 communis
624 2082 682 2133 ratio
697 2083 848 2136 beatitudinis
863 2100 869 2133 ε
882 2088 904 2134 et
916 2083 943 2132 sio

152 2156 284 2208 naturaliter
294 2159 318 2207 et
330 2167 360 2208 ex
372 2155 512 2207 necomitato
521 2156 625 2206 noluntas
636 2153 724 2206 inillnd
735 2155 825 2219 tendit,
834 2157 943 2207 ulmetum

152 2231 194 2277 est.
207 2229 285 2279 Potest
298 2228 360 2279 enim
375 2228 513 2279 considerari
527 2227 650 2278 secuudum
663 2225 714 2277 illas
723 2228 837 2292 speciales
850 2227 945 2280 conside·

152 2300 266 2365 rationes,
278 2303 351 2353 uelox
360 2303 424 2365 parte
438 2299 513 2364 ipsius
524 2299 673 2364 opemtionls,
684 2300 722 2350 uel
731 2313 761 2351 ex
770 2303 837 2365 perte
845 2298 944 2365 mundo

151 2371 288 2436 operativa,
303 2374 341 2423 uel
358 2386 388 2424 ex
402 2376 467 2437 parte
480 2371 565 2436 objecti
582 2385 590 2418 ε
605 2375 629 2422 et
642 2371 677 2421 sio
698 2383 745 2422 non
760 2385 793 2422 ex
817 2371 944 2422 necessilalu

151 2441 256 2492 voluntas
270 2443 343 2493 tendit
356 2443 381 2494 in
395 2443 478 2509 ipsam.

182 2512 216 2562 lld
232 2513 321 2563 tertium
332 2514 461 2577 dicendum,
475 2511 537 2578 qudd
550 2513 594 2565 ista
604 2513 711 2565 diffinitio
723 2513 871 2568 beatitudinis
883 2512 944 2577 quin

151 2583 241 2647 qnidam
252 2586 427 2651 posuerunt(l),
437 2604 451 2634 o
460 2586 545 2637 Beatus
555 2589 589 2636 est
600 2586 640 2652 qui
648 2586 717 2637 babet
725 2585 802 2636 omnia
810 2599 862 2649 quan
869 2585 925 2646 uult,
934 2598 945 2627 u

185 2745 217 2807 (1)
231 2752 284 2805 lpse
301 2749 382 2804 ntique
394 2748 536 2809 sugendum
547 2757 596 2796 tum
609 2754 662 2798 loco
680 2751 785 2808 snpenids
798 2756 892 2808 notato,
907 2750 942 2794 nbi

153 2811 252 2853 tament
264 2810 375 2855 cicerone
386 2812 436 2856 stne
449 2814 525 2860 ludios
535 2815 630 2870 speolull
643 2815 689 2861 tale
702 2813 787 2870 aliqmd
798 2813 869 2858 retent
878 2812 945 2868 aqui·

153 2870 269 2927 valenter,
288 2876 336 2915 tnm
353 2874 484 2927 expressius
497 2876 538 2922 llb.
552 2876 588 2922 lla
602 2878 654 2923 utto
665 2877 746 2929 teuto,
756 2882 812 2922 tom.
822 2877 847 2936 l,
862 2875 900 2922 ubi
919 2885 944 2917 ct
