1984 3309
176 220 222 267 lot
360 229 458 278 esser,
475 228 783 275 pensaurensem.
852 211 856 219 '

207 310 231 354 a.
244 305 368 368 Prntcrca,
383 304 457 355 anima
471 304 499 355 ab
510 306 590 366 angelo
604 306 692 357 dillerre
702 318 749 357 non
761 304 866 372 videtur,
878 302 959 371 nisiper

175 378 219 427 boc
231 376 292 442 quod
302 379 337 427 est
345 376 435 441 corpori
446 377 519 427 uuita.
532 378 620 442 Corpus
630 382 706 429 autem
716 377 767 429 edm
777 376 809 429 sit
821 384 882 429 extra
895 391 960 429 essen·

173 447 230 498 tiam
248 447 345 509 anime,
361 461 407 498 non
426 447 517 499 ridetur
533 448 562 500 ad
585 450 636 513 ejus
657 449 758 514 speeiem
772 448 896 515 pertinere.
913 450 960 511 llrgo

175 518 251 569 anima
264 523 288 569 et
297 520 391 582 augelus
404 525 457 571 sunt
466 518 534 571 unius
548 519 639 585 speciei.

176 612 181 619 ·
206 592 251 641 Sed
261 594 348 653 contra,
361 604 457 653 quonam
466 594 521 641 sunt
529 590 625 642 diversa
633 590 776 655 operationes
786 592 911 654 naturales,
922 590 962 653 ipsa

175 660 283 714 duamur
296 661 380 727 specie.
390 662 433 713 Sed
446 662 529 713 anima
538 666 561 713 et
575 662 648 727 angeli
661 667 714 713 sunt
724 663 820 714 diversae
832 663 963 728 operationes

176 735 299 797 naturales,
306 733 359 797 qun
366 737 392 785 ut
399 733 453 784 dicit
458 734 590 799 Dionysius,
599 734 647 784 llll.
659 732 756 784 Dedin.
768 736 855 784 Nona:
865 750 879 781 n
888 734 964 783 llcntes

177 806 285 870 angelice
295 805 408 869 simplices
414 810 438 855 et
443 805 804 868 bonosintcllectusbabent,non
811 808 839 855 de
846 802 964 855 visibilibus

177 882 342 941 congregantes
356 876 455 927 divinam
469 876 635 939 cognitionem
651 893 665 925 r
680 878 746 941 cujus
757 876 896 926 eontrarium
914 876 965 940 post·

178 951 269 999 modum
281 949 309 999 de
320 947 395 998 minna
403 948 466 998 dicit.
478 948 557 999 laima
569 948 639 1013 igitm
648 950 672 999 et
684 948 779 1011 augelus
788 960 834 996 non
845 952 900 998 sunt
908 946 966 997 unlus

179 1032 272 1085 specrer.

211 1092 365 1155 (Cosmosm.
376 1118 409 1129 -
418 1089 476 1142 edm
485 1090 579 1153 angelus
594 1088 666 1142 torma
682 1090 712 1141 sit
725 1095 843 1154 separata,
854 1102 902 1141 non
915 1088 967 1139 exis-

179 1165 230 1213 tens
238 1162 261 1212 in
272 1163 374 1226 matema
382 1162 430 1213 lieri
438 1160 600 1226 nonpotestut
609 1160 640 1211 sit
649 1160 715 1212 unius
722 1160 805 1225 speciei
814 1175 869 1211 cum
881 1157 966 1219 anima.)

209 1234 345 1298 despondeo
353 1232 482 1297 dicendum,
491 1230 552 1295 quod
563 1230 671 1296 Origenes
681 1231 732 1297 (lib.
742 1232 785 1293 lll,
794 1232 832 1282 De
841 1231 967 1297 prr'rror'pr'r'r

178 1304 219 1355 oet
228 1307 285 1369 perr·
293 1304 397 1365 nrclron,
409 1316 460 1369 cap.
475 1309 489 1353 e
503 1306 529 1353 et
540 1305 574 1365 8.)
585 1305 662 1367 posuit
672 1316 751 1355 omnes
764 1302 852 1355 animas
865 1306 967 1355 humanas

178 1379 202 1426 et
215 1376 308 1438 angelos
320 1388 370 1426 esse
384 1374 453 1425 unius
465 1374 558 1439 speciei.
573 1375 602 1424 lit
612 1376 656 1425 boc'
667 1372 732 1438 ideo,
743 1374 797 1438 qnia
812 1376 893 1439 posuit
902 1376 967 1426 diver-

177 1447 267 1498 sitatem
278 1448 360 1511 padus
370 1447 394 1496 in
411 1446 542 1511 hujusmodi
559 1445 692 1496 substantiis
704 1446 835 1509 iuventam,
851 1446 967 1497 aceldema

177 1518 236 1583 lem,
250 1520 330 1583 utpote
339 1531 368 1568 en
382 1518 454 1568 libero
468 1516 562 1568 arbitrio
572 1516 760 1582 provenientem,
772 1520 797 1565 nl
811 1530 882 1581 supra
893 1517 967 1567 dicturo

178 1593 214 1640 est
225 1593 274 1653 (qu.
290 1593 332 1653 ll,
346 1592 388 1639 art.
399 1588 434 1654 a).
447 1590 515 1648 Quod
524 1601 569 1638 non
580 1592 727 1653 potestesse:
742 1586 827 1652 quiain
841 1578 967 1640 substantiis

177 1659 316 1724 incorporeis
334 1672 380 1709 nou
399 1662 540 1723 potestesse
560 1658 680 1710 diversitas
696 1660 820 1710 seeundum
842 1672 966 1715 nnmerum

180 1732 266 1794 absque
279 1730 412 1781 diversitate
421 1732 544 1781 secundum
557 1730 655 1794 speciem
667 1770 673 1787 ,
684 1734 707 1781 et
719 1732 803 1795 absque
811 1732 913 1782 naturali
925 1730 966 1779 ina·

178 1802 304 1867 rudimen
317 1801 371 1867 quia
384 1816 435 1852 cum
448 1815 494 1853 non
509 1800 556 1852 sint
570 1802 700 1869 composite
711 1816 739 1854 en
750 1802 843 1853 materia
858 1808 883 1855 et
896 1804 966 1861 torma,

180 1876 219 1925 sed
234 1873 282 1923 sint
293 1873 370 1924 lormae
380 1872 548 1933 subsistentes,
560 1874 705 1925 manilestum
716 1875 820 1937 estquod
831 1888 926 1927 necesse
937 1872 966 1922 eri

180 1946 206 1995 iu
222 1945 257 1995 eis
273 1958 324 1995 esse
337 1945 491 1995 diversitatem
501 1944 527 1995 in
542 1945 617 2009 specie
629 1960 635 1994 ε
648 1958 693 1996 nou
705 1946 766 1997 eninr
777 1950 854 2010 potest
867 1945 966 2009 intelligi

181 2018 241 2080 qnod
251 2016 329 2080 aliqua
342 2015 413 2066 dorma
424 2020 529 2080 separata
542 2016 627 2066 sitnisi
638 2030 684 2067 una
695 2016 763 2066 unius
777 2016 872 2081 speciei.
887 2018 966 2068 Sicuti

182 2091 244 2137 esset
256 2088 336 2138 albedo
350 2091 469 2151 separata,
486 2100 533 2138 uon
548 2092 624 2153 posset
637 2102 688 2139 esse
701 2086 747 2137 nisi
760 2101 805 2137 una
818 2092 919 2139 nutum.
931 2090 966 2137 llae

184 2158 248 2208 enim
261 2158 339 2209 albedo
356 2172 401 2209 non
418 2158 494 2209 dillert
510 2160 537 2209 ab
548 2158 598 2224 illa,
615 2158 661 2208 uisi
670 2172 713 2223 per
725 2160 770 2209 boc
781 2160 841 2222 quod
852 2164 891 2211 est
903 2159 966 2223 hujus

183 2230 223 2279 vel
232 2229 303 2279 illius.
318 2229 440 2295 lliversitas¹
450 2234 524 2282 autem
542 2231 666 2283 secuudum
680 2231 796 2297 speciem,
812 2244 905 2295 semper
917 2232 965 2281 haba

182 2299 337 2351 diversitatem
350 2302 474 2351 naturalem
488 2301 678 2352 concernitantem
690 2318 695 2352 :
705 2302 763 2352 sient
776 2300 801 2351 in
812 2303 934 2365 speciebus
946 2314 965 2350 ce

182 2371 257 2421 lorum
268 2384 328 2422 unus
339 2376 377 2422 est
388 2370 512 2437 perfectior
524 2374 594 2424 alte'ro
607 2389 613 2436 ;
629 2378 652 2425 ct
665 2373 769 2424 similiter
783 2373 807 2423 iu
822 2372 884 2425 alils.
901 2376 965 2425 Elbo

182 2440 249 2504 meo,
262 2441 316 2506 qma
330 2443 462 2495 differentia
479 2443 608 2495 dividentes
620 2457 693 2506 genus
710 2448 763 2495 sunt
778 2446 910 2496 emtmrts.
925 2448 965 2495 Cor

181 2513 249 2562 traria
257 2518 333 2564 autem
342 2528 368 2565 se
376 2514 462 2565 babent
470 2516 597 2565 secuudum
608 2518 753 2580 «perdoctum
762 2518 786 2565 et
793 2514 961 2579 imperfectum

182 2582 263 2644 quiae
279 2584 416 2650 principium
432 2586 598 2637 contrarietatis
610 2589 647 2637 est
658 2587 755 2651 privatio
773 2592 796 2636 et
810 2584 922 2648 babitus,
936 2600 965 2635 »a

183 2653 266 2705 dieitur
280 2656 305 2708 iu
314 2658 352 2721 x,
372 2658 481 2723 ldetopd.
493 2658 540 2723 (l).
555 2658 617 2708 ldem
631 2659 699 2711 ctiam
710 2662 842 2721 sequeretur
854 2696 860 2720 ,
874 2659 896 2709 si
907 2658 965 2721 bnjol

217 2772 247 2882 w
264 2776 316 2822 Sive
330 2777 399 2833 paulo
413 2777 488 2823 aliter.
510 2778 597 2824 Primo
613 2778 819 2823 contrarietatem
833 2779 946 2835 minotio
963 2790 965 2821 v

184 2835 216 2883 bo
237 2839 295 2889 'ton
307 2844 333 2883 ut
346 2839 423 2885 videre
436 2845 473 2883 est
485 2844 543 2883 text.
558 2838 601 2892 16,
619 2838 674 2898 ubi,
692 2844 738 2885 ete.
754 2839 919 2899 subiungitur,
932 2840 964 2886 llo

183 2904 262 2946 tomen
274 2901 352 2945 omnic
362 2900 472 2958 privatio
484 2897 667 2961 (multipliciter
679 2903 744 2947 enim
755 2902 868 2959 privatio
883 2904 964 2950 dc'cr'tsu

183 2963 226 3007 scd
243 2976 271 3009 eo
284 2963 379 3009 mbae
391 2973 445 3020 Μ
455 2963 572 3022 perfecta.
594 2996 597 3001 .
