1984 3309
382 103 413 159 pu
428 102 578 143 mmnrrorrr.
834 100 879 146 εει

105 185 131 229 2.
149 180 271 241 Praeterea,
283 179 343 231 sieut
352 180 451 232 intentio
460 184 495 233 est
502 182 569 245 inis,
578 181 611 231 ita
620 185 643 232 et
654 182 738 233 fruitio.
749 183 795 234 Sed
803 184 880 235 fruitio

68 251 189 302 conuenit
197 251 271 303 hrutis
283 250 427 316 animalibus,
435 252 552 303 uidiotum
561 256 597 304 est
609 254 657 319 (qu.
670 258 710 317 it,
720 258 765 305 art.
775 254 811 319 n).
821 256 881 320 Ergo

69 328 95 374 ει
110 322 222 375 intentio.

107 399 132 443 3.
146 396 269 459 preterea,
278 394 328 459 ejus
340 394 584 459 estiutenderetinem‚
596 396 777 460 cujusestugere
785 401 880 462 propter
924 391 926 396 ’

70 467 164 529 tinem,
174 480 227 516 oum
238 465 356 517 intendere
369 466 426 517 nihii
437 466 522 517 sitnisi
535 467 560 517 iu
571 468 631 519 uliud
648 470 751 519 tendere.
763 470 806 519 Sed
815 470 881 521 imru

69 538 186 590 animatia
206 540 276 602 egunt
291 542 383 603 propter
401 538 484 601 finem3
497 542 601 590 moretur
613 539 675 590 enim
692 540 776 590 animai
795 542 833 591 sel
852 542 880 592 ad

72 610 156 661 cibum
173 611 327 674 querendum,
341 611 379 661 vei
395 610 424 660 ud
436 610 521 675 aliquid
529 610 671 675 hujusmodi.
685 612 745 675 Ergo
756 612 823 664 irruis
832 613 882 663 eui-

71 681 148 733 maliu
161 680 284 732 intendunt
303 682 380 732 finem.

108 754 156 805 Sed
175 758 251 805 contre
257 792 266 818 ,
278 755 376 810 intentio
388 755 441 807 inis
451 756 560 819 importat
571 754 738 806 ordinationem
749 756 845 821 alicujus
855 756 880 808 in

71 828 147 876 tinem
154 861 163 887 ,
179 826 240 888 quod
254 829 289 875 est
302 826 409 891 mtionis3
422 840 474 877 cum
491 825 562 889 igitur
573 826 640 876 bruta
660 825 765 877 unimuiiu
782 840 828 877 uon
841 829 882 877 hu-

71 900 149 950 beunt
160 897 281 959 rationem,
293 898 382 949 uidetur
392 899 451 962 quod
466 912 513 948 non
525 898 645 949 intendunt
661 898 739 947 tinem.

111 970 122 1035 (
129 970 275 1021 Cououusro.
285 996 316 1007 -
325 972 432 1030 Quemvis
441 972 533 1037 proprie
550 974 574 1021 et
584 969 820 1035 prineipuliterbrntis
832 971 882 1021 uni-

73 1041 179 1093 malibus
199 1054 246 1092 nou
266 1042 386 1093 conueniet
405 1042 520 1103 intentio,
535 1042 643 1094 oourenit
669 1045 747 1093 ιειεεε
769 1045 882 1106 qnatenus

72 1112 190 1165 instinctu
202 1112 299 1163 naturali
312 1114 340 1163 ad
353 1113 444 1177 aliquod
456 1114 603 1176 morentur.)

108 1184 250 1247 Respondes
260 1184 397 1249 uiuendum,
411 1184 472 1249 qudd
485 1185 545 1235 sient
555 1185 623 1249 sopri
635 1186 719 1236 dietum
729 1188 765 1235 est
778 1186 828 1248 (ert.
841 1186 877 1250 1),

73 1256 201 1307 intendere
218 1258 254 1307 esi
271 1256 295 1305 in
313 1256 373 1306 aliud
385 1257 493 1319 tendere,
512 1257 573 1321 quod
585 1256 676 1320 quidem
688 1259 723 1307 est
735 1256 848 1308 mouentis
860 1260 884 1306 et

75 1326 146 1379 moti.
167 1326 300 1377 seeundum
314 1327 385 1391 igitur
403 1329 462 1391 quod
476 1326 559 1378 dietim
574 1327 693 1377 intendere
706 1328 774 1377 finem
784 1327 809 1377 id
823 1328 883 1391 quod

74 1402 186 1451 movetur
197 1400 225 1449 ad
239 1400 307 1450 tinem
319 1401 347 1452 air
358 1399 411 1461 alio,
420 1400 480 1451 sicut
493 1403 575 1449 nutura
586 1399 669 1450 dieitur
675 1398 793 1450 intendere
803 1398 882 1461 duem,

77 1470 148 1536 quusi
161 1472 226 1533 motu
237 1471 267 1520 ud
283 1484 348 1521 suum
362 1471 430 1523 finem
445 1471 534 1535 iDeo,
548 1470 606 1521 sieut
619 1470 704 1533 sugite
719 1468 733 1519 i
750 1468 882 1533 sagittante,

75 1547 101 1595 et
120 1544 166 1593 hoe
177 1542 244 1593 modo
253 1543 323 1594 etiem
331 1543 397 1593 brute
409 1542 516 1594 animatia
526 1542 649 1593 intendunt
661 1540 763 1592 fiuemin
773 1543 883 1604 mantum

75 1616 201 1667 moventur
215 1614 323 1665 instinctu
339 1614 437 1665 naturali
453 1615 481 1664 ud
498 1614 593 1678 aliquid.
612 1613 662 1663 iiio
680 1612 747 1663 modo
763 1611 882 1662 intendere

75 1688 150 1739 duem
164 1687 201 1735 est
214 1686 340 1749 mouentis,
351 1688 419 1749 prout
429 1685 516 1737 seilicet
529 1685 617 1736 ordinet
626 1687 714 1736 motum
724 1683 835 1747 alienius,
846 1684 885 1733 rei

76 1758 131 1818 sui,
142 1757 181 1807 vel
194 1756 287 1807 atterius
299 1757 325 1805 in
337 1757 419 1821 tinem3
433 1757 493 1821 quod
504 1762 541 1807 est
553 1754 648 1807 rationis
657 1759 756 1807 tantum.
766 1756 832 1805 Unde
841 1766 884 1817 per

76 1831 142 1879 hune
154 1828 248 1879 modum
261 1828 329 1880 bruta
342 1842 387 1879 non
398 1828 520 1879 intendunt
535 1828 617 1891 duem,
630 1828 691 1891 quod
704 1829 741 1877 est
752 1826 843 1891 proprie
859 1828 884 1875 et

76 1900 238 1965 principaliter
249 1898 379 1963 intendere,
397 1905 423 1951 ut
436 1900 524 1951 dicium
543 1904 578 1950 est
594 1900 647 1962 (εει.
661 1898 695 1963 t).

112 1973 145 2022 dd
162 1972 261 2035 primum
277 1984 331 2035 ergo
344 1971 463 2022 dicendum
470 2008 479 2035 ,
494 1971 556 2036 quod
567 1970 624 2021 ratio
637 1970 676 2019 itta
689 1968 791 2033 procedit
805 1981 885 2041 seeun-

79 2046 136 2096 dum
147 2044 210 2108 quod
222 2043 350 2093 intendere
368 2046 402 2095 est
414 2043 464 2108 ejus
477 2041 656 2106 quod'meretur
668 2041 696 2090 ed
714 2040 792 2089 tinem.

112 2116 147 2167 Ad
165 2115 289 2166 seeundum
304 2114 438 2175 dicendum,
450 2112 510 2177 qrrod
521 2111 598 2163 fruitio
611 2124 658 2163 uon
672 2112 779 2176 importet
791 2110 882 2162 ordina-

76 2191 169 2243 tionem
179 2187 274 2252 uiieujus
285 2186 308 2237 iu
319 2187 403 2251 aliquid
412 2185 470 2237 siout
481 2184 586 2248 intentio,
598 2184 639 2235 sed
648 2182 773 2235 absolutum
784 2182 886 2247 quietem

81 2262 107 2313 in
116 2262 174 2313 tine.

103 2333 151 2383 nd
167 2330 257 2382 tertium
280 2328 416 2395 dicendum,
434 2330 493 2395 qudd
514 2330 580 2381 brute
595 2327 703 2378 animalia
720 2331 841 2378 murentur
858 2329 886 2379 ud

82 2406 170 2469 tinem,
182 2416 227 2455 non
239 2403 304 2467 quusi
319 2402 486 2453 considerantia
496 2400 557 2466 quod
567 2413 608 2465 per
617 2402 704 2451 motum
715 2413 782 2451 snum
795 2399 886 2465 possint

85 2526 143 2584 quiu
153 2536 205 2581 qun
217 2522 341 2569 seeunddm
351 2528 456 2569 naturum
468 2523 536 2581 fiunt,
546 2522 598 2567 edm
606 2535 697 2580 semper
706 2522 743 2569 uei
754 2521 888 2579 trequentes

85 2590 121 2635 sie
132 2588 202 2646 fiunt,
211 2598 258 2631 non
269 2591 366 2644 possunt
374 2584 471 2633 fortuiti
483 2586 533 2632 tisri
541 2586 578 2631 vei
587 2585 602 2630 i
610 2595 675 2645 essu,
685 2597 780 2631 necesse
793 2584 887 2629 omniuo

85 2656 124 2697 est
137 2655 164 2695 ut
174 2648 231 2694 flent
241 2656 334 2706 propter
343 2648 426 2708 finem,
438 2650 486 2695 siue
496 2654 591 2705 propter
605 2648 691 2707 aliquid
702 2647 764 2704 quod
775 2647 805 2692 sit
816 2658 887 2691 cause

87 2724 170 2761 eorum
181 2712 301 2767 fustinum
316 2712 398 2761 deinde
409 2711 472 2770 qnod
487 2724 631 2769 quatumque
648 2712 749 2768 ntiquom
763 2708 830 2753 tinem
845 2709 888 2753 hu-

86 2778 145 2823 bent
153 2808 160 2834 ,
174 2776 281 2822 demutor
299 2780 354 2822 nutu
367 2788 418 2823 esse
432 2780 458 2821 ut
473 2779 568 2833 propter
582 2775 647 2821 ilium
664 2774 734 2832 deut,
746 2776 772 2818 ει
788 2772 821 2818 sio
838 2770 887 2817 iieri

86 2851 189 2902 semper,
202 2838 248 2889 uisi
262 2838 348 2898 eliquit
360 2837 518 2889 interveniens
530 2838 648 2898 impediet.
716 2883 719 2887 ,
