1984 3309
122 120 170 168 att
310 132 372 168 anas
386 132 410 180 a,
428 132 521 176 uuum.
539 130 629 183 annu,
646 134 701 171 nnn.
718 136 736 171 1.

122 219 148 257 se
160 207 230 258 babet
245 208 275 257 ad
292 209 451 270 phantanata
466 207 527 257 ment
544 208 623 259 lumen
640 210 668 259 ad
684 210 785 277 cotom,
805 214 872 276 qnod
890 228 941 267 non

123 278 235 329 abstrahit
246 278 332 342 attusia
345 278 492 342 imbribus,
510 280 552 331 sed
565 285 639 344 magis
649 282 683 333 eis
693 282 776 333 innuit.
793 284 858 349 Engo
872 288 942 337 nulla

125 352 192 402 modu
202 350 353 414 intelligimus
361 351 755 415 abstmbendniplnantasmatibns.

156 427 180 471 lt.
195 423 317 481 Pmterea,
333 423 520 487 Pbilnsnpbnsin
531 425 569 474 lll.
582 426 619 475 De
632 427 719 475 anima
733 426 791 477 dieii
803 428 869 491 qndd
877 446 894 478 n
906 431 944 481 iu-

124 494 230 545 telleetus
245 494 353 559 intelligit
367 494 457 560 speeies
469 495 495 545 in
506 497 711 560 phantasmatibus.
724 516 738 545 s
757 500 809 549 Nun
821 512 882 563 ergo
902 516 945 553 eas

125 566 286 620 abstrahendo.

156 639 201 690 Sed
207 625 288 690 santra
301 642 336 691 est
341 677 350 703 ,
364 642 425 703 qnod
440 638 522 690 dieitur
530 641 554 691 in
562 642 601 693 111.
612 642 649 692 De
661 643 756 699 anima,
770 636 835 708 quun
850 663 866 693 α
877 646 945 699 sieut
986 590 987 683 1

122 726 160 763 res
178 716 232 763 sunt
244 712 383 777 separabiles
399 712 532 775 innatatis,
544 715 578 763 sie
592 714 651 764 eirea
670 714 813 765 intellectum
836 724 911 771 suut.
929 740 943 769 u
986 710 987 713 ¹

124 784 185 846 linae
201 787 291 847 nnenut
304 781 367 847 qndd
378 783 506 835 malesana
518 783 674 847 intelligantur
687 786 711 835 in
728 789 874 849 quantumi
890 806 942 841 uua-

124 855 183 905 teria
194 856 365 918 nubebantur,
373 859 398 906 et
405 854 420 905 a
427 854 616 907 m'militndinibns
626 856 781 908 materialibus
795 896 802 919 ,
814 874 870 923 qna
885 869 945 915 snut

126 928 295 991 nbnnhsmata.

157 999 420 1063 (Concanum-(idm
437 999 566 1050 intellectus
579 1002 694 1051 numanus
710 1014 758 1051 nnn
773 1002 804 1051 sit
814 1007 882 1053 aetus
898 1006 944 1057 nli·

127 1072 195 1135 enjus
207 1071 289 1134 armni
301 1072 433 1136 muneratis,
441 1072 483 1122 sed
493 1072 525 1123 sil
538 1072 627 1129 animae.
637 1086 688 1137 que
700 1076 736 1123 est
748 1073 821 1123 lunma
836 1077 944 1140 asperis

128 1141 244 1207 samnia,
262 1156 356 1193 nasama
368 1147 406 1193 eat
416 1147 444 1193 nt
454 1143 568 1207 intelligat
579 1144 704 1195 materialia
716 1148 740 1195 at
750 1144 870 1196 sensibilia
884 1148 944 1199 abs·

128 1213 261 1265 trabendai
272 1214 491 1279 pneumatium)

159 1286 298 1350 Respondes
313 1287 446 1349 dicendum,
460 1288 523 1350 qudd
534 1288 593 1338 sient
606 1286 675 1353 sunni
683 1289 768 1339 dictum
782 1293 820 1339 ast
830 1289 881 1354 (qu.
893 1296 943 1353 8⁰,

127 1361 173 1409 ant.
185 1362 213 1423 b,
229 1367 254 1410 et
267 1374 308 1423 qu.
322 1362 368 1421 tit,
385 1362 429 1410 ant.
443 1360 491 1422 t),
505 1360 620 1424 abjectam
637 1360 789 1424 ungnnseibile
807 1363 944 1425 proportiu-

129 1435 197 1483 uatus
206 1431 286 1483 virtuli
302 1431 470 1493 mgnuseitiaae.
486 1432 528 1481 Est
542 1436 618 1483 antem
632 1432 714 1496 triplex
726 1434 808 1495 padus
819 1436 944 1496 memsui-

130 1500 183 1553 tiae
192 1503 292 1554 uirtutis
302 1503 409 1561 Quadam
418 1502 479 1553 enim
490 1503 645 1565 mgnnsnitiaa
656 1504 728 1555 virtus
737 1508 775 1554 est
784 1506 850 1555 aetus
858 1508 944 1567 organi

129 1573 266 1637 autunnalis,
280 1572 370 1624 scilieet
381 1587 472 1623 sensus.
488 1575 518 1624 lit
531 1574 582 1626 ideo
596 1574 710 1640 abjectum
723 1574 848 1641 cujuslibst
868 1578 944 1628 sensi-

130 1643 183 1695 tiva
201 1645 310 1709 patentia
329 1648 365 1695 est
380 1645 466 1705 laima,
480 1648 549 1710 prout
567 1646 591 1697 iu
606 1648 702 1698 materia
717 1647 831 1711 uanpnnali
848 1648 942 1701 existit.

131 1717 160 1770 nt
176 1716 231 1780 qnia
246 1717 380 1781 hujusmodi
402 1717 498 1787 materia
521 1722 556 1769 est
573 1718 763 1771 individuationis
780 1719 942 1785 principium,
987 1782 988 1785 Ἴ

131 1787 168 1837 idn
198 1787 274 1838 omnis
287 1788 389 1852 pnmntia
408 1788 527 1841 sensilium
540 1790 612 1854 pastis
627 1794 663 1840 est
675 1790 827 1854 cognosdaiaa
839 1793 944 1854 particu-
987 1786 988 1847 i

130 1850 213 1911 lanum
232 1858 329 1910 tantiam
344 1861 453 1920 Quedam
472 1865 549 1911 numm
564 1862 638 1912 virtus
654 1862 807 1925 mgnuseitisa
824 1865 874 1926 est,
887 1876 944 1927 quaa
987 1866 988 1905 ³

130 1944 206 1996 neque
215 1935 251 1982 est
262 1935 328 1982 annus
341 1932 423 1995 organi
437 1932 575 1997 muneratis,
586 1946 661 1997 neque
674 1936 709 1984 est
721 1932 797 1997 aliquo
810 1934 879 1985 meda
890 1949 943 1985 uun-
987 1934 988 1981 ξ

131 2003 205 2069 penali
215 2002 316 2055 materie
326 2004 457 2067 cunjuncta,
471 2003 530 2054 sient
543 2004 672 2055 intellectus
685 2003 812 2068 angelinus.
824 2010 856 2055 ut
869 2006 942 2069 nujus

131 2074 224 2126 mutatis
236 2075 397 2139 mgnnseitiva
413 2076 529 2139 nbjentum
545 2080 581 2126 est
594 2077 667 2127 terma
677 2075 727 2127 sine
741 2075 838 2127 materia
853 2078 942 2127 subsis-

132 2152 192 2198 tens.
205 2147 255 2198 Etsi
265 2147 327 2197 enim
340 2148 468 2197 materialia
480 2150 632 2211 cognoscant,
643 2160 690 2198 nen
702 2152 780 2196 tamen
794 2146 820 2195 in
830 2148 941 2197 materia-

130 2218 192 2270 libus
205 2219 374 2280 mutuentur,
389 2219 430 2269 sad
440 2217 478 2268 vel
488 2216 516 2267 in
529 2218 628 2281 seipsis,
642 2220 680 2269 val
694 2218 719 2268 in
732 2220 787 2268 ben.
805 2218 941 2270 Intellectus

132 2294 209 2343 numm
217 2293 331 2342 numanus
342 2290 418 2341 medio
431 2290 497 2340 medo
510 2304 534 2339 se
547 2291 632 2340 babet:
643 2304 689 2341 nan
702 2289 762 2341 enim
772 2292 808 2341 est
822 2294 890 2340 acinis
899 2292 942 2343 ali-

131 2364 198 2427 mjus
214 2360 310 2427 unuani,
324 2362 364 2411 sed
376 2365 456 2412 tamen
471 2366 507 2411 est
522 2362 625 2425 quedam
638 2362 711 2413 virtus
727 2362 823 2421 animae,
837 2374 888 2425 qum
902 2366 942 2413 est

132 2435 205 2487 inrma
218 2433 332 2498 minaris,
345 2436 372 2482 nt
387 2448 417 2483 ex
432 2432 579 2497 supsidietis
591 2437 655 2497 patet
665 2434 720 2498 (qu.
736 2438 780 2494 ld,
790 2436 835 2483 ant.
850 2433 891 2498 1).
911 2435 939 2483 Et

133 2507 185 2557 idea
201 2505 318 2571 niensium
327 2505 378 2568 eins
390 2510 426 2557 est
435 2518 575 2570 adgnoscere
588 2505 684 2556 turmam
697 2506 722 2555 in
735 2505 832 2555 materia
846 2505 941 2570 qaudam

135 2577 246 2640 munerati
264 2576 434 2628 individualiter
452 2577 603 2635 existentem,
619 2591 665 2627 nnn
682 2580 761 2627 tamen
777 2581 847 2643 pannt
863 2582 900 2627 est
915 2576 940 2626 iu

133 2648 174 2698 tali
190 2647 293 2698 materia.
310 2650 452 2711 (agnuscere
467 2649 522 2700 verb
539 2648 562 2698 id
579 2649 638 2711 qunud
651 2653 687 2699 est
700 2648 724 2699 in
738 2648 834 2698 materia
854 2648 940 2699 indivi-

135 2718 210 2780 duali,
225 2732 271 2769 non
284 2722 352 2783 prout
365 2724 400 2770 est
412 2720 437 2771 in
452 2721 492 2770 lali
507 2719 612 2781 misteria,
624 2724 659 2770 est
672 2721 802 2771 abstrahere
819 2720 940 2771 farmanni

136 2791 232 2843 matada
243 2790 393 2852 individuali,
404 2806 472 2856 quam
489 2796 654 2857 representans
663 2794 833 2857 phantasmata.
849 2794 878 2843 Et
890 2792 940 2841 iden

137 2876 231 2917 neeesse
242 2866 279 2915 eat
289 2863 365 2915 disere
378 2863 438 2928 qudd
448 2863 580 2917 intellectus
590 2868 667 2917 mosten
679 2862 787 2929 inlelligit
800 2862 940 2926 materialia,
