1984 3309
122 161 166 207 ebt
323 170 384 209 utne
401 173 423 221 1,
436 172 528 217 eumer.
548 172 611 222 neu,
627 172 683 211 m.
698 172 717 209 r.

376 362 546 433 bumbulo
564 357 657 428 XCII.

150 514 185 558 De
197 514 361 572 productione
373 516 503 565 mulieris,
512 516 541 561 tn
553 518 659 573 quatuor
669 518 789 563 articulos
803 520 906 568 divisa.

152 654 238 707 Deinde
251 656 441 705 considerandum
454 659 489 705 est
500 656 528 707 de
540 657 689 720 productione
702 658 813 709 mulieris.

152 727 181 775 Et
194 726 254 776 circa
270 728 314 777 boc
330 731 461 791 quaemntnr
479 725 575 790 quatuor
589 744 595 777 :
611 732 638 779 1⁰
656 728 740 779 Utrirm
754 731 778 780 in
794 732 836 781 iila
850 748 936 788 rerum

120 798 267 863 productione
281 799 384 849 debuerit
399 797 480 850 mulier
494 800 597 863 produci.
614 804 641 847 2⁰
655 800 735 852 Utrirm
752 804 863 854 debuerit
881 810 937 859 fieri

121 869 218 929 delviro.
236 876 261 919 3⁰
275 870 354 923 Utrirm
368 872 396 921 de
410 876 473 921 coste
487 871 538 921 viri.
555 874 580 920 4⁰
594 871 675 923 Utrirm
688 873 748 924 iactu
759 876 832 926 inerit
846 878 936 932 imme-

121 940 206 993 diatei
222 944 277 993 beo.

423 1052 583 1103 eunicebus
598 1054 617 1103 l.

191 1166 277 1215 verbm
296 1168 384 1212 mulier
399 1168 506 1213 debuerit
522 1170 621 1224 prodroei
637 1172 662 1214 tn
676 1171 757 1227 priona
772 1185 861 1218 rerum

434 1232 599 1289 productione.
668 1279 671 1288 ¹

152 1348 185 1398 Ad
199 1348 296 1412 primum
309 1348 342 1399 sic
356 1348 484 1412 proceditur
494 1349 538 1419 (1),
553 1350 648 1401 Videtur
662 1352 721 1416 qrrbd
736 1353 818 1405 mulier
827 1370 879 1407 non
892 1360 935 1411 de-

119 1419 170 1469 buit
179 1420 273 1484 produci
283 1420 308 1471 in
319 1421 392 1485 prima
403 1435 478 1471 rerum
490 1422 647 1485 productione.
659 1424 722 1475 Dicit
735 1425 799 1475 enim
814 1428 935 1481 Philoso-

119 1492 179 1556 phus
188 1491 212 1541 in
222 1492 278 1542 iibro
289 1493 317 1543 de
327 1491 473 1555 generatione
482 1493 624 1557 animalium,
633 1494 693 1558 quod
704 1513 719 1543 n
726 1496 822 1547 immina
831 1503 869 1550 est
879 1516 935 1553 mas

119 1563 274 1615 occasionatus
288 1565 331 1627 (2).
347 1580 361 1611 o
375 1565 419 1614 Sed
433 1565 491 1615 nibil
507 1566 675 1617 occasionntum
685 1572 707 1618 et
722 1567 834 1619 deficiens
848 1572 934 1625 debuit

119 1648 169 1685 esse
185 1636 209 1684 in
225 1635 299 1699 prima
313 1649 388 1686 rerum
405 1637 556 1689 institutione.
576 1639 636 1702 Ergo
651 1640 676 1689 in
697 1639 735 1689 iiia
755 1640 829 1704 prima
849 1656 932 1696 rerum

119 1705 261 1755 institutione
279 1706 360 1755 mulier
371 1706 516 1771 producenda
532 1709 646 1760 nonfuit.

150 1782 174 1827 2.
189 1778 313 1841 Praeterea,
331 1779 442 1845 subjectio
457 1784 480 1831 et
493 1782 613 1833 minoratio
633 1797 662 1833 ex
674 1788 769 1849 peccam
790 1789 826 1835 est
841 1788 932 1840 subse-

119 1852 187 1913 cutn;
201 1862 253 1898 nam
266 1850 295 1901 ad
308 1850 425 1903 mulierem
439 1852 525 1903 dictum
540 1856 575 1904 est
587 1857 639 1917 post
648 1860 776 1918 peccatum,
790 1855 929 1917 Gen.,1[1:

120 1938 134 1967 α
145 1920 192 1970 Sub
202 1920 246 1970 viri
254 1924 367 1985 potestate
376 1923 428 1974 eris.
438 1940 452 1970 »
462 1924 491 1974 Et
501 1924 622 1988 Gregorius
633 1924 716 1975 dicitnr
726 1926 787 1989 qndd
800 1945 814 1974 «
824 1930 866 1979 ubi
878 1946 931 1982 nou

118 1990 280 2056 delinquimus
296 2006 376 2043 omnes
387 2006 453 2059 peres
465 2010 553 2046 sumus.
566 2013 580 2042 »
590 1996 636 2046 Sed
646 1997 728 2047 mulier
740 1999 876 2050 nammdter
892 2008 930 2053 est

119 2060 215 2113 minoris
229 2064 321 2115 virtutis
334 2069 356 2114 et
370 2065 488 2129 diguitatis
501 2067 569 2131 quim
583 2068 626 2117 vir.
641 2068 736 2133 Semper
748 2069 811 2119 enim
825 2088 839 2119 u
850 2074 929 2125 hono·

118 2135 212 2185 rabidius
226 2139 261 2186 est
272 2149 342 2201 agens
359 2138 474 2202 patiente,
492 2155 506 2184 »
517 2144 541 2189 ut
554 2138 609 2189 dicit
622 2140 762 2202 Augustinus
772 2142 827 2206 XII,
841 2146 931 2208 Super·

120 2208 179 2257 Gen.
196 2208 231 2257 act
244 2208 287 2257 lit.
295 2210 354 2272 Ergo
367 2224 414 2260 non
429 2210 507 2261 debuit
520 2210 603 2261 mulier
614 2212 708 2275 produci
721 2212 745 2261 iu
758 2213 832 2277 prima
847 2217 929 2266 rerum

118 2280 266 2341 productione
281 2285 335 2331 ante
349 2284 474 2347 peccatum.

151 2355 173 2399 3.
189 2353 315 2412 erotema,
330 2352 461 2403 occasiones
477 2357 624 2417 peccatorum
637 2359 859 2420 suntamputundae.
879 2360 930 2412 Scd

85 2420 87 2426 '
119 2422 183 2471 Deus
199 2423 314 2485 prescivit
332 2425 392 2487 quod
405 2425 485 2476 mulier
506 2431 569 2477 esset
585 2428 663 2479 futura
675 2428 725 2478 viro
738 2429 762 2478 in
779 2430 928 2483 occasionem

120 2493 215 2557 peccati.
234 2495 293 2555 Ergo
307 2508 354 2544 non
368 2496 447 2546 debuit
463 2497 583 2548 mulierem
595 2500 728 2562 producere.

151 2565 194 2617 Sed
210 2568 289 2614 contra
307 2571 357 2627 est,
374 2569 434 2630 quod
452 2568 535 2619 dicitur
553 2570 622 2626 Gen..
643 2572 662 2621 ΙΙ
681 2587 715 2621 1«
723 2573 774 2622 Nou
788 2578 825 2623 est
838 2575 930 2627 bonum

152 2708 182 2772 (1)
197 2695 357 2757 Dehisctiam
374 2714 474 2772 opusc„
488 2718 577 2775 LXXV,
591 2730 644 2775 cup
656 2717 700 2778 i't,
715 2721 760 2765 cot.
777 2721 800 2765 2.

152 2782 183 2845 (Ξ)
199 2787 286 2839 Nempe
300 2784 341 2828 iib.
362 2786 396 2841 ΙΙ,
411 2790 454 2833 sub
468 2790 529 2833 tertii
545 2790 627 2846 cepitis
643 2790 725 2844 [inern3
740 2792 796 2837 licdt
813 2807 929 2842 nonnas

120 2846 309 2893 rr-cmeoooms
303 2859 326 2889 ur
344 2848 452 2895 moderna
471 2852 587 2908 editione,
606 2854 647 2897 scd
660 2868 711 2898 mas
727 2856 798 2901 toecuc
817 2858 927 2918 dicutur,

119 2917 143 2955 ut
157 2916 180 2956 et
190 2906 305 2968 gruendu
278 2908 343 2979 np‘pcu
356 2915 521 2982 πεπηρωμένον
534 2916 615 2961 eodem
630 2930 708 2963 sensu
