1984 3309
213 8 225 35 Ι

156 152 202 201 866
281 160 356 215 ΡΙΙΙᾼ
372 160 506 209 SECUNDAE,
520 159 614 205 QUEM.
631 160 707 211 xvm,
720 160 779 199 ffl-
795 162 844 199 vll.

187 242 208 288 ι.
222 240 346 303 l’raeteren,
361 242 446 302 quanto
466 237 543 303 eliqua
562 238 691 288 differentia
708 241 744 288 est
758 237 837 301 magis
849 236 967 295 formalis,

154 311 218 363 muto
231 312 303 376 mcgis
313 312 347 361 est
355 308 471 373 speciatim
485 309 539 373 quin
552 309 679 360 differentia
691 315 844 375 eomparatur
854 310 884 361 ad
900 322 970 373 genus

155 386 182 433 nt
192 384 265 435 formu
280 383 307 433 ad
323 380 450 431 materiam.
465 380 513 431 Sed
526 382 615 445 species
626 394 678 444 onae
695 385 732 431 est
745 395 776 431 eu
793 382 858 444 fine,
874 386 912 432 est
924 383 970 430 tor-

154 454 234 505 mnlior
246 466 273 503 ee
289 466 339 517 que
355 456 391 502 est
404 464 433 502 ex
452 452 554 516 objecto,
568 457 593 503 ιιι
613 452 750 502 dictumest
765 454 831 517 (art.
848 454 898 516 6).
913 455 968 513 Ergo

154 527 311 590 speciesque
332 528 368 574 est
387 538 415 575 er
435 524 493 591 line,
510 524 639 575 continetur
652 524 694 574 sub
715 523 795 589 specie
815 540 874 587 quae
889 531 926 575 est
944 539 968 573 er

153 596 257 661 objecto,
275 595 334 645 sicut
346 595 433 659 species
446 595 610 661 specialissima
626 596 669 646 sub
689 608 775 659 genere
794 595 944 647 subalterno.

185 668 231 717 Sed
242 670 332 727 contra,
343 667 465 730 cujuslibet
478 666 567 731 generis
577 671 630 718 snut
644 668 805 718 determinate
818 668 965 719 differentiae.

153 738 197 789 Sed
212 741 276 789 actus
294 737 397 801 ejusdem
413 739 499 805 speciei
512 753 541 790 ex
551 743 615 803 parte
630 739 715 803 objecti
728 743 807 804 potest
822 742 855 791 ad
867 740 969 791 infinitos

155 810 211 861 lines
226 809 338 873 ordinari,
357 810 412 875 puli
430 810 516 860 lurtum
534 812 562 859 ud
581 810 670 860 infinita
690 812 751 861 loona
767 811 806 861 vel
821 813 897 864 mala.
915 814 969 874 Ergo

156 882 244 947 species
259 896 309 945 quae
328 885 363 931 est
379 894 409 933 eu
423 882 485 946 line,
500 895 548 932 nou
561 881 690 933 continetur
704 883 748 932 sub
763 884 918 949 specieque
939 839 985 933 esc¹

156 968 185 1005 ex
201 954 304 1018 objecto,
323 952 381 1003 sicut
395 955 436 1004 nub
453 966 548 1017 genere.
983 969 985 1016 ι

190 1027 345 1091 (Goucnusro.
355 1026 488 1090 -Species
505 1025 596 1076 morulis
611 1029 677 1077 actus
693 1039 724 1077 err
734 1027 781 1077 line
797 1032 915 1093 accepta,
928 1021 985 1077 ιιιιιιΙ

156 1096 284 1148 continetur
300 1098 341 1149 suh
361 1097 438 1161 specie
453 1102 517 1148 nctus
535 1110 565 1147 ex
582 1098 672 1161 objecto
688 1098 832 1163 specificati,
849 1100 913 1151 siem
934 1101 985 1152 suri!

156 1180 252 1231 genere,
268 1168 308 1219 sed
327 1172 380 1218 suut
394 1167 546 1219 indistinctis
560 1167 707 1233 speciebus.)
983 1159 985 1230 l

188 1240 325 1304 despondeo
343 1240 477 1304 dicendum,
491 1240 552 1304 qudd
569 1240 685 1304 objectum
699 1242 824 1293 exterioris
846 1249 918 1296 actus
933 1246 968 1293 du·
983 1275 985 1296 ι

156 1310 246 1376 pliciter
259 1315 336 1375 potest
349 1312 469 1363 solabere
486 1311 595 1363 adfinem
608 1312 742 1363 voluntatis.
756 1314 807 1364 Uno
824 1316 899 1368 modo
917 1317 968 1365 siem
983 1315 985 1350 ι

156 1396 198 1447 per
216 1396 240 1434 se
257 1382 385 1435 ordinatum
397 1384 426 1437 ed
438 1384 515 1449 ipsum
531 1384 676 1437 :sicntbene
690 1399 794 1449 pugnare
806 1401 856 1449 per
871 1402 899 1439 se
912 1389 967 1439 ordr-
983 1353 985 1458 l

157 1458 225 1504 netur
238 1454 266 1506 ed
286 1454 412 1505 victorium.
428 1456 477 1505 llio
492 1456 558 1507 modo
576 1467 619 1520 per
633 1456 742 1507 accidens
760 1474 767 1507 ε
786 1457 852 1508 sicut
865 1462 967 1523 accipere
983 1467 985 1516 ξ

158 1540 207 1576 rem
218 1525 315 1576 alienum
328 1540 369 1591 per
380 1526 483 1578 accidens
493 1530 610 1580 ordinatur
625 1530 654 1579 ad
667 1529 766 1580 dandum
782 1530 966 1599 eleemosynam.
983 1525 985 1576 i

160 1598 255 1661 Oportet
265 1601 383 1662 autemut
391 1599 544 1664 Philosophus
551 1597 606 1651 dicit
612 1600 639 1657 in
648 1602 697 1650 llll.
708 1603 822 1665 Metcpt.
837 1605 909 1665 (text.
922 1610 966 1662 ll).
983 1603 985 1606 '

158 1670 217 1730 quod
235 1668 367 1721 differentis
388 1669 517 1721 dividentes
533 1672 625 1735 aliquod
644 1686 733 1736 genus,
749 1676 773 1723 et
795 1675 985 1726 constituentes.

158 1739 259 1803 speciem
279 1739 340 1791 illius
364 1742 470 1806 generis,
483 1756 526 1808 per
545 1756 569 1793 se
587 1742 689 1794 divident
703 1743 810 1808 illud3si
831 1751 914 1797 autem
931 1762 968 1811 pur

160 1810 279 1875 accidens,
290 1825 337 1863 non
347 1814 410 1865 recte
423 1815 526 1879 procedit
539 1814 630 1879 divisio,
639 1814 696 1879 pnt'n
705 1815 727 1865 si
739 1815 886 1879 quisdicat:
898 1836 913 1866 (ι
922 1821 967 1867 um-

159 1882 252 1933 nmlinm
266 1883 327 1934 uliud
343 1886 468 1949 rutionalc,
484 1886 546 1937 eliud
562 1885 704 1952 irrationale3
720 1892 745 1939 et
757 1888 899 1941 animalium
916 1892 967 1939 irru-

159 1952 287 2017 donatiam,
305 1956 367 2007 uliud
380 1958 478 2021 alatum,
493 1958 555 2008 aliud
570 1972 617 2009 nou
629 1960 728 2024 ulntum3
741 1977 755 2006 ιι
771 1961 933 2013 mammonin
947 1967 966 2010 el

159 2033 205 2077 ndu
221 2027 305 2077 elutum
318 2041 364 2078 non
378 2033 431 2079 snut
441 2042 482 2093 per
494 2043 518 2079 se
532 2030 705 2081 determinativa
719 2030 772 2095 ejus
781 2035 846 2096 quod
859 2040 898 2085 cst
911 2037 966 2083 irru-

158 2098 250 2149 tionule.
268 2098 360 2163 Oportet
370 2102 444 2150 autem
458 2100 492 2151 sic
509 2101 624 2165 dividere,
638 2120 651 2150 ιι
662 2102 794 2153 animalium
802 2105 966 2155 nliudhebeus
983 2099 985 2138 ἓ

159 2170 239 2234 pedes,
252 2170 313 2221 alirrd
324 2184 370 2221 non
380 2172 465 2221 habens
476 2173 555 2237 pedes;
566 2173 730 2225 etnubentium
740 2176 808 2238 pedes
822 2169 888 2227 alind
900 2178 967 2227 hehet

158 2242 232 2306 duos,
244 2243 304 2293 aliud
316 2247 420 2307 quatuor,
434 2244 496 2294 eliud
511 2246 609 2309 multos3
619 2241 637 2293 ἰ)
652 2248 700 2297 lraec
716 2246 778 2295 enim
791 2259 834 2311 per
853 2262 879 2299 se
893 2252 966 2299 deler-

157 2312 247 2364 miuunt
258 2315 356 2379 priorem
370 2315 530 2367 differentiam.
542 2313 581 2367 Sic
594 2317 664 2382 igitur
677 2319 766 2382 quaudo
782 2319 904 2382 objectum
920 2336 964 2370 nou

158 2386 193 2435 est
205 2398 247 2448 per
260 2400 285 2436 se
301 2384 429 2438 ordinatum
447 2388 475 2437 ad
495 2389 579 2451 finem,
595 2388 721 2439 differentia
736 2389 843 2455 specifica
862 2406 916 2456 qun
932 2401 964 2440 esc
983 2395 985 2438 ι

158 2468 187 2505 ex
201 2455 306 2521 objecto,
316 2471 363 2509 nun
374 2462 410 2509 est
422 2472 462 2524 per
473 2473 499 2511 se
510 2460 681 2512 determinatim
695 2462 746 2525 ejus
755 2476 804 2525 quae
814 2467 894 2514 estex
911 2465 963 2516 fine
983 2441 985 2540 l

157 2536 201 2575 nec
214 2526 353 2580 econverso
368 2546 374 2579 ι
391 2531 450 2581 undo
469 2545 515 2581 une
532 2532 626 2582 istarum
646 2532 773 2596 specierum
792 2547 841 2585 non
864 2542 903 2587 est
925 2538 966 2585 suu
983 2573 985 2582 .

158 2598 217 2660 clia,
234 2599 275 2651 sed
287 2602 342 2650 tunc
361 2605 425 2653 ectus
442 2604 535 2654 moralis
548 2608 585 2653 est
599 2605 742 2656 subdurum
756 2605 879 2669 speciebus
901 2622 964 2672 quast
983 2615 985 2652 ι

157 2670 285 2732 disperatis.
302 2671 366 2722 Unde
384 2674 482 2726 dicimus
496 2675 554 2739 quod
572 2675 610 2725 ille
625 2677 664 2739 qui
681 2677 768 2728 furatur
780 2681 804 2726 ut
817 2680 963 2729 moeclrelur.

156 2739 278 2789 committit
297 2741 352 2791 duas
367 2744 465 2795 melitius
487 2746 512 2796 in
531 2760 577 2798 uuo
593 2751 654 2798 actu.
671 2749 696 2798 Si
712 2748 766 2799 vert
782 2748 903 2812 objectum
924 2765 962 2814 pr:

156 2820 181 2857 se
193 2810 308 2891 ordinetur
319 2811 347 2862 ud
357 2812 439 2878 finem,
454 2831 500 2868 unu
511 2817 620 2870 dicturum
639 2819 812 2871 diserentium
828 2826 865 2871 est
876 2836 923 2886 per
938 2838 966 2871 se
983 2855 985 2904 ἱ

155 2876 327 2931 determinatum
344 2883 437 2942 alterins
453 2902 458 2936 :
475 2890 536 2940 unde
554 2904 600 2942 una
613 2890 708 2944 uterum
722 2891 847 2958 specierum
856 2895 966 2945 contine-
983 2913 985 2958 ι
