1984 3309
150 150 197 197 9⁰6
299 160 372 197 rnna
390 158 517 207 secunus,
532 157 627 203 ounsr.
640 158 687 206 n,
704 155 762 194 nnn.
778 156 805 194 v.

149 236 286 305 voluntatis,
305 250 372 300 quam
389 236 458 285 habet
476 248 504 284 er
521 234 573 298 ipso
584 237 636 283 actu
652 232 737 296 volito,
756 235 800 284 sed
813 234 942 297 comparatur
972 251 974 254 ·

150 310 177 359 ad
195 308 280 372 ipsam,
296 312 320 357 ut
333 307 390 357 ratio
406 310 429 355 et
441 318 510 355 causa
522 304 587 369 ejus,
603 304 663 355 sicul
676 317 747 368 supra
762 304 847 355 dictum
856 308 894 356 cst.

182 380 210 429 Et
228 392 268 443 per
281 381 325 429 lroc
342 378 408 427 etiarn
422 380 484 441 patet
502 376 585 427 solutio
602 378 630 425 ad
646 376 750 425 tertium.

449 527 607 582 inmundos
624 531 650 578 V.

153 648 236 692 [lirim
246 648 345 691 ecculm
358 658 457 703 sequacos
466 646 560 703 aliquid
568 646 643 690 addat
652 646 680 689 de
691 646 801 691 munau
808 647 847 691 vel
860 644 944 689 ⁰⁸⁶5stss
972 697 974 730 ,

404 710 435 753 cd
450 710 593 753 exteriorem
606 712 694 753 actum.
972 743 974 788 ,

182 829 215 877 dd
229 827 334 891 quintum
352 829 385 879 sic
403 826 533 891 proceditur
546 827 590 891 (l).
605 826 700 877 Videtur
720 829 782 891 qnod
799 832 893 878 euentus
912 840 942 875 sa-
972 801 974 866 Ι

150 913 222 964 quens
238 901 304 951 addat
318 902 344 951 ad
360 901 485 951 bonitatem
498 899 536 949 vel
553 898 661 949 malitiam
675 902 748 949 actus.
772 898 873 949 Effectus
890 898 942 948 enim

149 971 234 1021 virtute
252 971 376 1035 praeexistit
390 971 415 1019 in
430 983 511 1033 causa,
528 969 568 1018 sed
580 974 675 1019 eventus
688 974 861 1033 consequuntur
874 974 942 1028 actus,

151 1041 211 1092 sicut
223 1043 315 1093 effectus
329 1056 424 1103 causas3
435 1055 488 1104 ergo
501 1042 584 1091 virtute
598 1042 749 1106 praexistuut
761 1043 788 1092 in
798 1043 894 1092 actibus.
905 1042 942 1089 Sed
972 1061 974 1126 p

152 1130 166 1161 n
182 1115 356 1177 unumquodque
372 1115 495 1164 secundum
509 1127 573 1164 suam
585 1111 730 1174 virtutemltt
743 1114 862 1176 judicatur
869 1114 942 1163 lunum
972 1129 974 1174 p

150 1183 186 1234 vel
202 1182 299 1249 malum;
316 1197 369 1233 nam
387 1185 460 1235 virtus
478 1188 523 1246 est,
539 1198 590 1248 qua
608 1184 695 1234 bonum
712 1184 768 1234 lacit
787 1188 942 1244 balenum»
972 1179 974 1242 ξ

150 1258 177 1303 ut
195 1253 276 1305 dicitur
286 1255 311 1304 in
324 1256 353 1305 ll.
369 1256 453 1306 erare.
470 1256 529 1319 Ergo
542 1259 639 1307 euentus
650 1256 735 1305 addunt
749 1255 837 1320 aliquid
851 1258 878 1307 ad
887 1254 941 1304 nuui-

151 1329 221 1377 tatem
234 1328 271 1377 rel
282 1327 390 1377 malitiam
405 1332 478 1379 nctus.
972 1327 974 1396 l

183 1402 206 1447 2.
222 1398 348 1460 Proterea,
361 1400 420 1450 iona
430 1412 483 1462 qua
496 1398 582 1449 ludunt
591 1399 719 1462 auditores,
730 1403 786 1449 sunt
795 1400 890 1450 elieotm
900 1398 942 1460 qui-
972 1399 974 1436 :

151 1469 202 1518 dam
222 1474 385 1533 consequentes
402 1484 431 1520 ex
450 1469 610 1534 predicatione
630 1470 743 1520 Ductoris.
761 1470 808 1526 Sed
824 1468 940 1534 hujusmodi

150 1539 209 1589 bona
222 1542 347 1591 redundant
356 1542 383 1591 ad
398 1542 503 1592 meritum
513 1542 679 1605 predicatoris,
690 1546 715 1592 ut
725 1546 791 1605 patet
801 1556 843 1607 per
853 1543 876 1591 id
888 1540 936 1603 quod

151 1609 233 1660 dicitur
244 1611 368 1677 Philipp„
381 1614 409 1663 IV
426 1629 431 1661 :
446 1631 459 1661 u
468 1614 560 1663 Fratres
571 1612 618 1663 mci
627 1612 756 1663 charissimi
769 1616 795 1663 et
808 1610 937 1664 desideratis-

152 1681 216 1742 simi,
232 1684 338 1745 gaudium
353 1697 428 1733 meum
440 1689 462 1735 ct
472 1698 555 1735 corona
571 1698 630 1734 mea.
643 1700 657 1731 n
670 1685 729 1747 Ergo
743 1688 843 1735 euentus
854 1695 937 1747 sequen
972 1671 974 1738 l

152 1752 659 1816 auurtanqnaanuonruomvermaruram
676 1760 749 1805 accus.
972 1745 974 1812 l

185 1826 207 1870 3.
224 1824 347 1887 Praelerea,
360 1839 429 1889 prena
447 1840 493 1877 non
507 1826 596 1876 additur
606 1826 652 1875 nisi
668 1829 785 1877 crescente
800 1827 878 1891 culpa3
889 1825 938 1875 uude
972 1835 974 1914 p

153 1894 233 1945 dicitur
245 1896 331 1955 Dent,
344 1898 403 1947 llllV
419 1914 424 1947 :
442 1915 455 1945 u
464 1900 507 1948 Pro
519 1911 624 1948 mensura
639 1897 728 1961 peccati
741 1898 786 1948 crit
800 1902 824 1948 et
838 1900 937 1963 plagamm
972 1921 974 1970 3

153 1968 242 2017 modus.
255 1984 268 2015 n
281 1969 325 2019 Sed
339 1982 368 2019 ex
384 1973 466 2020 euentu
479 1973 588 2034 sequente
602 1969 693 2020 additur
705 1970 733 2019 ad
753 1983 858 2033 poenam;
872 1969 939 2019 dicitu
972 1975 974 1982 ·

153 2039 214 2088 enim
228 2041 323 2099 Ecod„
337 2042 404 2103 XXI,
420 2043 480 2105 quod
495 2042 539 2092 usi
550 2042 593 2093 bos
605 2041 674 2093 luerit
687 2045 813 2105 cornupeta
824 2043 860 2092 ab„
870 2039 913 2092 lueri
923 2043 940 2088 el

153 2110 329 2174 nudiustertius,
344 2116 367 2163 et
380 2112 503 2163 contestati
516 2116 569 2163 sunt
583 2113 698 2163 dominnm
711 2112 771 2176 ejus,
782 2126 829 2164 uec
840 2110 939 2163 recluserit

153 2193 218 2244 curn,
240 2183 392 2248 occideritque
414 2184 487 2233 uirum
515 2188 555 2234 aul
578 2184 710 2246 mulierem,
727 2186 752 2234 el
775 2186 819 2236 bos
842 2184 939 2249 lapidibus

183 2310 217 2375 (1)
232 2316 264 2359 Ile
275 2314 389 2359 hisetiam
404 2314 475 2371 iulrd,
492 2327 532 2371 qu.
548 2314 592 2373 71,
607 2318 650 2360 art.
663 2312 691 2368 85
708 2316 825 2373 etqui,
841 2313 938 2361 demalo.
972 2361 974 2370 ¹

154 2381 197 2421 art.
208 2376 235 2433 3,
250 2377 279 2421 ad
291 2376 319 2431 53
334 2383 358 2422 et
371 2389 411 2433 qu.
426 2376 454 2435 3,
467 2381 512 2421 art.
525 2376 569 2436 lo,
589 2378 618 2421 ad
630 2376 655 2422 5.
972 2373 974 2480 p

186 2443 217 2505 (ἲ)
235 2449 278 2491 Seu
287 2446 391 2504 physice,
407 2458 448 2493 scu
459 2448 578 2492 moraliter
591 2453 720 2506 sumptam,
732 2453 760 2492 nt
777 2455 844 2505 patet
853 2451 901 2495 loco
910 2445 939 2491 liic
972 2491 974 2494 .

153 2513 245 2559 notato;
259 2520 343 2564 nempe
360 2522 412 2565 cap.
429 2508 453 2567 5,
469 2511 607 2568 praeco-lat,
621 2511 658 2555 vel
670 2512 694 2555 in
705 2511 810 2567 antiquis
823 2525 876 2570 cap.
885 2512 911 2567 6,
922 2515 940 2553 el
972 2553 974 2562 .

154 2568 212 2623 apud
229 2572 251 2613 S.
267 2570 379 2615 Thomarn
392 2572 447 2615 lect.
460 2572 488 2629 6,
504 2572 545 2617 ubi
558 2578 583 2617 et
600 2573 661 2618 ocull
676 2574 812 2629 exemplum
825 2576 939 2624 adducitur,
972 2583 974 2588 ·

152 2632 217 2685 quus
234 2631 305 2673 virtus
315 2632 384 2677 efficit
397 2638 424 2677 ut
435 2634 494 2677 bend
507 2634 639 2687 rideamus;
654 2636 742 2691 alequi
755 2638 826 2692 cujus
837 2638 904 2681 virtus
912 2639 940 2677 est
972 2643 974 2678 :

152 2696 177 2733 ut
190 2700 304 2734 sessorem
318 2694 439 2738 commode
457 2701 546 2751 gestet,
558 2701 584 2739 ut
597 2697 622 2740 in
635 2697 714 2742 hostes
727 2696 816 2743 teratur
829 2697 939 2756 imparidd¹
972 2731 974 2770 ,

152 2754 178 2792 ut
195 2751 255 2794 hene
272 2759 364 2796 currat:
378 2754 477 2811 indeque
495 2758 602 2802 similiter
620 2759 693 2803 virtus
707 2760 809 2804 huminis
829 2762 884 2807 nihil
898 2769 940 2803 essc
972 2773 974 2814 p

151 2810 319 2921 gildlddngdicnm
332 2814 378 2857 nisi
393 2816 486 2863 habitus
504 2832 547 2875 per
563 2832 631 2876 quom
646 2821 696 2877 ipse
712 2820 842 2882 arnonus,
856 2828 879 2869 et
892 2832 941 2877 ⁰an
972 2827 974 2830 '

258 2886 306 2917 nm.
