1984 3309
207 134 349 206 nuncnune
361 162 493 212 surranrrs
510 165 528 203 a
544 162 693 206 accurram.
805 157 853 204 ott

54 242 103 305 tiis,
117 242 143 291 ut
154 240 260 292 udonus
271 241 321 291 uult
334 254 380 292 non
397 240 471 293 solim
485 241 542 303 sibi,
558 242 599 293 sed
614 242 721 295 omnibns
733 243 851 307 potentiis.

54 315 82 363 Et
94 314 145 363 ideo
158 314 227 363 homo
241 314 337 377 imperat
352 312 453 376 sibiipsi
467 316 542 363 actum
556 312 688 377 voluntatis,
698 314 723 364 in
740 318 852 379 quantum

55 390 89 435 est
97 384 228 446 intedigens
240 388 264 435 et
276 385 364 435 votens.

85 456 219 509 aeteruum
229 456 427 520 dicendum,qudd
438 457 490 507 cim
499 457 619 522 imperium
630 457 660 509 sit
672 463 737 509 actus
746 458 851 521 rationis,

53 530 90 579 itla
103 533 167 580 actus
180 528 303 591 imperatur
318 529 358 592 qui
367 529 451 580 rationi
461 529 573 594 subditur,
587 530 674 593 primus
684 533 759 580 summ
771 531 853 581 voluu-

52 601 106 651 tatis
121 605 185 651 aetus
201 614 230 651 ex
244 601 339 652 rationis
356 601 497 653 ordinatione
515 614 561 652 non
577 605 627 665 est,
641 603 682 654 sed
698 615 729 652 ex
743 603 853 653 instinctu

52 675 139 724 natmae
163 676 203 723 aut
224 672 347 736 superioris
367 686 453 734 musae,
469 672 577 736 art-snpri
597 673 682 723 dimum
696 676 733 724 ost
748 676 801 737 (qu.
822 679 852 736 e,

52 749 93 797 art.
109 744 150 808 t).
163 745 191 795 Et
200 744 260 795 ideo
271 758 318 795 non
331 748 422 809 oportet
432 743 494 808 quod
510 744 536 795 in
551 744 666 795 infinitum
676 747 818 809 procedatur.

346 888 508 939 antidotus
523 889 562 937 vl.

246 994 332 1039 Uirium
341 996 408 1039 actuo
417 995 519 1039 rationis
528 994 666 1050 imperetur.

84 1102 117 1155 td
133 1106 225 1154 sertum
241 1103 275 1153 sic
290 1103 426 1167 proceditur.
439 1103 534 1153 Videtur
544 1101 607 1166 quod
621 1105 684 1154 ndns
699 1102 792 1154 rationis
808 1116 854 1154 non

51 1172 125 1238 possit
138 1186 189 1225 osse
199 1174 331 1237 imperatus.
344 1174 512 1228 inconveniens
521 1174 583 1225 enim
595 1174 686 1225 uidetur
696 1173 757 1238 qnod
766 1175 853 1238 siquid

51 1247 151 1310 imperet
163 1245 207 1297 sihi
225 1246 278 1310 ipsi.
291 1247 335 1297 Sed
350 1246 408 1297 ratio
417 1251 452 1298 est
467 1261 519 1311 qum
528 1246 638 1311 imperat,
651 1249 678 1295 ut
687 1247 756 1310 cupri
768 1246 853 1297 dictum

50 1323 95 1368 est
107 1319 168 1381 Ergo
180 1316 277 1373 radonis
289 1322 353 1368 actus
366 1331 413 1369 non
427 1319 560 1382 imperatur.

83 1394 107 1439 t.
122 1392 250 1451 preterea,
264 1389 287 1439 id
305 1391 364 1453 quod
381 1393 417 1440 est
436 1403 477 1453 per
490 1389 628 1450 essentiam,
641 1388 758 1439 diversum
774 1391 810 1437 εει
827 1389 855 1436 ει

50 1475 79 1513 eo
91 1462 154 1525 quod
168 1464 203 1511 est
214 1474 256 1525 per
268 1462 475 1527 participationem.
486 1462 531 1512 Sed
546 1460 650 1525 potentia
663 1462 731 1525 cujus
741 1463 805 1509 actus
813 1459 856 1509 im·

51 1534 144 1596 peretur
157 1530 280 1595 tratione,
296 1535 331 1581 est
343 1549 357 1581 a
367 1532 425 1582 ratio
439 1546 480 1595 per
490 1531 701 1595 participationem,
711 1546 725 1576 »
735 1532 761 1578 ut
775 1529 856 1579 dicitur

51 1606 77 1653 in
93 1605 110 1655 1.
124 1602 209 1653 Eiteia.
226 1604 289 1667 (cap.
305 1604 368 1667 uit).
382 1606 440 1667 Ergo
455 1603 517 1654 iliius
526 1604 766 1668 potentieactasnon
783 1600 855 1665 impc-

52 1680 132 1737 ratar,
145 1687 196 1738 que
206 1680 242 1725 est
255 1693 269 1723 a
284 1676 343 1728 ratio
354 1690 393 1740 per
412 1677 544 1727 essentiam,
562 1692 576 1724 u

86 1752 109 1795 3.
122 1748 235 1797 Preterea
240 1784 249 1811 ,
260 1747 298 1799 ille
309 1752 372 1799 actus
382 1748 507 1811 imperatur
517 1747 558 1813 qni
566 1751 601 1799 est
611 1749 636 1798 iu
645 1750 758 1813 potestate
769 1751 853 1798 nostra,

52 1820 99 1871 Sed
115 1831 253 1882 cognoscere
273 1824 296 1869 et
312 1820 413 1883 judicare
432 1833 525 1883 rernm,
539 1822 600 1883 quod
617 1825 655 1871 est
669 1824 733 1869 nctus
748 1819 853 1881 rationis,

52 1904 100 1943 non
116 1894 153 1941 est
170 1904 260 1954 semper
273 1891 297 1939 in
310 1893 422 1953 potestate
441 1894 591 1943 nostratim
609 1905 664 1955 erpo
681 1895 745 1941 actm
760 1891 855 1941 rationis

51 1966 133 2027 potest
148 1974 198 2012 esse
212 1960 345 2025 imperatus.

84 2032 131 2085 Sed
143 2035 220 2083 contra
232 2050 237 2082 :
249 2033 271 2083 id
288 2035 347 2096 qaod
359 2034 429 2084 littero
444 2035 537 2085 arbitrio
549 2035 652 2097 agimus,
665 2038 743 2085 noatm
761 2033 856 2098 imperio

52 2106 90 2169 agi
103 2107 189 2169 potest.
201 2104 319 2155 Seductus
330 2106 423 2157 rationis
433 2108 566 2156 exercentur
574 2119 615 2173 per
623 2106 720 2157 litorum
728 2104 854 2168 arbitrium

52 2177 109 2227 dicit
126 2175 189 2226 enim
202 2177 355 2229 Damascenus
367 2179 375 2238 (
385 2176 424 2227 tib.
437 2177 467 2238 11,
480 2190 542 2240 cap,
556 2177 596 2227 ubi
609 2175 676 2241 sopri
684 2180 702 2239 t,
712 2174 772 2239 quod
785 2175 857 2225 libero

51 2248 149 2299 arbitrio
165 2249 235 2298 homo
247 2247 358 2316 exquirit,
372 2253 395 2299 et
410 2252 537 2311 scrutatur,
552 2252 575 2299 et
590 2247 691 2312 judicat,
706 2250 730 2298 et
748 2247 855 2312 disponit.

51 2322 114 2385 Ergo
132 2323 198 2369 actus
215 2318 308 2369 rationis
327 2323 424 2383 possunt
438 2333 489 2371 esse
503 2319 617 2384 imperati.

84 2394 249 2458 (Conmnsro.
259 2418 290 2429 -
302 2394 370 2443 nous
382 2392 476 2444 rationis
490 2393 576 2459 quood
587 2394 740 2443 exercitium
750 2397 803 2443 sunt
816 2394 859 2443 im-

49 2463 144 2530 perati,
160 2461 213 2514 cium
228 2462 251 2512 in
267 2467 347 2515 nostra
362 2464 408 2515 sint
428 2468 556 2529 potestate,
572 2465 612 2517 sed
633 2464 717 2529 quoad
733 2464 859 2529 specifica-

51 2538 152 2585 tionem
172 2547 218 2584 non
239 2547 328 2599 semper
346 2539 399 2585 sunt
418 2534 539 2600 imperati,
558 2541 622 2588 actus
638 2535 746 2587 uidelicet
763 2536 859 2587 rationis

49 2607 114 2659 circa
128 2620 265 2670 ecquonam
279 2611 314 2657 est
325 2608 458 2672 contingens
473 2610 585 2673 veritas.)

85 2679 225 2743 Respondeo
236 2679 369 2741 dicendum,
381 2679 441 2743 qnod
454 2682 510 2743 quia
521 2681 579 2731 ratio
588 2694 658 2745 supra
671 2682 772 2745 seipsum
781 2681 861 2729 redec-

48 2752 125 2815 titur,
136 2749 196 2801 sicut
208 2751 297 2801 ordinat
311 2752 338 2802 de
353 2752 440 2801 actibus
455 2752 548 2801 aliorum
564 2750 771 2816 potentiarum‚ita
787 2751 859 2800 etiam

48 2826 132 2889 potest
145 2820 251 2873 ordinare
265 2823 292 2872 dc
306 2836 346 2873 sno
356 2826 406 2872 actu
418 2837 423 2870 :
436 2823 495 2872 unde
506 2822 576 2874 etiam
586 2827 651 2874 actus
660 2836 716 2874 suns
722 2824 797 2886 potest
806 2834 858 2872 esse

48 2896 192 2961 imperatus.
214 2892 260 2945 Sed
279 2894 441 2947 attendendum
456 2896 491 2945 est
508 2892 569 2957 quot
584 2897 648 2946 actus
670 2892 765 2946 rationis
782 2896 860 2959 potest
