1984 3309
108 134 154 183 let
277 132 735 191 raner‚ouarar.cmam,aur.r.
978 163 980 208 2

108 220 177 271 etiam
187 220 239 271 aunt
249 217 323 283 prima
335 216 349 267 l
359 216 424 269 nolrie
434 215 562 267 intellecta.
576 213 655 265 Posuit
667 213 731 264 enim
743 212 812 264 Plato
826 214 915 265 lomes
978 221 980 274 t

107 290 266 345 immateriales
283 289 442 351 miusmntea,
462 300 518 353 quas
534 287 606 337 ideas
621 284 730 346 uocabat,
750 298 802 335 eece
819 283 913 351 propria
978 279 980 340 Ξ

107 364 197 426 objecta
210 362 282 416 necui
296 360 437 425 intellaculs3
452 364 476 411 et
486 358 602 433 itaprinrlt
617 361 641 409 ot
653 370 695 422 per
711 370 737 407 sc
750 356 914 421 intelligentem
978 359 980 382 ¹

108 434 121 485 i
137 433 222 493 nobiae
239 434 366 498 applicatur
375 437 452 483 tamen
467 431 549 483 aalma
561 430 660 495 cognitio
673 430 743 480 rebus
755 429 913 484 caumaliter

107 504 231 559 meandum
249 505 311 569 quot
329 503 455 557 intellectui
477 503 628 569 permanetur
642 500 765 566 phantasia
781 506 808 552 et
820 515 912 554 muana.
978 539 980 554 .

107 576 172 631 Unde
185 576 270 641 marti
288 576 361 641 magis
377 576 508 630 inmlleotns
520 575 591 627 fuerit
604 576 747 640 depuratus,
759 574 824 625 tanti
840 575 917 638 magis
978 619 980 638 ,

107 648 205 714 percipit
217 649 400 703 immaterialium
416 648 595 712 intelligibilium
610 647 740 698 vamtatem.
755 646 818 710 Sed,
831 660 917 697 secun-

108 720 162 773 dirm
177 720 304 773 Aristotelis
318 720 454 771 senteutiam
464 734 533 784 quam
546 719 620 781 magis
629 718 769 783 experimur,
780 718 916 771 intellectus

108 796 195 853 noster,
203 790 329 845 secundino
339 794 423 843 statum
435 790 557 855 praeeatis
567 789 631 852 vitae,
639 790 768 840 naturalem
781 792 917 855 respectum
978 809 980 816 ·

108 864 176 915 habet
187 864 216 913 ad
230 866 322 915 naturas
336 875 412 913 rerum
426 862 586 913 materialium.
595 862 660 913 Unde
672 861 732 911 nihil
743 862 858 925 intelligit
871 861 919 912 nisi

107 936 262 987 convertendo
273 948 299 987 se
311 936 525 998 rapueramus,
536 938 563 985 ut
574 934 764 998 eudictispatet.
779 936 809 984 Et
821 935 858 984 sic
867 947 918 986 ma·
978 959 980 962 ·

108 1007 217 1060 milesium
234 1010 281 1067 est,
294 1005 355 1069 qnod
377 1006 516 1059 substantias
528 1005 703 1070 immateriales,
717 1019 770 1071 qne
784 1007 919 1078 subsensu
978 1009 980 1060 ἐ

109 1082 133 1131 at
147 1078 309 1141 imaginatione
323 1090 369 1129 nnn
382 1079 480 1143 cadunt,
493 1072 568 1143 primo
581 1081 605 1129 et
616 1092 659 1143 per
673 1092 712 1136 ee,
726 1078 855 1129 secundlrrn
867 1092 918 1129 nno-

109 1151 163 1203 dum
178 1148 316 1213 cognitionis
334 1148 400 1201 nobis
419 1154 553 1215 expertum,
572 1149 700 1213 intelligere
714 1163 762 1200 non
780 1162 917 1213 possumus.
978 1199 980 1202 .

109 1222 154 1273 Sel
165 1225 241 1272 tamen
248 1222 373 1271 luerrhoes
383 1222 409 1272 in
417 1222 580 1275 commentario
587 1224 627 1273 lll.
639 1224 677 1272 De
685 1222 775 1271 aalma
783 1220 853 1286 (text
863 1222 918 1287 36),

109 1294 190 1359 ponit,
205 1292 266 1357 lu'od
279 1292 304 1343 in
318 1292 363 1343 ilne
372 1292 400 1343 in
409 1294 452 1345 hac
462 1294 523 1357 uita,
533 1292 730 1359 homoperuenire
737 1295 816 1357 potest
827 1293 859 1343 ad
874 1294 922 1344 troc
978 1299 980 1302 '

110 1364 171 1429 quod
187 1364 302 1428 intelligat
318 1365 457 1417 suismetiae
476 1370 592 1431 separatas
609 1379 651 1431 per
666 1364 866 1416 continuationem
879 1365 919 1415 ual
978 1391 980 1394 ·

110 1437 219 1489 unionem
234 1436 353 1501 cujusdam
371 1438 503 1490 subeuntia
521 1442 631 1503 separata
647 1436 751 1497 lachis,
763 1448 833 1499 quarn
850 1440 922 1489 uocat

111 1509 266 1559 intellectum
281 1510 404 1575 opuntem.
417 1508 462 1569 Qui
472 1509 581 1573 quidem,
593 1508 645 1560 cim
656 1508 688 1561 sit
703 1508 833 1559 substantia
847 1522 922 1574 sepa-

109 1585 172 1643 rata,
189 1580 319 1631 naturaliter
334 1580 473 1633 subeuntias
489 1588 607 1646 separatas
622 1580 739 1643 intelligit
761 1580 841 1643 Unde,
861 1580 919 1633 cirrn
978 1637 980 1642 ,

110 1651 178 1702 fuerit
190 1651 256 1701 nobis
267 1651 354 1713 unitus,
366 1651 399 1701 sic
412 1656 437 1702 ut
446 1666 487 1716 per
495 1668 549 1705 eum
558 1653 686 1715 intelligere
696 1650 921 1715 poesimuaintalli·

110 1736 189 1787 gemus
201 1725 224 1777 ct
236 1736 278 1773 nos
290 1722 429 1774 enisurum
442 1729 559 1789 separatas
573 1724 631 1775 sicut
643 1738 705 1773 nunc
717 1735 759 1787 per
770 1721 918 1774 intellectum

109 1793 241 1860 possibilem
263 1792 329 1845 nobie
350 1794 442 1845 unitam
458 1796 608 1861 intelligimus
629 1808 667 1847 res
688 1794 827 1845 materiales.
848 1796 921 1847 Ponit

111 1868 187 1917 auteur
199 1865 342 1917 intellectum
355 1870 460 1931 agentern
472 1870 506 1919 sic
518 1869 585 1920 nobie
602 1866 670 1918 uniri
685 1865 742 1916 cum
752 1865 815 1917 enirn
831 1866 922 1919 intelli-

111 1952 192 2003 gamus
202 1952 242 2003 per
256 1938 394 1992 intellectum
408 1943 528 2003 agentem,
539 1944 614 2004 ct-per
622 1937 776 2001 intelligibilia
786 1938 920 2003 speculata,

111 2014 136 2061 ut
149 2014 212 2076 patet
223 2010 274 2061 ciam
285 2010 443 2063 conclusiones
453 2011 602 2075 intelligimus
609 2023 651 2075 per
661 2007 776 2073 principia
785 2008 917 2068 intellecta,

111 2097 204 2136 necesse
215 2087 251 2135 est
259 2082 320 2149 quid
327 2084 456 2135 intellectus
466 2098 536 2149 agens
545 2088 689 2147 comparetur
697 2082 725 2133 arl
734 2080 854 2133 intellecta
860 2096 918 2147 epe-

112 2156 203 2219 culata,
217 2157 254 2209 uel
270 2156 328 2207 sicut
346 2169 416 2220 agens
435 2156 561 2221 principale
577 2156 605 2207 ad
619 2155 785 2224 instrumenta,
801 2154 841 2205 ael
858 2154 923 2206 sicum

112 2227 184 2279 torma
199 2228 230 2277 ad
245 2227 372 2285 materiam.
386 2228 426 2279 His
437 2227 500 2279 enirn
516 2225 695 2279 luobus'modis
708 2224 839 2276 attribuitrm
855 2227 919 2277 aetio

111 2299 188 2363 aliqua
204 2298 291 2349 duobus
309 2298 443 2363 principiis,
458 2299 578 2363 principali
595 2296 686 2362 quidem
699 2295 777 2361 agenti
789 2297 919 2349 etinstrn-

112 2372 205 2432 mento,
216 2369 274 2419 sicot
288 2370 362 2419 sectio
375 2370 455 2421 artilici
466 2373 490 2422 et
502 2384 582 2433 scmre3
595 2371 673 2421 termae
681 2372 758 2419 autern
766 2370 920 2434 et‘sulrjectm

113 2442 173 2493 sicut
182 2439 296 2493 calefactio
305 2441 917 2507 calorietigni,Sedutroquamodointallectusagans

112 2514 255 2577 comparatur
266 2510 294 2561 ad
303 2510 454 2575 intelligibilia
463 2512 588 2584 speculata,
598 2513 656 2563 sicut
665 2510 775 2576 perfectio
784 2512 815 2561 ari
823 2512 918 2575 periec-

37 2610 40 2618 ,
112 2583 176 2635 tibile
192 2586 215 2633 at
224 2585 286 2633 actus
300 2583 469 2646 adpetentiam.
480 2584 643 2635 simulantem
655 2583 796 2648 recipiuntur
804 2582 918 2648 ineliquo

111 2656 253 2721 perfectum
269 2656 292 2703 ct
311 2655 446 2717 perfectio,
460 2656 518 2706 sicut
536 2655 628 2707 risibile
641 2654 667 2705 in
685 2658 739 2705 actu
759 2657 784 2709 et
798 2654 878 2706 lumen
892 2655 918 2705 in

114 2728 208 2793 pupilla.
228 2724 299 2775 Simul
317 2724 385 2787 igitur
400 2724 424 2774 in
438 2726 555 2777 intellectu
571 2727 673 2791 possibili
690 2726 831 2789 recipiuntur
846 2726 916 2779 intel-

113 2802 173 2851 lecta
184 2797 299 2863 speculata
313 2800 337 2847 et
350 2796 479 2849 intellectus
489 2811 568 2863 agens.
582 2799 613 2848 Et
623 2797 710 2865 quanto
722 2798 788 2862 plura
800 2796 918 2849 intellecta

114 2874 229 2938 speculata
239 2866 361 2933 recipimus
366 2906 375 2935 ,
384 2870 446 2923 tanto
459 2871 530 2936 mauis
540 2872 750 2945 appropinquamus
761 2870 792 2926 ao
801 2870 916 2941 imputa
