1984 3309
126 175 527 223 cummunionem.
539 179 638 222 tertul
648 180 742 222 mou.
792 171 838 224 tet

31 258 83 319 :st3
97 256 139 307 sed
153 257 175 307 si
192 257 315 308 secundnm
329 257 405 322 operis
419 257 577 309 executionem
594 263 723 325 spectetur,
738 261 839 325 seqnitur

30 329 162 380 'eluntutis
181 329 320 391 benitatem,
336 343 388 394 que
405 334 441 381 est
453 330 505 394 ejus
517 330 682 397 principium.)

60 401 204 466 Respondce
220 401 353 465 dicendum,
369 403 430 465 qued
446 402 517 467 aliqui
528 407 590 454 actus
604 404 727 455 exteriores
744 409 840 470 possunt

30 472 79 522 tici
89 472 146 522 beni
157 474 195 524 uel
208 473 262 523 muli
273 474 400 538 dupliciter.
413 474 464 526 Une
476 476 543 527 medo
557 477 681 528 secundnm
691 491 762 540 genus
772 491 839 528 sunm

30 549 50 594 rt
75 547 201 596 mudum
215 545 392 595 circumstantias
407 545 431 594 in
444 545 501 610 ipsis
517 546 674 598 consideratos
693 562 698 596 ε
714 548 772 599 sicut
786 549 839 599 dare

29 618 207 681 eleemesynam
222 617 319 668 seruatis
334 617 415 668 debitis
429 617 622 681 circumtuetur,
638 619 720 672 dicitur
735 633 785 672 esse
799 621 840 670 bo·

29 702 101 740 sure.
125 687 176 739 Alie
196 689 262 740 rnen
277 688 360 738 dicitur
381 689 537 753 aliquid-esse
558 689 642 742 honum
660 691 697 740 uei
712 691 795 742 malurn
811 705 840 742 ex

29 759 118 812 ordire
132 761 163 811 sd
174 761 243 812 tinem
255 776 262 811 r
272 761 331 812 sicut
340 761 393 812 dore
404 761 573 824 eleemesynam
587 764 680 824 prepter
690 761 781 812 inanem
790 762 839 824 gle-

29 833 111 896 nam,
126 832 211 885 dicitnr
224 846 274 884 esse
285 833 378 884 mnium.
394 833 453 884 Cum
470 835 546 884 eutem
558 832 610 886 onis
625 833 655 886 sit
667 834 784 897 preprium
800 835 841 886 eb·

28 905 126 967 jectum
141 904 278 969 vermes,
297 903 566 967 mucronesque
587 903 630 955 ists
651 905 707 956 rotie
727 905 785 956 eenr'
803 907 841 956 uel

28 975 121 1037 mali,
130 989 198 1039 quern
206 976 349 1028 hebetentur
358 975 580 1028 numerorius
590 976 619 1029 ed
630 976 712 1038 tuere
726 977 840 1041 perprius

28 1047 154 1097 invenitur
165 1047 190 1097 in
202 1051 255 1097 ann
266 1047 402 1109 uoluntatis,
413 1052 439 1099 et
449 1061 479 1099 ox
488 1061 516 1098 ee
528 1047 644 1101 derivetur
654 1049 682 1100 ed
694 1051 769 1098 ectum
778 1053 842 1100 exte·

28 1120 137 1182 sienem
151 1119 240 1171 bouitas
251 1123 329 1171 eutem
341 1120 379 1170 uei
389 1119 492 1183 molitio,
504 1133 572 1184 quum
587 1121 656 1172 hebet
668 1125 732 1172 actus
742 1121 841 1194 pxterier

28 1193 165 1245 secwdnur
181 1205 207 1242 se
218 1195 311 1256 prepter
322 1191 420 1244 debitur
431 1192 549 1244 materiem
560 1197 584 1243 et
596 1193 683 1244 debiles
694 1192 841 1246 circumsten-

29 1265 98 1326 uae,
119 1276 165 1314 nen
183 1262 464 1327 denuotnriuetuntete,
479 1264 519 1314 sed
533 1264 604 1327 magis
620 1264 742 1316 erutione.
762 1267 840 1331 Unde,

29 1338 55 1388 si
67 1335 228 1388 consideretur
240 1336 330 1388 beurim
345 1334 463 1388 onereris
474 1339 540 1387 ectus
554 1336 678 1386 secundm
691 1338 750 1400 queri
769 1341 805 1388 est
817 1339 842 1389 in

31 1407 182 1462 ordinatione
195 1412 220 1460 et
233 1409 414 1472 apprehensione
428 1406 536 1471 uenenis,
551 1407 612 1472 prior
623 1412 659 1458 est
672 1421 738 1472 quem
750 1409 842 1460 benitas

32 1485 108 1534 ectus
121 1479 257 1542 uolentem
276 1480 329 1542 sed,
349 1481 369 1530 si
384 1480 544 1530 consideretur
555 1481 680 1531 secundum
694 1481 755 1544 qued
768 1485 804 1532 est
817 1483 842 1534 in

34 1552 178 1606 executione
189 1552 279 1616 operis,
288 1552 392 1618 equitur
402 1551 527 1603 benintenr
539 1552 663 1604 retentetis
674 1567 725 1616 quoe
735 1557 770 1604 est
778 1553 842 1618 prin-

35 1639 128 1691 orpnurn
141 1638 200 1689 epos.

71 1698 109 1749 Ad
116 1697 215 1762 primurn
225 1710 281 1761 erge
293 1696 423 1760 dicendum,
431 1696 493 1760 quod
501 1700 567 1748 ectus
577 1696 674 1748 exterior
686 1701 722 1748 est
730 1697 842 1762 objectum

34 1769 183 1832 uoluntatis,
195 1768 219 1817 iu
229 1774 338 1832 quantum
347 1767 483 1833 preponitur
491 1770 603 1820 uoluntati
615 1767 724 1820 tratione
735 1773 761 1819 ut
773 1771 842 1834 qued·

35 1844 95 1893 uem
113 1841 202 1891 benum
214 1842 382 1904 apprehensum
395 1844 420 1892 st
437 1841 565 1892 ordinatum
581 1854 622 1906 per
632 1841 798 1906 rationemset
810 1842 843 1892 sic

35 1919 77 1965 est
103 1912 167 1978 prius
182 1913 268 1964 nonum
286 1926 354 1978 quem
376 1915 441 1964 aetus
458 1911 594 1978 retentetis3
613 1912 638 1964 iu
660 1917 768 1977 quantum
789 1926 842 1964 vero

38 1985 148 2037 consistit
165 1985 190 2035 in
204 1984 339 2036 executione
355 1982 443 2049 operis,
459 1987 495 2036 est
520 1984 615 2035 effectus
628 1984 753 2035 retenens
766 1988 790 2036 et
805 1997 842 2035 se-

36 2059 119 2122 quitur
132 2058 278 2108 veluntatem.

72 2131 108 2180 Ad
126 2129 251 2179 mundum
263 2127 470 2192 neonemque
480 2127 533 2178 riuis
545 2131 580 2178 est
595 2127 655 2191 prior
668 2126 693 2178 iu
707 2126 841 2192 inustione,

40 2204 82 2253 sed
95 2205 133 2252 est
144 2200 256 2265 posterior
268 2199 295 2251 in
308 2199 453 2252 executione.

74 2276 109 2327 Ad
123 2273 213 2324 ternum
225 2273 357 2334 dicendum,
371 2273 433 2337 quod
453 2273 525 2323 terme
543 2272 667 2324 sennenn
681 2269 741 2335 qued
754 2274 788 2322 est
810 2285 844 2323 re-

40 2351 111 2411 cepte
128 2345 152 2395 in
166 2345 277 2406 motoria,
289 2349 325 2394 est
339 2345 462 2408 posterior,
478 2343 518 2394 riu
531 2341 695 2406 generationis,
709 2355 777 2408 quem
794 2355 843 2394 mo-

41 2420 118 2482 toria,
130 2416 182 2467 iieet
194 2417 224 2466 sit
233 2416 295 2480 prior
308 2419 402 2473 earne
421 2416 461 2467 sert
476 2416 601 2466 secudum
616 2415 677 2479 qued
690 2413 760 2466 estin
777 2427 844 2466 censs

42 2494 139 2554 ogeru,
153 2492 189 2538 est
198 2488 302 2539 omuibus
313 2487 386 2538 medis
401 2487 469 2552 prior.
480 2487 590 2538 voluens
604 2489 681 2537 eutem
699 2489 847 2550 comparetur

41 2565 72 2613 erl
83 2565 159 2612 return
173 2561 317 2621 exteriorem,
328 2561 386 2610 sicut
399 2571 467 2610 mres
477 2557 579 2610 efficiens
590 2574 595 2608 ι
606 2560 665 2610 unde
674 2557 765 2610 bonitas
783 2561 846 2609 actus

43 2632 170 2685 veluntatis
183 2636 218 2684 est
232 2633 305 2683 terme
324 2631 442 2683 exterioris
459 2635 537 2694 uuus,
552 2631 610 2682 sicut
627 2631 652 2681 in
673 2643 741 2682 muse
760 2632 844 2692 agente

43 2704 153 2755 sumens.
