1984 3309
136 215 180 265 tat
324 221 386 262 rans
399 227 421 275 r,
436 219 527 270 ouesr.
543 224 624 276 rcvrr,
639 221 694 262 aar.
711 223 747 264 ru.

136 317 183 356 non
192 305 254 354 esset
261 301 481 366 thomassinum,
488 315 539 365 quae
548 315 592 353 non
602 305 662 352 esset
669 303 723 365 apta
730 305 757 350 ut
763 303 931 352 conveheretur

136 377 160 425 in
169 374 269 426 bominis
283 373 456 424 nutrimentum.
464 375 529 424 Unde
540 373 659 438 oportebat
671 374 842 439 superfluitates
853 371 931 424 emitti.

136 449 223 498 Tamen
235 446 317 498 luisset
334 445 442 497 livinitus
455 445 573 512 pmuisum
590 451 616 496 ut
634 447 696 497 nulla
710 459 739 498 eu
752 448 798 498 hoo
810 444 933 499 indecentia
978 457 979 506 t

137 523 206 571 esset.

431 617 591 672 laureolos
608 619 645 670 lV.

186 735 271 781 Utrum
289 736 357 780 bomo
378 736 405 780 ira
425 739 491 780 stato
509 735 649 780 innocentie
667 747 710 792 per
730 734 824 792 tionum
843 737 898 782 auto

306 799 514 843 immortalitatem
525 801 662 842 consecutos
667 799 765 853 suisset.

171 918 204 970 hd
222 921 326 981 quartum
345 916 379 968 sio
397 917 529 981 proceditur
541 917 585 980 (t).
600 916 693 968 Videtur
710 915 770 980 quhtl
788 917 879 980 lignum
891 918 938 968 utta

140 1002 187 1039 uon
200 993 288 1053 poterat
298 1003 348 1039 esse
359 1003 428 1040 eausa
440 987 627 1038 immortalitatis.
640 987 701 1038 Nihil
714 987 776 1037 euim
787 991 868 1052 potest
876 1000 939 1054 agere

140 1060 198 1109 ultra
211 1073 274 1110 suam
294 1060 394 1124 speeiem
407 1076 413 1109 ε
426 1060 520 1111 etleotus
539 1060 601 1109 euim
615 1071 662 1109 non
677 1059 766 1111 excedit
781 1073 885 1112 eausam.
899 1059 941 1112 Sed

138 1132 226 1196 liguum
236 1133 289 1182 uite
301 1136 351 1182 erat
361 1131 521 1196 corruptibile,
533 1130 633 1195 alioquin
644 1144 690 1182 non
706 1130 820 1195 potuisset
828 1132 854 1182 iu
865 1133 940 1184 nutri-

140 1207 243 1254 mentum
261 1205 363 1267 assumi,
374 1204 426 1268 quia
445 1204 579 1254 alimentum
593 1205 733 1254 convertitur
746 1205 771 1254 iu
791 1205 941 1258 substantiam

140 1277 229 1340 nutriti,
240 1281 265 1327 ut
278 1277 363 1327 dietum
377 1277 480 1341 estlart.
495 1280 519 1338 3,
534 1275 563 1325 ad
576 1278 617 1336 t).
632 1275 690 1339 Ergo
701 1275 790 1340 lignum
801 1277 856 1330 ritae
869 1277 941 1329 inoor
980 1309 981 1326 r

139 1349 313 1412 nuptibilitatem
326 1363 367 1399 seu
383 1348 574 1398 immortalitatem
586 1347 689 1398 eonierre
700 1361 747 1398 uon
761 1353 862 1412 poterat.

172 1425 195 1470 a.
213 1424 342 1483 Praeterea,
354 1421 449 1472 etieotus
461 1421 502 1484 qui
515 1423 638 1470 aaumntur
653 1418 799 1472 animalibus
813 1423 943 1485 planarum

140 1498 164 1543 et
179 1494 271 1544 aliarum
284 1494 421 1545 naturalium
434 1505 525 1555 rerum,
542 1495 595 1542 sunt
609 1492 730 1544 naturales.
742 1492 767 1541 Si
781 1505 838 1556 ergo
855 1495 942 1558 liguum

141 1564 192 1616 rita
206 1565 396 1616 immortalitatem
408 1567 524 1614 oausasset
534 1603 540 1626 ,
552 1564 634 1616 fuisset
646 1563 685 1615 illa
702 1564 862 1616 immortalitas
876 1571 943 1618 nutu-

140 1638 200 1688 ralis.

174 1713 196 1758 3.
216 1710 342 1772 Preterea,
358 1710 401 1759 boo
418 1708 508 1759 uidetur
525 1708 597 1760 reihe
620 1708 644 1758 in
669 1709 757 1760 tabulas
779 1710 944 1774 antiquorum,

142 1775 300 1844 qui'tlinerunl
314 1779 375 1844 quod
388 1781 420 1830 dii
435 1780 475 1845 qui
487 1781 636 1831 comedebant
654 1782 683 1832 de
696 1781 794 1844 quodam
806 1781 860 1832 cibo
867 1819 877 1846 ,
889 1783 945 1832 iacti

142 1854 196 1900 suut
207 1850 363 1902 immortales:
379 1865 436 1915 quos
449 1852 529 1902 irridet
541 1852 694 1917 Philosophus
707 1853 731 1902 iu
746 1853 785 1902 ill.
798 1853 944 1919 Metoptays.

142 1922 152 1987 (
158 1924 214 1972 lert.
230 1923 283 1988 lt).
440 1934 444 1941 ’

174 1996 219 2047 Sed
236 2002 315 2047 eontra
326 2002 373 2060 est,
386 1998 446 2062 quod
466 1996 547 2046 dieitur
560 1998 630 2056 Geta,
651 1995 681 2046 tlt
694 2011 699 2046 :
711 2013 724 2044 u
742 1997 776 2046 Ne
791 1996 851 2050 forle
868 1998 947 2048 mittat

143 2082 235 2119 manum
249 2083 330 2134 suam,
347 2073 370 2120 et
387 2073 462 2119 sumat
477 2069 506 2119 de
522 2067 584 2132 liguo
598 2068 660 2129 uitae,
672 2073 695 2120 et
708 2069 828 2134 eumeaat,
844 2074 868 2120 et
880 2071 946 2122 uiuat

143 2137 166 2191 in
180 2147 300 2194 aeternum.
312 2159 327 2189 »

175 2217 198 2264 t.
211 2215 337 2279 Praeterea,
357 2213 497 2277 Augustinus
516 2211 541 2262 ih
553 2213 593 2263 lib.
614 2214 651 2263 De
666 2217 754 2278 quaest.
777 2218 826 2264 oet.
841 2218 867 2264 et
887 2230 944 2265 nou.

145 2286 249 2336 Testem.
269 2285 323 2337 dicit
339 2302 344 2334 :
359 2287 468 2336 «Gustus
485 2284 571 2336 arboris
584 2285 637 2336 uitae
657 2286 827 2350 corruptionem
843 2290 947 2351 corporis

142 2355 268 2410 inhibebat.
277 2357 379 2422 Denique
390 2362 412 2409 et
424 2362 476 2422 post
485 2362 606 2424 peecatum
615 2359 688 2423 potuit
698 2359 827 2410 insolubilis
840 2373 944 2424 ruauere,

141 2432 161 2482 si
175 2431 309 2496 permissum
322 2436 385 2482 esset
394 2431 429 2482 illi
441 2432 508 2482 edere
520 2431 548 2482 de
559 2432 637 2483 arbore
649 2432 701 2482 ritae
715 2433 758 2496 (t).
768 2448 783 2478 n

176 2575 206 2640 (1)
222 2582 254 2625 lte
268 2579 304 2624 his
318 2579 387 2627 etiam
404 2580 427 2624 iu
443 2579 565 2638 11,Sertt.,
579 2579 682 2640 dist.15,
695 2589 735 2638 qu.
748 2579 771 2640 3,
785 2587 831 2626 art.
846 2580 861 2626 3
873 2582 902 2628 ad
913 2579 942 2636 53

141 2647 164 2687 et
177 2655 217 2701 qu.
233 2642 257 2700 5,
266 2643 293 2687 de
304 2642 376 2703 malo,
385 2649 428 2688 art.
438 2641 452 2684 5
467 2643 496 2687 ad
508 2642 554 2688 8et
564 2642 587 2686 9.

175 2711 206 2775 (i)
222 2714 252 2760 ut
265 2713 342 2760 uidere
360 2721 396 2760 est
412 2713 543 2759 immediate
557 2719 610 2759 ante
631 2713 669 2760 illa
684 2727 735 2770 qum
749 2714 820 2771 panib
839 2715 945 2772 superius

86 2813 93 2828 ,
142 2775 242 2822 inditate
262 2783 327 2832 suut,
342 2782 366 2821 et
380 2777 440 2822 inter
459 2777 607 2834 supposititia
621 2776 710 2822 tantum
729 2778 854 2834 Augustini
872 2791 945 2836 opera

141 2847 299 2886 recensentur.
316 2840 359 2885 sed
373 2852 441 2884 verus
460 2841 510 2898 ipse
524 2840 681 2898 Augustinus,
694 2840 736 2885 tib.
750 2841 802 2884 iiiii
815 2841 851 2886 De
866 2842 941 2886 civit.

143 2904 199 2954 Det,
208 2915 261 2962 cap.
271 2903 302 2947 2⁰
312 2903 391 2948 :hiel-t
398 2905 478 2960 ommi
487 2903 596 2948 homines
603 2903 723 2948 morituri
733 2915 784 2948 uun
796 2907 883 2954 esseut,
893 2905 946 2948 miri

141 2972 291 3024 peremant,
300 2968 423 3012 alimentis
437 2970 517 3012 tumeo
525 2970 553 3012 ut
561 2966 669 3012 onmem
677 2965 819 3017 utebamur,
833 2967 944 3016 aomos·
