1984 3309
145 166 191 212 elli
279 173 355 213 unm
371 172 499 225 mors,
513 170 605 217 conss.
621 171 684 224 nnn,
700 167 756 210 sir.
772 172 807 211 sn.

142 252 227 301 duntur
236 252 330 315 imperio
340 250 444 310 rationis,
455 264 503 301 non
513 254 589 299 nutem
600 249 661 299 vires
668 250 796 313 naturales,
804 250 857 300 ideo
867 262 944 299 onnes
977 267 979 272 ·

142 328 217 374 molus
226 325 391 384 menbrorum,
403 336 454 386 que
465 327 588 373 moventur
600 322 613 371 d
626 321 735 386 potentiis
743 321 880 385 sensitivis‚
893 324 945 372 suti

142 396 226 445 duntur
241 396 337 459 imperio
351 394 460 457 rationis;
475 398 552 452 motus
564 396 641 444 auum
652 394 807 445 membrorum
817 394 859 457 qui
869 407 945 444 conse

142 472 242 529 quuntur
254 467 314 515 vires
325 466 454 527 naturales,
468 478 516 515 non
524 466 648 516 subduntur
662 463 760 527 imperio
777 465 884 515 rationis
977 469 979 520 j

174 538 208 587 ed
231 538 329 599 primurn
350 550 404 599 ergo
426 537 562 598 dicendum,
580 534 640 599 quod
659 536 763 586 membra
786 550 834 587 non
857 541 946 587 mouent
977 543 979 574 ῑ

142 608 230 670 seipsa,
251 608 292 657 sed
311 611 430 659 morentur
444 622 485 673 per
501 607 616 671 potentias
631 608 714 657 amnne
732 622 831 672 quarum
844 610 946 673 wedam

141 684 194 729 snut
206 678 289 729 radoni
301 679 423 729 viciniores
435 679 503 743 quim
514 678 574 729 vires
586 678 669 729 animae
677 680 826 741 vegetabilis.
977 677 979 682 '

174 751 207 800 nd
219 751 343 801 ncnndum
353 751 488 814 dicendum,
498 750 559 814 quod
572 749 648 799 iuliis
659 763 712 813 quae
723 752 753 800 ud
767 752 914 801 intellectum
927 756 948 800 ot
977 755 979 818 g

143 822 284 873 volunlatem
295 824 423 887 pertinent,
436 821 534 885 primun
546 820 661 871 invenitur
671 821 694 871 id
703 823 763 885 quod
772 827 811 873 est
824 825 948 874 secundnm
977 823 979 888 i

142 898 258 957 naturam,
267 908 296 945 en
306 908 352 958 quo
364 893 408 943 alia
419 894 551 944 densantur
561 907 568 941 :
578 891 627 941 uti
637 892 770 956 cognitione
782 894 948 959 principiorum

144 967 277 1017 naturaliter
301 970 405 1016 uotorum
427 964 528 1028 cognitio
551 963 737 1028 conclusionum
757 969 783 1015 et
800 966 815 1015 i
831 968 948 1017 uoluntate

143 1036 196 1087 linis
215 1038 348 1088 naturaliter
358 1036 493 1101 desidmti,
508 1036 622 1087 derivatur
635 1036 719 1087 cestio
735 1051 816 1088 eoruur
828 1052 881 1103 qne
898 1044 948 1088 sunl

143 1110 170 1159 ud
180 1110 258 1160 linem.
272 1111 306 1160 lta
320 1110 388 1159 eliam
401 1108 592 1172 incorporalibus
605 1109 705 1159 meinis
714 1110 859 1173 principium
868 1116 905 1160 est
917 1123 949 1159 ss

143 1180 242 1231 cundum
263 1185 374 1231 natinaei.
394 1181 536 1243 Principium
552 1183 628 1229 auem
644 1182 770 1243 corporalis
787 1185 867 1231 motus
884 1187 919 1232 est
937 1182 949 1229 l

143 1255 207 1303 motu
224 1253 297 1303 cordis
313 1254 393 1303 :unde
415 1256 490 1302 motus
503 1252 577 1301 cordis
595 1251 721 1301 secundini
734 1256 843 1303 naturum
859 1259 909 1316 est,
928 1260 950 1302 et

142 1336 190 1373 non
211 1324 335 1374 secundinus
349 1324 500 1375 voluntatem.
516 1322 669 1385 Consequitur
688 1322 763 1384 eninr,
784 1324 847 1374 sicut
866 1340 914 1389 per
927 1340 949 1374 se

143 1395 269 1454 accidens,
285 1395 356 1445 uitam
366 1408 418 1457 ῳιε
429 1396 464 1444 est
476 1406 506 1443 en
518 1393 604 1443 unone
614 1392 716 1457 corporis
728 1399 753 1444 et
766 1395 854 1446 aurinia
867 1412 873 1446 :
889 1397 949 1445 sicot

144 1470 218 1516 motus
233 1466 335 1529 grauium
353 1470 378 1517 et
396 1466 483 1515 leuium
497 1469 645 1529 consecutur
664 1466 761 1516 termam
777 1469 949 1519 substantialem
977 1437 979 1514 i

143 1537 260 1601 ipsornnr3
273 1539 332 1587 unde
343 1541 366 1589 ct
377 1538 390 1587 t
402 1540 526 1601 generante
535 1536 622 1590 moveri
631 1536 749 1602 dicuntur,
757 1539 887 1589 munden
899 1542 949 1589 Plu-

144 1608 264 1671 losophunr
276 1609 301 1658 in
313 1610 372 1659 lllll.
384 1609 482 1672 nepotc.
499 1611 572 1669 (tent.
589 1608 647 1672 29),
657 1614 681 1659 et
699 1614 794 1673 propter
811 1613 859 1663 hoe
874 1619 948 1663 notus

144 1680 187 1729 isto
201 1680 277 1729 nitelis
289 1679 378 1730 dicitur.
390 1682 453 1730 tlnde
466 1680 588 1742 Gregorius
599 1682 717 1743 Nyssenus
727 1681 786 1731 dicit
799 1683 949 1747 quidusiont

145 1750 302 1813 generativum
318 1754 341 1801 et
351 1752 486 1801 nutritivum
499 1764 546 1801 non
561 1752 639 1802 obedit
652 1752 750 1816 rationi,
765 1752 799 1803 ita
816 1768 863 1806 nee
874 1759 949 1821 pula-

145 1821 218 1871 tirum
235 1824 295 1885 qnod
312 1828 346 1873 est
363 1824 450 1883 vitale;
465 1838 480 1871 n
494 1824 633 1888 pulsativurn
651 1826 728 1875 auum
740 1827 845 1889 appellat
861 1834 948 1879 notun

144 1894 226 1957 cordis,
240 1895 280 1957 qui
295 1896 452 1945 manifestetur
465 1910 506 1961 per
523 1908 595 1947 venas
613 1897 742 1960 pulsatiles.

176 1966 210 2016 ad
224 1966 316 2016 tertium
334 1967 468 2031 dicendum,
479 1967 542 2031 qnod
557 1969 618 2018 noui
628 1969 768 2031 Augustinus
779 1970 839 2020 dicit
851 1971 878 2022 in
889 1974 946 2023 xiv.

145 2040 182 2087 De
198 2040 278 2089 Civit.
300 2040 346 2088 Det
356 2040 423 2103 (cap.
434 2039 495 2103 le),
511 2042 555 2089 lroc
565 2038 624 2103 qudd
634 2045 710 2091 motus
723 2042 863 2103 genitalium
878 2059 948 2094 nuern-

145 2109 236 2160 trorum
250 2109 332 2160 rationu
350 2122 396 2160 ncu
410 2110 502 2171 obedit,
516 2115 553 2161 est
567 2124 598 2161 en
615 2124 682 2176 poenn
693 2113 784 2174 peccati
803 2130 809 2163 :
824 2117 852 2165 ut
865 2116 948 2165 scilcet
977 2129 979 2180 p

145 2182 220 2230 anima
239 2192 286 2231 suae
302 2181 463 2231 inobedientis
481 2183 510 2231 ad
531 2183 603 2232 iteum
616 2183 640 2232 in
655 2182 694 2232 illo
707 2184 829 2249 precipue
847 2189 947 2239 mentio

144 2265 235 2315 poenam
255 2254 413 2303 inobedientiae
431 2254 539 2317 patiatur,
554 2268 596 2319 per
613 2256 673 2319 qnod
695 2261 817 2319 peccatum
838 2261 947 2323 originale

144 2324 173 2373 ad
186 2328 288 2386 posteros
302 2326 432 2376 traducitur.
447 2326 491 2377 Sed
505 2328 559 2390 quia
568 2340 610 2391 per
619 2332 738 2391 peccatum
751 2329 823 2392 primi
833 2333 946 2395 parenns

144 2399 170 2443 ut
182 2394 241 2443 inlr'a
254 2397 341 2447 dicetur
355 2397 402 2461 (qu.
415 2397 463 2461 85),
475 2403 555 2448 natura
567 2403 601 2449 est
612 2400 653 2448 sibi
670 2399 765 2463 relicta,
774 2402 897 2454 subtracto
914 2420 947 2453 su

144 2467 283 2528 peruaturali
303 2470 361 2519 dono
377 2471 436 2531 pund
455 2470 542 2519 homini
565 2469 674 2520 didnitnrs
692 2476 742 2522 erat
759 2473 886 2540 collatum3
901 2478 948 2525 ideo

143 2537 305 2586 consideranda
314 2543 349 2587 est
361 2540 417 2591 ratio
426 2542 544 2605 naturalis,
556 2555 625 2605 qrrare
639 2547 715 2593 motus
727 2545 865 2609 hujusmodi
878 2561 947 2597 ruent

143 2607 232 2655 brorum
250 2608 377 2669 specialiter
390 2612 472 2662 rationi
487 2625 534 2662 non
548 2612 633 2663 obedit.
646 2613 718 2676 Cujus
733 2628 829 2666 censam
847 2620 946 2680 assignat

143 2678 276 2727 Aristoteles
289 2678 313 2725 in
327 2678 366 2729 lib.
382 2682 419 2731 De
432 2686 517 2733 coccis
533 2687 618 2733 molus
630 2686 803 2745 animalium,
819 2688 903 2740 dicens
915 2692 947 2738 in·

143 2747 281 2825 voluntarios
298 2762 348 2799 esse
359 2756 433 2801 motus
440 2756 518 2804 cordis
529 2760 552 2805 et
560 2757 656 2805 merntd
666 2757 782 2819 pudendi,
793 2760 883 2812 scilion
896 2763 945 2825 qrria

142 2828 170 2863 ex
184 2817 258 2876 aliona
276 2822 458 2880 apprehensione
470 2826 603 2888 hujusmodi
617 2829 720 2878 membra
734 2839 911 2883 commorentur
925 2836 946 2882 in

142 2888 251 2942 quonum
266 2887 352 2937 scilieet
365 2890 496 2945 intellectus
510 2900 534 2947 et
545 2899 665 2961 phantasia
677 2906 846 2964 representant
859 2905 944 2968 alirpua,
977 2949 979 2962 ,

977 2971 979 3010 l
