1984 3309
162 118 207 164 llll
307 128 382 165 enm
395 126 523 174 emunda,
538 124 631 169 ounsr.
646 125 704 173 m,
718 125 778 162 anu.
793 128 820 163 n.

162 205 198 254 vel
213 204 297 267 culpm3
312 203 336 253 in
351 204 432 267 quihus
444 203 506 253 idem
521 204 556 251 est
568 201 685 261 mum,
699 207 835 265 peoootm
846 210 867 254 el
877 205 944 266 culpi.

194 276 226 325 dd
240 276 336 340 primum
352 288 405 337 ergo
419 274 554 336 dicendum,
568 272 630 335 qudd
643 275 712 323 aetus
723 276 843 325 naturales
854 289 894 326 non
904 283 946 325 sunl

162 346 185 395 in
197 350 308 411 poteslale
323 346 432 395 naluralis
447 344 549 407 agentis,
565 341 616 393 edm
630 347 715 393 natura
729 346 763 395 sit
777 348 915 397 determinata
925 349 947 396 ad

162 430 250 467 uuum:
265 423 288 467 et
301 418 352 467 ideo
365 416 419 467 lieet
432 417 457 466 iu
468 416 558 466 aclibus
570 416 713 467 naturalibus
728 417 763 467 sit
777 424 901 483 psomtun,
911 434 947 469 non

161 492 238 539 temen
248 493 282 538 est
294 488 327 538 ibi
341 488 415 551 culpa.

194 561 226 610 dd
236 561 358 610 secuudum
372 558 491 610 dicendum
497 597 506 622 ,
520 559 580 623 quod
593 560 652 610 ratio
662 562 733 611 aliter
745 576 775 613 se
788 564 891 615 habetin
906 565 948 612 urli-

162 632 272 681 llcialibus
292 635 315 681 et
330 631 395 682 aliter
410 632 434 681 in
455 632 588 682 moralibus.
612 634 640 682 ln
657 634 820 685 anideialilius
834 637 891 687 enin
904 639 948 685 ratio

160 703 276 753 ordinatur
291 703 319 753 ad
332 704 400 755 duem
414 701 591 767 particularem,
604 705 665 767 quod
682 708 720 754 est
740 707 831 770 aliquid
844 722 883 772 per
894 710 948 757 radu-

161 788 213 824 nem
227 776 386 838 excogitatum.
396 778 424 825 ln
434 776 555 827 moralibus
565 781 641 827 aulem
653 777 775 827 ordinatur
784 780 814 829 ad
825 781 892 829 linem
902 795 949 829 eom-

161 860 254 896 munem
267 848 337 897 lolius
347 850 453 899 humanm
461 848 530 911 uitu3
541 848 592 897 linis
604 851 681 897 anum
692 849 842 911 particularis
850 853 950 901 ordinatur

161 919 267 968 adfinem
279 933 429 970 communem.
438 919 495 970 Cium
505 924 582 970 autem
588 923 709 983 peccalum
718 922 751 970 sit
760 937 804 987 per
815 925 949 973 deustionem

162 991 190 1039 ad
207 992 285 1040 ordine
295 993 322 1041 ud
339 994 416 1055 linem,
426 996 452 1041 ul
464 992 549 1042 dictum
563 996 612 1055 est,
621 991 647 1041 iu
660 994 784 1044 actuariis
798 996 905 1059 contingit
916 997 949 1043 du-

162 1062 252 1125 pliciter
269 1077 320 1112 esse
332 1070 458 1127 peecatum.
468 1066 519 1115 Uno
529 1064 645 1127 modoper
657 1064 816 1116 deviationem
829 1067 843 1117 l
855 1068 897 1117 doe
909 1083 949 1131 pai-

161 1134 249 1183 tieulari
268 1133 356 1185 intento
378 1137 406 1185 ad
426 1135 528 1195 aelidem
547 1139 571 1185 et
590 1137 635 1185 hoo
649 1140 772 1199 peecatum
786 1140 833 1189 erit
851 1141 950 1204 proprium

161 1207 204 1255 arii
223 1222 229 1255 :
246 1206 302 1270 putl
321 1206 341 1257 si
365 1208 447 1258 artilex
464 1208 584 1258 iulondens
607 1208 682 1257 tacere
701 1209 792 1259 bouum
808 1225 881 1275 opus,
897 1212 951 1259 iaciat

163 1277 245 1326 malum
254 1294 261 1341 3
276 1279 314 1327 uel
326 1279 446 1329 intendens
458 1280 533 1329 lacere
545 1279 639 1340 malum,
651 1278 719 1329 ado
728 1280 826 1331 bunun.
842 1283 890 1333 Alio
898 1283 951 1330 mode

162 1362 203 1411 per
217 1348 391 1401 deviationeml
406 1354 450 1401 line
464 1351 580 1401 communi
592 1352 698 1401 humana
708 1350 764 1402 vita
781 1358 827 1403 :et
838 1355 883 1404 lsoo
897 1355 952 1402 modo

162 1424 249 1474 dicetur
261 1438 371 1488 peecare,
383 1426 403 1474 si
414 1424 518 1476 intendat
530 1424 607 1475 faeere
617 1425 703 1474 malum
714 1438 788 1489 opus,
801 1431 825 1477 et
835 1426 912 1488 laniat,
921 1441 952 1488 per

162 1496 222 1557 quod
243 1496 302 1545 alius
320 1496 458 1560 decipietur3
474 1497 514 1547 sed
531 1498 576 1547 hoo
590 1498 708 1561 peecatum
727 1510 777 1548 non
794 1501 832 1547 est
850 1499 951 1562 proprium

162 1566 255 1616 artificis
269 1567 414 1631 inquantum
428 1569 525 1631 artifex,
537 1570 576 1618 sed
590 1568 616 1617 iu
628 1572 742 1631 mantum
752 1570 825 1620 laomo
838 1575 889 1620 est:
902 1569 951 1617 unde

161 1650 189 1687 es
204 1638 277 1702 primo
289 1644 385 1703 peccato
399 1640 504 1703 culpatur
517 1639 600 1689 arlilex
610 1640 757 1703 inquantum
768 1641 866 1705 artifex,
881 1642 919 1690 sed
931 1654 954 1687 en

160 1710 262 1759 secundo
276 1711 379 1773 culpatur
396 1712 464 1761 homo
477 1711 502 1760 iu
517 1714 626 1774 munium
640 1712 718 1760 homo.
732 1712 779 1761 Sed
799 1712 825 1761 in
843 1714 955 1762 muralibus

162 1779 200 1829 ubi
211 1781 334 1829 attenditur
343 1782 398 1831 ordo
412 1782 506 1832 rationis
514 1782 544 1831 ad
551 1781 620 1831 linem
630 1795 775 1832 communem
783 1785 892 1834 humana
899 1784 952 1841 uile,

162 1864 250 1915 semper
262 1856 381 1915 peecatum
395 1856 419 1903 et
430 1854 515 1903 malum
528 1853 652 1903 attenditur
663 1866 706 1917 per
718 1855 874 1905 douiafiouem
887 1856 913 1903 ab
925 1868 954 1901 or-

162 1923 214 1973 dine
226 1922 319 1973 nationis
330 1924 358 1973 ad
372 1924 440 1974 finem
452 1937 596 1975 communem
607 1925 713 1975 humanm
725 1925 781 1975 vitae
798 1942 804 1974 ε
819 1930 843 1977 et
853 1926 904 1975 ideo
915 1924 953 1972 eul-

163 2000 229 2060 palur
242 2009 271 2046 eu
288 1996 329 2046 tali
347 2000 440 2059 peceato
459 1998 543 2059 homo,
557 2000 581 2047 et
592 1996 618 2046 in
632 1999 743 2059 quantum
758 2001 794 2047 est
804 1998 888 2059 homo,
901 2001 923 2045 el
935 1995 953 2040 iu

162 2071 271 2131 mantum
289 2067 379 2118 moralis
394 2071 438 2117 est.
453 2069 517 2117 Unde
535 2067 686 2130 Philosophus
703 2068 760 2117 dicit
772 2068 798 2117 in
812 2069 850 2117 lll.
866 2068 952 2118 Elium,

162 2139 222 2205 quod
238 2156 252 2187 u
266 2140 290 2189 in
307 2142 354 2190 arlo
368 2139 447 2190 uolens
461 2153 558 2203 pemans
566 2144 602 2189 est
610 2138 739 2203 eligibilior,
750 2140 811 2190 eirea
818 2137 952 2205 prudentiam

162 2218 237 2263 aulem
251 2211 339 2276 minirs;
348 2230 361 2260 u
373 2212 432 2261 siout
444 2215 467 2263 el
482 2213 506 2261 in
521 2212 643 2262 virtutibus
655 2212 792 2277 moralibus,
801 2226 897 2276 quarum
909 2224 952 2272 pru·

162 2284 238 2333 dentia
254 2286 289 2333 est
302 2283 417 2334 directim.

194 2355 227 2404 Ad
241 2356 331 2405 tertium
346 2356 480 2419 dicendum,
490 2355 550 2419 quod
560 2356 742 2419 illaiullrmitaS‚
756 2369 807 2421 qua
816 2354 885 2405 estin
896 2351 952 2401 mulis

162 2426 310 2487 voluntariis,
321 2428 422 2493 subjaoet
436 2427 545 2491 potestati
556 2428 655 2479 hominis
670 2444 676 2476 :
691 2432 715 2477 el
726 2428 778 2479 ideo
791 2442 833 2479 nec
843 2425 903 2476 tollit
917 2436 952 2471 net

161 2495 268 2545 diminuit
278 2498 391 2548 rationem
402 2499 485 2562 oulpae.
