1984 3309
242 182 277 218 un
293 181 383 221 nnsorn
395 179 478 219 carne
491 184 525 221 an
537 182 638 222 corrue.
798 173 843 221 tot

32 263 68 306 aut
83 271 171 322 agere,
183 258 225 307 vel
236 259 365 308 secundom
377 272 402 309 se
411 262 483 309 totum
493 299 500 322 ,
511 261 569 311 sicut
587 260 690 313 medicus
709 263 788 325 sanat3
803 263 843 311 aut

32 331 159 379 secuudum
169 334 278 393 partem,
295 329 354 379 sicut
362 332 431 381 homo
440 330 666 396 ridetperocnlum3
681 336 721 382 aut
732 346 773 397 per
784 332 845 385 acci-

32 403 105 463 dens,
120 401 182 450 sicut
195 402 283 451 dicitur
300 400 360 464 quod
373 403 448 451 albuni
461 404 576 463 edificat,
589 404 642 468 qnia
653 404 735 454 accidit
748 402 844 455 arditica-

32 473 75 522 tori
95 487 146 523 esse
160 474 250 522 album.
266 472 327 523 Clam
341 474 411 536 igitur
423 476 520 525 dicimus
533 477 645 527 Socratem
653 514 662 540 ,
673 479 712 527 aut
726 476 844 527 Platonem

31 545 172 607 intelligere,
187 543 339 595 manifestum
349 549 402 608 est,
417 546 476 609 prod
490 561 538 597 non
553 547 682 597 attribuitur
694 548 717 597 ci
733 560 774 613 per
783 546 843 597 acci-

32 619 96 666 dens.
111 617 255 667 bttribuitur
266 617 329 667 enim
345 618 366 667 el
377 617 402 667 io
414 623 523 681 quantum
540 623 575 670 est
587 621 657 671 bomo
665 657 673 683 ,
692 622 751 684 quod
768 632 845 671 essen·

31 690 115 738 tiatiter
132 689 277 753 praedicatur
295 690 323 738 de
342 688 401 755 ipso.
418 693 464 740 but
485 705 538 755 ergo
560 694 650 756 oportet
670 692 761 755 dicere,
783 691 842 757 qood

31 763 138 811 {cerates
146 761 261 823 intelligit
268 762 430 812 secundnmse
437 767 519 827 totum,
527 764 587 814 sicut
596 765 661 815 Plato
670 764 756 829 posuit,
767 764 845 815 dicens

30 833 149 882 treminem
165 847 220 883 esse
232 837 338 881 animam·
348 831 523 899 intellectivam
535 839 575 885 aut
585 838 674 899 oportet
684 836 770 899 dicere,
784 834 844 899 quod

30 905 160 954 incedemus
168 905 202 954 sit
213 904 293 967 aliqua
302 918 356 968 pars
365 906 471 956 Socratis.
480 908 509 957 nt
520 902 618 971 primum
628 907 721 971 quidem
729 911 789 958 stare
798 920 844 958 non

32 980 128 1038 potest,
141 979 169 1025 nt
183 976 258 1039 sopra
275 980 392 1027 ostensum
405 981 440 1027 est
456 978 506 1042 (pu.
522 983 570 1041 75,
582 979 675 1043 artu),
695 982 788 1045 propter
801 980 844 1029 boc

33 1047 95 1108 qrrdd
108 1047 156 1110 ipse
166 1049 232 1099 idem
244 1050 316 1098 bomo
324 1053 370 1108 est,
380 1050 419 1113 qui
427 1051 524 1115 percipit
537 1065 561 1101 se
574 1051 702 1115 intelligere
714 1056 737 1102 et
748 1051 842 1101 sentire.

31 1119 124 1169 sentire
136 1126 217 1171 antem
230 1128 281 1170 non
297 1126 332 1171 est
345 1121 396 1172 sine
409 1135 511 1185 corpore.
526 1124 590 1173 Unde
604 1128 693 1189 oportet
710 1136 793 1187 corpus
805 1122 845 1172 ali·

27 1207 99 1255 quam
112 1206 166 1243 esse
175 1193 281 1243 hominis
293 1197 391 1257 partem.
401 1193 545 1257 Relinquitur
557 1208 611 1259 erpo
628 1194 688 1259 quod
704 1194 843 1259 intellector,

27 1280 71 1326 spuo
85 1266 196 1316 Socrates
208 1265 330 1328 inteiligit,
342 1269 379 1315 est
397 1266 472 1329 aliqua
483 1280 536 1330 pars
553 1266 669 1327 Socratis,
683 1265 717 1315 ita
733 1264 792 1330 qudd
806 1265 844 1314 in-

28 1339 134 1387 tollemus
150 1338 234 1400 aliquo
250 1337 322 1385 modo
340 1337 429 1401 corpori
443 1338 541 1387 Socratis
556 1337 658 1387 uniatur.
679 1336 745 1387 lianc
767 1340 842 1386 antem

27 1410 138 1459 unionem
151 1411 333 1461 tbrrnmcntator
342 1408 368 1457 in
380 1408 449 1459 tertio
462 1410 490 1459 de
504 1408 579 1459 anima
586 1446 595 1473 ,
610 1406 665 1458 dicit
679 1418 728 1459 esse
738 1420 780 1471 per
793 1420 845 1474 spe-

29 1493 86 1528 ciem
106 1480 367 1544 intelligibilemque
389 1479 482 1545 quidem
504 1482 574 1532 habet
594 1481 679 1545 duplex
696 1478 844 1543 subjectum,

31 1565 101 1600 nuum
115 1552 207 1603 scilieet
224 1550 372 1600 intellectum
391 1551 537 1615 possibilem,
553 1556 577 1602 et
598 1552 660 1601 aliud
673 1550 723 1615 ipsa
737 1552 846 1615 phantas-

28 1630 94 1680 mata,
111 1639 164 1689 qne
181 1627 244 1677 sunt
255 1623 284 1671 in
294 1622 387 1685 organis
399 1624 523 1689 corporeis.
536 1625 565 1673 Et
577 1623 659 1687 sicper
668 1623 767 1687 speciem
780 1620 846 1671 intel·

24 1696 136 1749 tiribilem
153 1696 313 1749 conducatur
335 1694 466 1746 intellectus
479 1695 595 1760 possibilis
613 1693 702 1759 corpori
722 1694 791 1758 bajus
808 1692 846 1741 vel

23 1770 80 1818 trtius
93 1770 214 1821 bominis.
234 1766 287 1818 sed
300 1766 346 1816 ista
359 1768 519 1829 continuatio,
533 1768 571 1818 vel
589 1766 644 1817 unio
658 1778 705 1815 non
718 1763 801 1816 sufficit
817 1762 845 1813 ad

23 1843 77 1902 lac,
89 1844 156 1907 quod
167 1841 240 1894 actio
251 1839 387 1889 intellectus
399 1839 429 1889 sit
439 1840 499 1890 actio
513 1840 620 1891 Socratis,
636 1840 665 1889 Et
678 1840 722 1888 boc
731 1840 794 1901 patet
804 1848 846 1899 per

22 1915 201 1966 ¹‹imitrtudinom
219 1913 246 1961 in
261 1924 351 1973 sensu,
365 1923 395 1960 ex
406 1924 451 1974 qno
462 1911 595 1961 Aristoteles
607 1908 710 1975 procedit
726 1909 753 1958 ad
768 1906 845 1957 consi-

22 1987 145 2039 derandum
162 2000 196 2037 ea
212 1998 269 2047 quae
288 1987 344 2033 sunt
356 1983 491 2034 intellectus·
508 1983 546 2032 Sic
560 1982 621 2033 enim
637 1995 662 2032 se
677 1980 763 2030 babent
773 1979 846 2043 phan-

23 2066 113 2111 tarnem
131 2062 164 2110 ad
188 2057 357 2117 intellectum,
372 2057 399 2103 nt
414 2054 495 2104 dicitur
509 2054 534 2104 in
551 2054 589 2104 lll.
612 2055 649 2103 De
664 2053 765 2108 aalma,
785 2050 844 2099 sicut

22 2148 102 2183 odores
117 2134 151 2183 ad
162 2132 262 2181 visum.
279 2126 347 2177 Sicut
355 2140 411 2189 ergo
421 2128 510 2190 species
523 2126 623 2177 colorum
635 2128 690 2175 sunt
703 2123 728 2172 iu
739 2122 796 2177 risu.
814 2121 846 2171 ita

23 2207 103 2264 -parjes,
110 2203 320 2271 phantasmatum
329 2202 385 2249 suut
397 2197 549 2248 inintellecta
558 2196 671 2261 possibili.
682 2196 747 2245 Patet
759 2195 844 2257 autem

23 2280 75 2334 ·,rad
83 2293 112 2328 en
126 2280 179 2329 hoc
189 2273 260 2340 quod
271 2272 363 2322 colores
373 2273 427 2320 sunt
437 2270 462 2319 in
471 2270 568 2334 pariete,
580 2280 676 2335 quorum
687 2264 847 2345 similitudines

25 2356 72 2397 -int
82 2351 192 2413 meisa,
207 2345 276 2396 actio
289 2342 358 2393 risus
372 2354 421 2392 non
431 2342 561 2391 attribuitur
570 2339 652 2405 parieti
664 2355 671 2386 ι
684 2338 804 2392 nonenim
814 2336 848 2385 dr-

24 2421 88 2471 cimus
98 2424 166 2487 quod
185 2418 273 2485 paries
286 2416 388 2478 rideat,
407 2415 448 2464 sed
464 2414 537 2476 magis
557 2414 617 2476 qood
629 2410 742 2462 uideatur.
758 2410 793 2490 Er
803 2410 848 2490 boc

22 2508 77 2556 cro,
91 2496 158 2560 quod
171 2491 278 2557 species
292 2488 482 2553 phantasmatum
496 2489 549 2535 suut
562 2486 588 2534 in
598 2484 714 2533 intellectu
732 2480 846 2561 possibili,

23 2581 60 2613 'tun
77 2569 193 2632 sequitur
207 2564 278 2627 quod
293 2560 403 2610 Socrates
416 2557 514 2623 (inquo
529 2560 582 2607 suot
595 2551 768 2621 phantasmata)
779 2550 847 2601 rutel-

36 2645 82 2701 μί,
100 2642 147 2691 sed
159 2635 236 2704 quod
248 2634 314 2697 ipse,
330 2630 431 2693 velcjus
440 2632 600 2693 phantasmata
610 2626 774 2689 intelligantur.

28 2803 108 2857 'adm
119 2807 166 2853 ubi
181 2805 315 2850 Socratem
327 2794 456 2842 introducit
466 2794 510 2839 hoc
521 2794 674 2846 inferentem
685 2797 708 2836 et
722 2790 755 2835 sic
768 2797 850 2832 assen-

33 2880 43 2904 ι-
50 2877 106 2914 ratem
115 2864 285 2915 Alcibiadem
295 2858 444 2916 utliquidids
454 2858 606 2903 demonstrari
616 2868 661 2901 non
672 2865 741 2911 posse
749 2850 849 2895 fateatur

28 2933 76 2981 :uod
89 2940 136 2979 out
145 2933 230 2977 bomo
241 2924 318 2971 nortl
331 2924 382 2971 eu,
396 2925 441 2967 ortt
452 2923 537 2966 ocima
549 2922 590 2966 eit.

147 3046 176 3080 ll.
720 3012 734 3057 4
