1984 3309
131 187 179 239 ιιι
317 194 380 235 rans
395 195 417 244 ι,
433 194 526 239 octar.
543 192 620 244 cxxv,
637 193 693 233 aer.
710 190 745 231 ει.

162 271 197 322 Ad
210 270 335 321 secundum
349 269 487 328 dicendum,
504 268 564 333 qnod
583 268 666 335 subjici
678 272 702 319 ει
714 269 863 321 transmutat
880 282 943 321 con-

131 341 197 393 uenit
208 341 318 401 usauria,
329 338 453 391 secunddm
466 340 528 403 qnod
541 342 577 390 est
593 339 618 391 in
630 339 742 403 potentia.
754 340 820 391 Sicut
832 354 887 405 ergo
901 346 942 392 est

132 413 175 463 alia
186 411 289 476 potentia
299 410 438 475 intellectus,
448 415 471 461 et
479 410 524 463 alia
536 410 637 475 potentia
648 412 748 463 materie
755 412 846 475 primae,
861 410 894 463 ita
904 418 942 463 εει

132 484 177 534 alis
186 484 244 535 ratio
256 482 394 547 subjiciendi
407 488 431 533 ει
443 483 619 538 transmutandi.
632 482 761 533 Secundum
772 484 817 535 hoc
827 484 891 537 euim
905 485 941 535 in-

131 556 235 607 tellectus
250 555 371 619 subjicituu
380 553 492 618 scientie,
503 559 527 605 et
542 558 707 605 transmutatur
723 555 752 605 de
765 555 896 618 ignorantia
912 558 943 607 ad

131 626 269 687 scientiam,
284 626 408 677 secundnm
424 626 485 691 qrrod
502 630 537 679 est
552 625 691 689 inpotentia
705 626 734 677 ad
747 626 837 691 species
853 626 944 677 intelli-

133 698 225 761 grhiles.

165 770 197 819 ad
209 769 300 821 tertium
312 768 446 833 dicendum,
457 768 518 833 quod
527 769 599 819 torma
610 772 644 819 εει
654 781 723 819 causa
733 770 823 819 essendi
832 769 940 821 nemrim

135 845 159 892 et
169 855 247 903 egens.
259 842 323 893 Unde
336 848 407 905 egem
422 839 447 891 iu
464 844 574 903 querrtnm
589 838 676 891 reducit
692 838 845 890 materimiu
858 845 944 891 actum

134 913 228 976 forme,
237 914 422 976 transmutando,
433 917 469 963 εει
479 911 502 963 ei
512 925 581 963 causa
590 909 689 968 essendi.
705 910 731 961 Si
741 910 797 974 quid
812 914 895 962 antem
908 916 946 963 est

135 983 207 1035 torna
219 983 358 1043 subsistens,
376 997 423 1035 non
438 983 507 1034 hauet
522 996 573 1035 esso
588 996 629 1046 per
642 982 732 1045 aliquod
743 983 839 1034 formale
850 983 945 1048 princi-

135 1055 443 1121 plum,nechaltetcausa1n
455 1058 650 1105 transmutantem
662 1054 690 1107 de
704 1053 805 1117 potentia
815 1054 840 1105 in
850 1060 943 1107 numm.

136 1127 201 1177 Unde
216 1130 269 1191 post
280 1126 350 1176 uerba
366 1126 483 1190 premissa
501 1126 653 1189 Philosophus
666 1124 796 1188 concludit,
807 1125 872 1188 qudd
890 1144 906 1175 α
919 1128 946 1179 in

135 1199 231 1263 uisque
241 1196 425 1261 suntcomposlla
434 1210 463 1246 ex
471 1196 564 1247 materie
577 1202 600 1246 ει
609 1196 694 1259 lorino,
704 1196 766 1247 nulla
774 1196 865 1247 estella
874 1212 949 1251 eausa

135 1270 183 1321 nisi
196 1284 291 1321 movens
300 1283 331 1319 ex
339 1271 451 1333 potestate
464 1268 495 1318 ad
506 1271 597 1331 actum3
607 1281 757 1331 quocumque
770 1266 827 1318 vero
839 1282 891 1321 non
903 1272 947 1321 lra-

135 1344 192 1395 bent
204 1341 330 1402 materiem,
342 1339 419 1390 omnia
432 1338 567 1403 simpliciter
581 1339 643 1390 entia
652 1339 788 1402 sunlipsum
799 1338 865 1403 quid.
879 1359 896 1389 u

168 1413 203 1465 ld
210 1416 316 1477 quartum
326 1410 457 1477 dicendum,
470 1410 608 1474 quotenne
621 1409 783 1475 participatum
795 1418 950 1475 comparatur

137 1486 167 1537 ad
182 1484 333 1550 participans,
343 1486 369 1535 nt
378 1487 442 1533 actus
455 1483 515 1547 ejus.
525 1484 674 1545 Quaecumque
686 1485 762 1532 autern
777 1480 853 1533 dorma
865 1490 950 1537 creata
984 1500 985 1503 ¹

136 1572 179 1623 per
190 1571 215 1609 se
227 1556 353 1608 subsistens
364 1559 476 1619 ponatur,
485 1558 577 1619 oportet
592 1553 652 1619 quod
664 1552 786 1618 participet
803 1568 874 1619 esse‚·
891 1558 951 1621 quia
984 1564 985 1609 ἶ

137 1628 207 1684 etiam
219 1628 269 1691 ipsa
286 1627 348 1690 vita,
361 1627 399 1677 rel
412 1625 520 1691 quicquid
534 1626 568 1676 sic
581 1625 707 1687 diceretur,
721 1623 844 1689 participat
865 1626 950 1691 ipsum

138 1716 203 1760 esse,
221 1704 247 1750 nt
261 1698 317 1749 dicit
330 1698 411 1760 Dion„
426 1698 459 1761 ll,
469 1698 506 1758 De
519 1697 574 1746 diu.
591 1696 665 1749 Nom.
681 1698 742 1749 Esse
758 1701 836 1747 autom
850 1700 951 1761 partici-

137 1775 216 1839 patum
230 1770 308 1823 unitur
323 1770 352 1819 ad
362 1769 514 1833 capacitatem
526 1768 699 1833 participando
716 1766 774 1818 unde
790 1769 856 1820 solus
868 1772 949 1833 Dens,

138 1844 178 1909 qui
187 1847 223 1893 est
230 1842 308 1907 ipsum
318 1855 386 1893 suum
399 1856 464 1901 ecee,
478 1844 514 1891 est
523 1845 588 1891 actus
600 1854 671 1905 purus
684 1844 707 1891 et
720 1838 835 1891 infinitus.
846 1841 876 1891 ln
894 1844 952 1895 suls

138 1913 229 1967 stantiis
237 1913 291 1965 nord
298 1913 492 1964 intellectualibus
501 1916 537 1963 cst
551 1910 686 1975 compositio
695 1924 723 1961 ex
734 1917 786 1961 actn
795 1915 819 1962 et
828 1916 951 1977 potentia,

139 2000 185 2037 non
199 1986 291 2051 quiden
302 1999 331 2037 ex
343 1984 438 2036 maleus
451 1988 475 2035 ει
492 1984 565 2035 torma
576 2021 582 2044 ,
594 1983 634 2035 sed
648 1996 677 2033 ex
688 1982 760 2033 forme
773 1985 796 2032 et
809 1997 863 2033 csse
876 1987 953 2049 parti·

138 2059 214 2125 cipeto
228 2075 234 2109 :
248 2059 309 2109 unde
322 2057 336 2109 l
347 2056 482 2121 quibusdam
499 2054 606 2106 dicuntur
623 2054 729 2118 componi
748 2066 777 2103 ex
796 2069 846 2118 quo
865 2062 909 2107 est
928 2063 953 2109 et

139 2130 208 2192 quod
217 2134 270 2193 εει,
283 2130 358 2195 ipsum
371 2129 494 2180 enimesce
509 2132 608 2193 estque
621 2126 724 2191 aliquid
737 2130 784 2177 est.

432 2270 590 2323 rnruunus
603 2271 641 2321 ur.
713 2234 716 2241 ’

268 2396 354 2442 Utrum
363 2396 445 2441 auimo
454 2396 560 2440 sumam
569 2394 600 2439 sit
610 2394 806 2451 incorruptibilis.

171 2516 206 2566 ld
217 2518 308 2566 sermm
320 2514 355 2564 sic
367 2513 497 2578 proceditur
510 2514 553 2577 ll).
569 2513 664 2564 Videtur
676 2514 736 2578 quud
750 2513 826 2566 anima
840 2517 951 2573 lrunrana

140 2587 171 2637 sit
184 2586 345 2651 cormptiluilis.
357 2586 457 2645 Quorum
472 2585 534 2637 onius
547 2589 583 2637 est
591 2585 665 2637 dmile
675 2584 812 2651 principium
825 2592 849 2637 et
864 2592 953 2645 similis

137 2670 269 2723 processus,
280 2659 372 2709 ridetur
383 2672 435 2709 esse
445 2658 528 2708 similis
539 2657 599 2709 finis.
609 2658 653 2709 Sed
667 2658 741 2709 simile
751 2660 788 2707 est
798 2659 950 2727 principium

139 2732 292 2795 generationis
303 2732 421 2782 hominurn
429 2736 454 2782 ει
461 2732 629 2795 iumentorum,
637 2731 691 2795 qnia
703 2731 732 2781 dc
740 2733 800 2780 terra
808 2731 871 2784 lacta
882 2742 951 2796 sunu

174 2848 206 2913 (1)
219 2851 300 2897 Deliis
316 2851 385 2897 ctiam
400 2849 469 2908 1‚e‚
484 2856 567 2907 quaest.
582 2848 625 2907 85,
638 2856 682 2895 art.
696 2848 724 2903 u;
744 2850 953 2907 etth-Senem„

141 2914 195 2959 dist.
211 2912 250 2974 to,
261 2920 305 2960 art.
318 2912 345 2967 ις
358 2919 382 2959 ει
395 2912 486 2959 Contra
499 2912 580 2961 Gest,
592 2912 634 2957 lib.
650 2912 678 2970 t,
688 2923 741 2969 cap.
756 2910 796 2971 ⁷8,
811 2912 853 2973 79,
866 2915 918 2974 823
928 2928 954 2967 ea
