<?xml version="1.0" encoding="UTF-8"?>
<!DOCTYPE html PUBLIC "-//W3C//DTD XHTML 1.0 Transitional//EN"
    "http://www.w3.org/TR/xhtml1/DTD/xhtml1-transitional.dtd">
<html xmlns="http://www.w3.org/1999/xhtml" xml:lang="en" lang="en">
 <head>
  <title>
</title>
<meta http-equiv="Content-Type" content="text/html;charset=utf-8" />
  <meta name='ocr-system' content='tesseract 3.04.00' />
  <meta name='ocr-capabilities' content='ocr_page ocr_carea ocr_par ocr_line ocrx_word'/>
</head>
<body>
  <div class='ocr_page' id='page_1' title='image "./summatheologica00nicogoog_0508.png"; bbox 0 0 1984 3309; ppageno 0'>
   <div class='ocr_carea' id='block_1_1' title="bbox 248 163 845 214">
    <p class='ocr_par' dir='ltr' id='par_1_1' title="bbox 248 163 845 214">
     <span class='ocr_line' id='line_1_1' title="bbox 248 163 845 214; baseline 0.015 -10"><span class='ocrx_word' id='word_1_1' title='bbox 248 168 278 206; x_wconf 76' lang='lat' dir='ltr'>uu</span> <span class='ocrx_word' id='word_1_2' title='bbox 293 166 466 210; x_wconf 79' lang='lat' dir='ltr'>soeuuiomuus</span> <span class='ocrx_word' id='word_1_3' title='bbox 478 168 637 210; x_wconf 70' lang='lat' dir='ltr'>mummium.</span> <span class='ocrx_word' id='word_1_4' title='bbox 799 163 845 214; x_wconf 76' lang='lat' dir='ltr'>mu</span> 
     </span>
    </p>
   </div>
   <div class='ocr_carea' id='block_1_2' title="bbox 43 243 849 2387">
    <p class='ocr_par' dir='ltr' id='par_1_2' title="bbox 43 243 849 1955">
     <span class='ocr_line' id='line_1_2' title="bbox 44 243 846 309; baseline 0.007 -16"><span class='ocrx_word' id='word_1_5' title='bbox 44 244 116 307; x_wconf 84' lang='lat' dir='ltr'>ipsum</span> <span class='ocrx_word' id='word_1_6' title='bbox 130 243 217 307; x_wconf 78' lang='grc' dir='ltr'><strong>Ιιειιιε,</strong></span> <span class='ocrx_word' id='word_1_7' title='bbox 229 243 270 307; x_wconf 89' lang='lat' dir='ltr'>qui</span> <span class='ocrx_word' id='word_1_8' title='bbox 279 248 313 297; x_wconf 85' lang='grc' dir='ltr'>εει</span> <span class='ocrx_word' id='word_1_9' title='bbox 326 245 398 308; x_wconf 84' lang='lat' dir='ltr'>prima</span> <span class='ocrx_word' id='word_1_10' title='bbox 411 245 510 309; x_wconf 76' lang='lat' dir='ltr'>leuitas,</span> <span class='ocrx_word' id='word_1_11' title='bbox 523 251 547 296; x_wconf 89' lang='grc' dir='ltr'>ει</span> <span class='ocrx_word' id='word_1_12' title='bbox 562 247 590 297; x_wconf 83' lang='lat' dir='ltr'>ad</span> <span class='ocrx_word' id='word_1_13' title='bbox 606 247 746 298; x_wconf 74' lang='lat' dir='ltr'>voluntalem</span> <span class='ocrx_word' id='word_1_14' title='bbox 762 247 846 300; x_wconf 81' lang='lat' dir='ltr'>inlelli-</span> 
     </span>
     <span class='ocr_line' id='line_1_3' title="bbox 44 315 846 380; baseline 0.009 -15"><span class='ocrx_word' id='word_1_15' title='bbox 44 315 126 378; x_wconf 73' lang='lat' dir='ltr'>geutis,</span> <span class='ocrx_word' id='word_1_16' title='bbox 139 327 258 380; x_wconf 78' lang='lat' dir='ltr'>perquam</span> <span class='ocrx_word' id='word_1_17' title='bbox 269 315 355 380; x_wconf 80' lang='lat' dir='ltr'>uliquid</span> <span class='ocrx_word' id='word_1_18' title='bbox 369 321 424 373; x_wconf 80' lang='lat' dir='ltr'>selu</span> <span class='ocrx_word' id='word_1_19' title='bbox 438 318 617 370; x_wconf 77' lang='lat' dir='ltr'>consideramus.</span> <span class='ocrx_word' id='word_1_20' title='bbox 627 319 685 377; x_wconf 77' lang='lat' dir='ltr'>Quia</span> <span class='ocrx_word' id='word_1_21' title='bbox 699 319 753 370; x_wconf 83' lang='lat' dir='ltr'>uerd</span> <span class='ocrx_word' id='word_1_22' title='bbox 762 320 846 372; x_wconf 78' lang='lat' dir='ltr'>smiles</span> 
     </span>
     <span class='ocr_line' id='line_1_4' title="bbox 44 386 846 456; baseline 0.009 -19"><span class='ocrx_word' id='word_1_23' title='bbox 44 392 77 438; x_wconf 85' lang='grc' dir='ltr'>εει</span> <span class='ocrx_word' id='word_1_24' title='bbox 92 389 171 438; x_wconf 86' lang='lat' dir='ltr'>lumen</span> <span class='ocrx_word' id='word_1_25' title='bbox 184 386 326 446; x_wconf 83' lang='lat' dir='ltr'>iutelleelds‚</span> <span class='ocrx_word' id='word_1_26' title='bbox 339 392 363 438; x_wconf 86' lang='lat' dir='ltr'>el</span> <span class='ocrx_word' id='word_1_27' title='bbox 377 389 454 451; x_wconf 79' lang='lat' dir='ltr'>regula</span> <span class='ocrx_word' id='word_1_28' title='bbox 465 387 539 440; x_wconf 88' lang='lat' dir='ltr'>omnis</span> <span class='ocrx_word' id='word_1_29' title='bbox 549 389 652 442; x_wconf 75' lang='lat' dir='ltr'>veritalis</span> <span class='ocrx_word' id='word_1_30' title='bbox 664 394 699 442; x_wconf 82' lang='lat' dir='ltr'>est</span> <span class='ocrx_word' id='word_1_31' title='bbox 712 392 763 456; x_wconf 78' lang='lat' dir='ltr'>ipse</span> <span class='ocrx_word' id='word_1_32' title='bbox 776 393 846 456; x_wconf 81' lang='lat' dir='ltr'>Deus,</span> 
     </span>
     <span class='ocr_line' id='line_1_5' title="bbox 45 460 848 527; baseline 0.009 -18"><span class='ocrx_word' id='word_1_33' title='bbox 45 460 199 512; x_wconf 79' lang='lat' dir='ltr'>munilestaliu</span> <span class='ocrx_word' id='word_1_34' title='bbox 212 463 265 523; x_wconf 72' lang='lat' dir='ltr'>eius</span> <span class='ocrx_word' id='word_1_35' title='bbox 278 461 338 522; x_wconf 81' lang='lat' dir='ltr'>quud</span> <span class='ocrx_word' id='word_1_36' title='bbox 354 461 575 525; x_wconf 77' lang='lat' dir='ltr'>meuleeuueipilur</span> <span class='ocrx_word' id='word_1_37' title='bbox 590 461 714 513; x_wconf 80' lang='lat' dir='ltr'>secuudum</span> <span class='ocrx_word' id='word_1_38' title='bbox 729 465 788 527; x_wconf 82' lang='lat' dir='ltr'>quud</span> <span class='ocrx_word' id='word_1_39' title='bbox 807 467 848 516; x_wconf 87' lang='lat' dir='ltr'>de·</span> 
     </span>
     <span class='ocr_line' id='line_1_6' title="bbox 44 531 849 600; baseline 0.009 -19"><span class='ocrx_word' id='word_1_40' title='bbox 44 531 152 594; x_wconf 74' lang='lat' dir='ltr'>pendetis</span> <span class='ocrx_word' id='word_1_41' title='bbox 165 531 239 596; x_wconf 84' lang='lat' dir='ltr'>prima</span> <span class='ocrx_word' id='word_1_42' title='bbox 252 531 362 594; x_wconf 74' lang='lat' dir='ltr'>ueritate,</span> <span class='ocrx_word' id='word_1_43' title='bbox 376 533 495 584; x_wconf 73' lang='lat' dir='ltr'>diluculis</span> <span class='ocrx_word' id='word_1_44' title='bbox 506 539 542 584; x_wconf 85' lang='grc' dir='ltr'>εει</span> <span class='ocrx_word' id='word_1_45' title='bbox 554 537 577 583; x_wconf 92' lang='grc' dir='ltr'>ει</span> <span class='ocrx_word' id='word_1_46' title='bbox 593 533 728 586; x_wconf 80' lang='lat' dir='ltr'>illumiaatio</span> <span class='ocrx_word' id='word_1_47' title='bbox 740 551 746 586; x_wconf 94' lang='lat'><strong>:</strong></span> <span class='ocrx_word' id='word_1_48' title='bbox 759 537 815 600; x_wconf 79' lang='lat' dir='ltr'>puli</span> <span class='ocrx_word' id='word_1_49' title='bbox 828 538 849 588; x_wconf 87' lang='lat' dir='ltr'>si</span> 
     </span>
     <span class='ocr_line' id='line_1_7' title="bbox 43 601 844 673; baseline 0.009 -23"><span class='ocrx_word' id='word_1_50' title='bbox 43 618 101 653; x_wconf 91' lang='lat' dir='ltr'>uuus</span> <span class='ocrx_word' id='word_1_51' title='bbox 114 605 185 654; x_wconf 86' lang='lat' dir='ltr'>homu</span> <span class='ocrx_word' id='word_1_52' title='bbox 202 603 264 652; x_wconf 84' lang='lat' dir='ltr'>dicat</span> <span class='ocrx_word' id='word_1_53' title='bbox 278 601 334 652; x_wconf 89' lang='lat' dir='ltr'>alii:</span> <span class='ocrx_word' id='word_1_54' title='bbox 352 620 365 649; x_wconf 84' lang='lat' dir='ltr'>u</span> <span class='ocrx_word' id='word_1_55' title='bbox 377 603 465 654; x_wconf 85' lang='lat' dir='ltr'>Coelum</span> <span class='ocrx_word' id='word_1_56' title='bbox 483 608 520 655; x_wconf 87' lang='grc' dir='ltr'>εει</span> <span class='ocrx_word' id='word_1_57' title='bbox 539 605 609 656; x_wconf 76' lang='lat' dir='ltr'>aileu</span> <span class='ocrx_word' id='word_1_58' title='bbox 623 609 737 668; x_wconf 78' lang='lat' dir='ltr'>ursatum,</span> <span class='ocrx_word' id='word_1_59' title='bbox 757 623 771 655; x_wconf 84' lang='lat' dir='ltr'>u</span> <span class='ocrx_word' id='word_1_60' title='bbox 788 609 844 673; x_wconf 31' lang='lat' dir='ltr'>vell:</span> 
     </span>
     <span class='ocr_line' id='line_1_8' title="bbox 45 673 847 742; baseline 0.011 -22"><span class='ocrx_word' id='word_1_61' title='bbox 45 693 57 721; x_wconf 81' lang='lat' dir='ltr'>a</span> <span class='ocrx_word' id='word_1_62' title='bbox 70 676 145 726; x_wconf 82' lang='lat' dir='ltr'>Home</span> <span class='ocrx_word' id='word_1_63' title='bbox 158 678 194 724; x_wconf 87' lang='grc' dir='ltr'>εει</span> <span class='ocrx_word' id='word_1_64' title='bbox 207 673 302 725; x_wconf 81' lang='lat' dir='ltr'>animal.</span> <span class='ocrx_word' id='word_1_65' title='bbox 314 690 328 720; x_wconf 85' lang='lat' dir='ltr'>u</span> <span class='ocrx_word' id='word_1_66' title='bbox 340 673 387 725; x_wconf 82' lang='lat' dir='ltr'>Sed</span> <span class='ocrx_word' id='word_1_67' title='bbox 398 675 553 730; x_wconf 81' lang='lat' dir='ltr'>manileslaliu</span> <span class='ocrx_word' id='word_1_68' title='bbox 564 687 643 728; x_wconf 79' lang='lat' dir='ltr'>eurum</span> <span class='ocrx_word' id='word_1_69' title='bbox 654 691 705 740; x_wconf 81' lang='lat' dir='ltr'>quae</span> <span class='ocrx_word' id='word_1_70' title='bbox 717 679 847 742; x_wconf 77' lang='lat' dir='ltr'>dependent</span> 
     </span>
     <span class='ocr_line' id='line_1_9' title="bbox 45 744 848 812; baseline 0.005 -16"><span class='ocrx_word' id='word_1_71' title='bbox 45 761 74 796; x_wconf 85' lang='lat' dir='ltr'>ex</span> <span class='ocrx_word' id='word_1_72' title='bbox 87 748 206 798; x_wconf 74' lang='lat' dir='ltr'>voluntale</span> <span class='ocrx_word' id='word_1_73' title='bbox 220 744 382 811; x_wconf 71' lang='lat' dir='ltr'>intelligentis,</span> <span class='ocrx_word' id='word_1_74' title='bbox 396 759 441 797; x_wconf 90' lang='lat' dir='ltr'>uun</span> <span class='ocrx_word' id='word_1_75' title='bbox 452 749 530 810; x_wconf 77' lang='lat' dir='ltr'>polest</span> <span class='ocrx_word' id='word_1_76' title='bbox 542 747 587 798; x_wconf 82' lang='lat' dir='ltr'>diui</span> <span class='ocrx_word' id='word_1_77' title='bbox 598 748 747 812; x_wconf 82' lang='lat' dir='ltr'>illuminalio,</span> <span class='ocrx_word' id='word_1_78' title='bbox 757 752 797 800; x_wconf 89' lang='lat' dir='ltr'>sed</span> <span class='ocrx_word' id='word_1_79' title='bbox 814 750 848 801; x_wconf 88' lang='lat' dir='ltr'>lu·</span> 
     </span>
     <span class='ocr_line' id='line_1_10' title="bbox 44 815 845 882; baseline 0.009 -17"><span class='ocrx_word' id='word_1_80' title='bbox 44 819 103 868; x_wconf 81' lang='lat' dir='ltr'>sulio</span> <span class='ocrx_word' id='word_1_81' title='bbox 114 817 205 866; x_wconf 84' lang='lat' dir='ltr'>lauldm</span> <span class='ocrx_word' id='word_1_82' title='bbox 216 834 222 864; x_wconf 73' lang='grc' dir='ltr'>ε</span> <span class='ocrx_word' id='word_1_83' title='bbox 235 815 292 881; x_wconf 77' lang='lat' dir='ltr'>puta</span> <span class='ocrx_word' id='word_1_84' title='bbox 307 815 421 882; x_wconf 84' lang='lat' dir='ltr'>sialiquis</span> <span class='ocrx_word' id='word_1_85' title='bbox 434 817 500 869; x_wconf 82' lang='lat' dir='ltr'>alleri</span> <span class='ocrx_word' id='word_1_86' title='bbox 515 819 577 870; x_wconf 77' lang='lat' dir='ltr'>dicul</span> <span class='ocrx_word' id='word_1_87' title='bbox 588 834 593 868; x_wconf 77' lang='grc' dir='ltr'><strong>ι</strong></span> <span class='ocrx_word' id='word_1_88' title='bbox 610 836 624 868; x_wconf 80' lang='lat' dir='ltr'>s</span> <span class='ocrx_word' id='word_1_89' title='bbox 637 819 693 870; x_wconf 74' lang='lat' dir='ltr'>lule</span> <span class='ocrx_word' id='word_1_90' title='bbox 707 821 752 871; x_wconf 87' lang='lat' dir='ltr'>hue</span> <span class='ocrx_word' id='word_1_91' title='bbox 769 821 845 872; x_wconf 89' lang='lat' dir='ltr'>addis-</span> 
     </span>
     <span class='ocr_line' id='line_1_11' title="bbox 44 887 847 954; baseline 0.006 -17"><span class='ocrx_word' id='word_1_92' title='bbox 44 903 108 952; x_wconf 79' lang='lat' dir='ltr'>cere,</span> <span class='ocrx_word' id='word_1_93' title='bbox 117 887 224 940; x_wconf 81' lang='lat' dir='ltr'>vulo-laec</span> <span class='ocrx_word' id='word_1_94' title='bbox 234 888 273 942; x_wconf 80' lang='lat' dir='ltr'>uel</span> <span class='ocrx_word' id='word_1_95' title='bbox 281 887 340 938; x_wconf 88' lang='lat' dir='ltr'>illud</span> <span class='ocrx_word' id='word_1_96' title='bbox 350 888 435 940; x_wconf 80' lang='lat' dir='ltr'>lacem.</span> <span class='ocrx_word' id='word_1_97' title='bbox 446 890 541 954; x_wconf 77' lang='lat' dir='ltr'>»Cujus</span> <span class='ocrx_word' id='word_1_98' title='bbox 552 890 609 942; x_wconf 84' lang='lat' dir='ltr'>ratio</span> <span class='ocrx_word' id='word_1_99' title='bbox 619 893 667 951; x_wconf 84' lang='grc' dir='ltr'><strong>εει,</strong></span> <span class='ocrx_word' id='word_1_100' title='bbox 678 890 732 954; x_wconf 89' lang='lat' dir='ltr'>quia</span> <span class='ocrx_word' id='word_1_101' title='bbox 743 891 847 942; x_wconf 80' lang='lat' dir='ltr'>voluutas</span> 
     </span>
     <span class='ocr_line' id='line_1_12' title="bbox 44 960 844 1026; baseline 0.005 -16"><span class='ocrx_word' id='word_1_102' title='bbox 44 964 117 1012; x_wconf 72' lang='lat' dir='ltr'>creata</span> <span class='ocrx_word' id='word_1_103' title='bbox 127 975 174 1012; x_wconf 84' lang='lat' dir='ltr'>usu</span> <span class='ocrx_word' id='word_1_104' title='bbox 185 964 223 1011; x_wconf 81' lang='grc' dir='ltr'>εει</span> <span class='ocrx_word' id='word_1_105' title='bbox 231 961 273 1010; x_wconf 80' lang='lat' dir='ltr'>lux</span> <span class='ocrx_word' id='word_1_106' title='bbox 285 973 328 1020; x_wconf 80' lang='lat' dir='ltr'>uec</span> <span class='ocrx_word' id='word_1_107' title='bbox 337 961 415 1023; x_wconf 77' lang='lat' dir='ltr'>regula</span> <span class='ocrx_word' id='word_1_108' title='bbox 425 960 543 1022; x_wconf 81' lang='lat' dir='ltr'>veritalis,</span> <span class='ocrx_word' id='word_1_109' title='bbox 555 961 596 1015; x_wconf 86' lang='lat' dir='ltr'>sed</span> <span class='ocrx_word' id='word_1_110' title='bbox 605 961 743 1026; x_wconf 82' lang='lat' dir='ltr'>participans</span> <span class='ocrx_word' id='word_1_111' title='bbox 753 963 844 1014; x_wconf 86' lang='lat' dir='ltr'>lucem:</span> 
     </span>
     <span class='ocr_line' id='line_1_13' title="bbox 44 1031 845 1100; baseline 0.007 -19"><span class='ocrx_word' id='word_1_112' title='bbox 44 1035 102 1083; x_wconf 86' lang='lat' dir='ltr'>uude</span> <span class='ocrx_word' id='word_1_113' title='bbox 113 1031 282 1084; x_wconf 68' lang='lat' dir='ltr'>communicare</span> <span class='ocrx_word' id='word_1_114' title='bbox 292 1045 378 1096; x_wconf 74' lang='lat' dir='ltr'>euque</span> <span class='ocrx_word' id='word_1_115' title='bbox 390 1037 444 1084; x_wconf 80' lang='lat' dir='ltr'>suul</span> <span class='ocrx_word' id='word_1_116' title='bbox 453 1033 467 1084; x_wconf 79' lang='grc' dir='ltr'><strong>ι</strong></span> <span class='ocrx_word' id='word_1_117' title='bbox 476 1034 594 1085; x_wconf 77' lang='grc' dir='ltr'><strong>εοιεειειε</strong></span> <span class='ocrx_word' id='word_1_118' title='bbox 606 1038 695 1096; x_wconf 81' lang='lat' dir='ltr'>creata,</span> <span class='ocrx_word' id='word_1_119' title='bbox 704 1034 845 1100; x_wconf 82' lang='lat' dir='ltr'>inquantum</span> 
     </span>
     <span class='ocr_line' id='line_1_14' title="bbox 44 1104 845 1172; baseline 0.007 -19"><span class='ocrx_word' id='word_1_120' title='bbox 44 1105 188 1169; x_wconf 81' lang='lat' dir='ltr'>hujusmodi,</span> <span class='ocrx_word' id='word_1_121' title='bbox 203 1117 250 1156; x_wconf 86' lang='lat' dir='ltr'>uun</span> <span class='ocrx_word' id='word_1_122' title='bbox 264 1106 301 1154; x_wconf 88' lang='grc' dir='ltr'>εει</span> <span class='ocrx_word' id='word_1_123' title='bbox 309 1104 447 1155; x_wconf 79' lang='lat' dir='ltr'>illuminare.</span> <span class='ocrx_word' id='word_1_124' title='bbox 460 1106 513 1155; x_wconf 86' lang='lat' dir='ltr'>Non</span> <span class='ocrx_word' id='word_1_125' title='bbox 528 1105 591 1156; x_wconf 85' lang='lat' dir='ltr'>euim</span> <span class='ocrx_word' id='word_1_126' title='bbox 602 1105 700 1169; x_wconf 67' lang='lat' dir='ltr'>pertinet</span> <span class='ocrx_word' id='word_1_127' title='bbox 715 1107 743 1156; x_wconf 90' lang='lat' dir='ltr'>ad</span> <span class='ocrx_word' id='word_1_128' title='bbox 758 1107 845 1172; x_wconf 82' lang='lat' dir='ltr'>periec-</span> 
     </span>
     <span class='ocr_line' id='line_1_15' title="bbox 44 1175 844 1245; baseline 0.008 -21"><span class='ocrx_word' id='word_1_129' title='bbox 44 1176 128 1228; x_wconf 79' lang='lat' dir='ltr'>liuuem</span> <span class='ocrx_word' id='word_1_130' title='bbox 140 1176 274 1228; x_wconf 74' lang='lat' dir='ltr'>intellectus</span> <span class='ocrx_word' id='word_1_131' title='bbox 288 1176 349 1238; x_wconf 85' lang='lat' dir='ltr'>mei,</span> <span class='ocrx_word' id='word_1_132' title='bbox 364 1177 419 1241; x_wconf 79' lang='lat' dir='ltr'>quid</span> <span class='ocrx_word' id='word_1_133' title='bbox 434 1177 540 1240; x_wconf 78' lang='lat' dir='ltr'>uvalis,</span> <span class='ocrx_word' id='word_1_134' title='bbox 556 1177 593 1228; x_wconf 83' lang='lat' dir='ltr'>uel</span> <span class='ocrx_word' id='word_1_135' title='bbox 605 1175 660 1240; x_wconf 90' lang='lat' dir='ltr'>quid</span> <span class='ocrx_word' id='word_1_136' title='bbox 673 1180 699 1228; x_wconf 89' lang='lat' dir='ltr'>lu</span> <span class='ocrx_word' id='word_1_137' title='bbox 715 1179 844 1245; x_wconf 79' lang='lat' dir='ltr'>intelligas,</span> 
     </span>
     <span class='ocr_line' id='line_1_16' title="bbox 44 1246 847 1313; baseline 0.005 -17"><span class='ocrx_word' id='word_1_138' title='bbox 44 1261 198 1313; x_wconf 62' lang='lat' dir='ltr'>cognossem</span> <span class='ocrx_word' id='word_1_139' title='bbox 216 1249 257 1298; x_wconf 88' lang='lat' dir='ltr'>sed</span> <span class='ocrx_word' id='word_1_140' title='bbox 270 1246 344 1298; x_wconf 82' lang='lat' dir='ltr'>sollum</span> <span class='ocrx_word' id='word_1_141' title='bbox 361 1248 415 1310; x_wconf 84' lang='lat' dir='ltr'>quid</span> <span class='ocrx_word' id='word_1_142' title='bbox 436 1247 470 1298; x_wconf 82' lang='lat' dir='ltr'>rai</span> <span class='ocrx_word' id='word_1_143' title='bbox 486 1247 572 1299; x_wconf 77' lang='lat' dir='ltr'>ueritas</span> <span class='ocrx_word' id='word_1_144' title='bbox 592 1248 683 1298; x_wconf 83' lang='lat' dir='ltr'>habeat.</span> <span class='ocrx_word' id='word_1_145' title='bbox 702 1250 847 1301; x_wconf 73' lang='lat' dir='ltr'><strong>Manifestum</strong></span> 
     </span>
     <span class='ocr_line' id='line_1_17' title="bbox 44 1319 847 1386; baseline 0.005 -17"><span class='ocrx_word' id='word_1_146' title='bbox 44 1324 79 1370; x_wconf 83' lang='grc' dir='ltr'>εει</span> <span class='ocrx_word' id='word_1_147' title='bbox 92 1324 169 1372; x_wconf 85' lang='lat' dir='ltr'>aulem</span> <span class='ocrx_word' id='word_1_148' title='bbox 185 1319 246 1383; x_wconf 86' lang='lat' dir='ltr'>qudd</span> <span class='ocrx_word' id='word_1_149' title='bbox 264 1319 341 1382; x_wconf 76' lang='lat' dir='ltr'>augeli</span> <span class='ocrx_word' id='word_1_150' title='bbox 354 1319 460 1369; x_wconf 82' lang='lat' dir='ltr'>dieuulur</span> <span class='ocrx_word' id='word_1_151' title='bbox 468 1320 599 1384; x_wconf 79' lang='lat' dir='ltr'>superiores</span> <span class='ocrx_word' id='word_1_152' title='bbox 615 1320 653 1369; x_wconf 87' lang='lat' dir='ltr'>uel</span> <span class='ocrx_word' id='word_1_153' title='bbox 669 1319 787 1372; x_wconf 80' lang='lat' dir='ltr'>inferiores</span> <span class='ocrx_word' id='word_1_154' title='bbox 806 1335 847 1386; x_wconf 80' lang='lat' dir='ltr'>per</span> 
     </span>
     <span class='ocr_line' id='line_1_18' title="bbox 45 1390 847 1456; baseline 0.006 -17"><span class='ocrx_word' id='word_1_155' title='bbox 45 1391 237 1456; x_wconf 70' lang='lat' dir='ltr'><strong>comparationem</strong></span> <span class='ocrx_word' id='word_1_156' title='bbox 255 1391 282 1442; x_wconf 82' lang='lat' dir='ltr'>ad</span> <span class='ocrx_word' id='word_1_157' title='bbox 305 1392 349 1442; x_wconf 84' lang='lat' dir='ltr'>hoe</span> <span class='ocrx_word' id='word_1_158' title='bbox 365 1390 504 1455; x_wconf 78' lang='lat' dir='ltr'>principium</span> <span class='ocrx_word' id='word_1_159' title='bbox 525 1393 584 1455; x_wconf 86' lang='lat' dir='ltr'>quod</span> <span class='ocrx_word' id='word_1_160' title='bbox 607 1395 643 1442; x_wconf 86' lang='grc' dir='ltr'>εει</span> <span class='ocrx_word' id='word_1_161' title='bbox 660 1391 719 1442; x_wconf 87' lang='lat' dir='ltr'>lleus</span> <span class='ocrx_word' id='word_1_162' title='bbox 736 1407 742 1441; x_wconf 74' lang='grc' dir='ltr'><strong>ι</strong></span> <span class='ocrx_word' id='word_1_163' title='bbox 760 1392 847 1444; x_wconf 78' lang='lat' dir='ltr'>elides</span> 
     </span>
     <span class='ocr_line' id='line_1_19' title="bbox 45 1461 848 1527; baseline 0 -15"><span class='ocrx_word' id='word_1_164' title='bbox 45 1462 179 1516; x_wconf 81' lang='lat' dir='ltr'>illuminalio</span> <span class='ocrx_word' id='word_1_165' title='bbox 198 1477 249 1526; x_wconf 84' lang='lat' dir='ltr'>quae</span> <span class='ocrx_word' id='word_1_166' title='bbox 265 1463 387 1526; x_wconf 83' lang='lat' dir='ltr'>dependul—</span> <span class='ocrx_word' id='word_1_167' title='bbox 397 1462 410 1513; x_wconf 77' lang='lat' dir='ltr'>l</span> <span class='ocrx_word' id='word_1_168' title='bbox 422 1461 548 1527; x_wconf 76' lang='lat' dir='ltr'>pdnmpio,</span> <span class='ocrx_word' id='word_1_169' title='bbox 561 1463 621 1527; x_wconf 87' lang='lat' dir='ltr'>quud</span> <span class='ocrx_word' id='word_1_170' title='bbox 634 1464 671 1514; x_wconf 85' lang='grc' dir='ltr'>εει</span> <span class='ocrx_word' id='word_1_171' title='bbox 683 1463 759 1526; x_wconf 83' lang='lat' dir='ltr'>uem,</span> <span class='ocrx_word' id='word_1_172' title='bbox 774 1461 848 1513; x_wconf 76' lang='lat' dir='ltr'>solum</span> 
     </span>
     <span class='ocr_line' id='line_1_20' title="bbox 45 1533 848 1599; baseline 0.001 -15"><span class='ocrx_word' id='word_1_173' title='bbox 45 1549 83 1597; x_wconf 80' lang='lat' dir='ltr'>uer</span> <span class='ocrx_word' id='word_1_174' title='bbox 96 1534 227 1599; x_wconf 79' lang='lat' dir='ltr'>superiores</span> <span class='ocrx_word' id='word_1_175' title='bbox 239 1535 332 1598; x_wconf 80' lang='lat' dir='ltr'>augelus</span> <span class='ocrx_word' id='word_1_176' title='bbox 348 1535 376 1585; x_wconf 89' lang='lat' dir='ltr'>ad</span> <span class='ocrx_word' id='word_1_177' title='bbox 390 1533 511 1587; x_wconf 76' lang='lat' dir='ltr'>inferiores</span> <span class='ocrx_word' id='word_1_178' title='bbox 528 1533 653 1586; x_wconf 79' lang='lat' dir='ltr'>deducitur.</span> <span class='ocrx_word' id='word_1_179' title='bbox 669 1533 715 1586; x_wconf 84' lang='lat' dir='ltr'>Sed</span> <span class='ocrx_word' id='word_1_180' title='bbox 730 1533 754 1584; x_wconf 91' lang='lat' dir='ltr'>iu</span> <span class='ocrx_word' id='word_1_181' title='bbox 770 1533 848 1585; x_wconf 83' lang='lat' dir='ltr'>ordine</span> 
     </span>
     <span class='ocr_line' id='line_1_21' title="bbox 46 1604 848 1671; baseline 0 -16"><span class='ocrx_word' id='word_1_182' title='bbox 46 1608 72 1655; x_wconf 91' lang='lat' dir='ltr'>ad</span> <span class='ocrx_word' id='word_1_183' title='bbox 86 1605 226 1670; x_wconf 75' lang='lat' dir='ltr'>principium</span> <span class='ocrx_word' id='word_1_184' title='bbox 247 1605 308 1669; x_wconf 84' lang='lat' dir='ltr'>quod</span> <span class='ocrx_word' id='word_1_185' title='bbox 324 1609 358 1656; x_wconf 88' lang='grc' dir='ltr'>εει</span> <span class='ocrx_word' id='word_1_186' title='bbox 378 1605 497 1668; x_wconf 74' lang='lat' dir='ltr'>volumius,</span> <span class='ocrx_word' id='word_1_187' title='bbox 513 1604 561 1670; x_wconf 86' lang='lat' dir='ltr'>ipse</span> <span class='ocrx_word' id='word_1_188' title='bbox 574 1606 655 1658; x_wconf 84' lang='lat' dir='ltr'>uuleus</span> <span class='ocrx_word' id='word_1_189' title='bbox 672 1609 707 1658; x_wconf 88' lang='grc' dir='ltr'>εει</span> <span class='ocrx_word' id='word_1_190' title='bbox 725 1604 811 1671; x_wconf 82' lang='lat' dir='ltr'>primus</span> <span class='ocrx_word' id='word_1_191' title='bbox 825 1609 848 1656; x_wconf 88' lang='grc' dir='ltr'>ει</span> 
     </span>
     <span class='ocr_line' id='line_1_22' title="bbox 46 1675 846 1742; baseline 0.003 -17"><span class='ocrx_word' id='word_1_192' title='bbox 46 1691 164 1741; x_wconf 82' lang='lat' dir='ltr'>supremus</span> <span class='ocrx_word' id='word_1_193' title='bbox 180 1694 186 1728; x_wconf 90' lang='lat'>:</span> <span class='ocrx_word' id='word_1_194' title='bbox 205 1681 230 1727; x_wconf 92' lang='grc' dir='ltr'>ει</span> <span class='ocrx_word' id='word_1_195' title='bbox 250 1677 302 1728; x_wconf 89' lang='lat' dir='ltr'>ideo</span> <span class='ocrx_word' id='word_1_196' title='bbox 323 1676 475 1728; x_wconf 79' lang='lat' dir='ltr'>manifestatio</span> <span class='ocrx_word' id='word_1_197' title='bbox 497 1690 575 1728; x_wconf 79' lang='lat' dir='ltr'>eurum</span> <span class='ocrx_word' id='word_1_198' title='bbox 594 1691 645 1742; x_wconf 82' lang='lat' dir='ltr'>quae</span> <span class='ocrx_word' id='word_1_199' title='bbox 659 1677 688 1728; x_wconf 89' lang='lat' dir='ltr'>ad</span> <span class='ocrx_word' id='word_1_200' title='bbox 707 1675 846 1729; x_wconf 84' lang='lat' dir='ltr'>voluntalem</span> 
     </span>
     <span class='ocr_line' id='line_1_23' title="bbox 46 1748 843 1814; baseline 0.001 -15"><span class='ocrx_word' id='word_1_201' title='bbox 46 1749 169 1813; x_wconf 72' lang='lat' dir='ltr'>pertinent,</span> <span class='ocrx_word' id='word_1_202' title='bbox 178 1762 220 1814; x_wconf 81' lang='lat' dir='ltr'>per</span> <span class='ocrx_word' id='word_1_203' title='bbox 235 1748 309 1812; x_wconf 84' lang='lat' dir='ltr'>ipsum</span> <span class='ocrx_word' id='word_1_204' title='bbox 323 1748 437 1799; x_wconf 71' lang='lat' dir='ltr'>uolentem</span> <span class='ocrx_word' id='word_1_205' title='bbox 451 1748 569 1798; x_wconf 83' lang='lat' dir='ltr'>dedueilur</span> <span class='ocrx_word' id='word_1_206' title='bbox 581 1750 608 1799; x_wconf 87' lang='lat' dir='ltr'>ad</span> <span class='ocrx_word' id='word_1_207' title='bbox 623 1749 680 1802; x_wconf 89' lang='lat' dir='ltr'>alius</span> <span class='ocrx_word' id='word_1_208' title='bbox 687 1762 843 1814; x_wconf 82' lang='lat' dir='ltr'>quoscunque.</span> 
     </span>
     <span class='ocr_line' id='line_1_24' title="bbox 46 1819 847 1885; baseline 0.004 -17"><span class='ocrx_word' id='word_1_209' title='bbox 46 1822 73 1869; x_wconf 73' lang='lat' dir='ltr'>du</span> <span class='ocrx_word' id='word_1_210' title='bbox 89 1825 201 1885; x_wconf 74' lang='lat' dir='ltr'>quantum</span> <span class='ocrx_word' id='word_1_211' title='bbox 218 1821 247 1870; x_wconf 87' lang='lat' dir='ltr'>ad</span> <span class='ocrx_word' id='word_1_212' title='bbox 260 1821 317 1881; x_wconf 81' lang='lat' dir='ltr'>bue,</span> <span class='ocrx_word' id='word_1_213' title='bbox 333 1823 358 1870; x_wconf 89' lang='grc' dir='ltr'>ει</span> <span class='ocrx_word' id='word_1_214' title='bbox 373 1819 502 1884; x_wconf 80' lang='lat' dir='ltr'>superiores</span> <span class='ocrx_word' id='word_1_215' title='bbox 516 1819 676 1884; x_wconf 72' lang='lat' dir='ltr'>inferioribus,</span> <span class='ocrx_word' id='word_1_216' title='bbox 691 1823 714 1871; x_wconf 90' lang='grc' dir='ltr'>ει</span> <span class='ocrx_word' id='word_1_217' title='bbox 727 1819 847 1874; x_wconf 74' lang='lat' dir='ltr'>inferiores</span> 
     </span>
     <span class='ocr_line' id='line_1_25' title="bbox 46 1890 575 1955; baseline 0.004 -16"><span class='ocrx_word' id='word_1_218' title='bbox 46 1890 201 1955; x_wconf 81' lang='lat' dir='ltr'>superioribus</span> <span class='ocrx_word' id='word_1_219' title='bbox 216 1891 346 1955; x_wconf 76' lang='lat' dir='ltr'>lequuntur.</span> <span class='ocrx_word' id='word_1_220' title='bbox 566 1901 575 1912; x_wconf 93' lang='lat'>·</span> 
     </span>
    </p>

    <p class='ocr_par' dir='ltr' id='par_1_3' title="bbox 77 1961 783 2028">
     <span class='ocr_line' id='line_1_26' title="bbox 77 1961 783 2028; baseline -0.001 -16"><span class='ocrx_word' id='word_1_221' title='bbox 77 1964 105 2013; x_wconf 80' lang='lat' dir='ltr'>El</span> <span class='ocrx_word' id='word_1_222' title='bbox 119 1977 163 2028; x_wconf 79' lang='lat' dir='ltr'>uer</span> <span class='ocrx_word' id='word_1_223' title='bbox 176 1965 223 2014; x_wconf 84' lang='lat' dir='ltr'>hue</span> <span class='ocrx_word' id='word_1_224' title='bbox 233 1965 297 2027; x_wconf 74' lang='lat' dir='ltr'>ualel</span> <span class='ocrx_word' id='word_1_225' title='bbox 309 1961 390 2013; x_wconf 81' lang='lat' dir='ltr'>solutio</span> <span class='ocrx_word' id='word_1_226' title='bbox 407 1963 436 2012; x_wconf 88' lang='lat' dir='ltr'>ad</span> <span class='ocrx_word' id='word_1_227' title='bbox 452 1961 551 2026; x_wconf 76' lang='lat' dir='ltr'>primum</span> <span class='ocrx_word' id='word_1_228' title='bbox 564 1965 588 2012; x_wconf 88' lang='grc' dir='ltr'>ει</span> <span class='ocrx_word' id='word_1_229' title='bbox 606 1963 634 2012; x_wconf 87' lang='lat' dir='ltr'>ad</span> <span class='ocrx_word' id='word_1_230' title='bbox 649 1963 783 2012; x_wconf 83' lang='lat' dir='ltr'>secuudum.</span> 
     </span>
    </p>

    <p class='ocr_par' dir='ltr' id='par_1_4' title="bbox 46 2033 846 2386">
     <span class='ocr_line' id='line_1_27' title="bbox 75 2033 846 2100; baseline -0.004 -15"><span class='ocrx_word' id='word_1_231' title='bbox 75 2036 110 2086; x_wconf 81' lang='lat' dir='ltr'>dd</span> <span class='ocrx_word' id='word_1_232' title='bbox 117 2035 213 2086; x_wconf 76' lang='lat' dir='ltr'>tertium</span> <span class='ocrx_word' id='word_1_233' title='bbox 223 2035 358 2096; x_wconf 87' lang='lat' dir='ltr'>dicendum,</span> <span class='ocrx_word' id='word_1_234' title='bbox 369 2034 429 2100; x_wconf 80' lang='lat' dir='ltr'>qudd</span> <span class='ocrx_word' id='word_1_235' title='bbox 438 2034 513 2084; x_wconf 86' lang='lat' dir='ltr'>umuis</span> <span class='ocrx_word' id='word_1_236' title='bbox 521 2033 562 2084; x_wconf 72' lang='lat' dir='ltr'>liei</span> <span class='ocrx_word' id='word_1_237' title='bbox 571 2033 655 2085; x_wconf 84' lang='lat' dir='ltr'>loeuliu</span> <span class='ocrx_word' id='word_1_238' title='bbox 669 2033 698 2084; x_wconf 87' lang='lat' dir='ltr'>ad</span> <span class='ocrx_word' id='word_1_239' title='bbox 709 2033 801 2096; x_wconf 78' lang='lat' dir='ltr'>angelus</span> <span class='ocrx_word' id='word_1_240' title='bbox 810 2036 846 2083; x_wconf 88' lang='grc' dir='ltr'>εει</span> 
     </span>
     <span class='ocr_line' id='line_1_28' title="bbox 46 2103 846 2185; baseline 0 -31"><span class='ocrx_word' id='word_1_241' title='bbox 46 2107 195 2185; x_wconf 81' lang='lat' dir='ltr'>illuminati03</span> <span class='ocrx_word' id='word_1_242' title='bbox 209 2107 277 2171; x_wconf 85' lang='lat' dir='ltr'>quia,</span> <span class='ocrx_word' id='word_1_243' title='bbox 292 2104 343 2156; x_wconf 85' lang='lat' dir='ltr'>edm</span> <span class='ocrx_word' id='word_1_244' title='bbox 354 2107 461 2157; x_wconf 71' lang='lat' dir='ltr'>uoluntas</span> <span class='ocrx_word' id='word_1_245' title='bbox 471 2105 551 2155; x_wconf 85' lang='lat' dir='ltr'>Deisil</span> <span class='ocrx_word' id='word_1_246' title='bbox 563 2105 639 2168; x_wconf 82' lang='lat' dir='ltr'>regula</span> <span class='ocrx_word' id='word_1_247' title='bbox 649 2103 764 2168; x_wconf 69' lang='grc' dir='ltr'><strong>εεείιειίῑ,</strong></span> <span class='ocrx_word' id='word_1_248' title='bbox 777 2103 846 2154; x_wconf 86' lang='lat' dir='ltr'>etiam</span> 
     </span>
     <span class='ocr_line' id='line_1_29' title="bbox 46 2174 846 2242; baseline -0.003 -15"><span class='ocrx_word' id='word_1_249' title='bbox 46 2178 100 2229; x_wconf 82' lang='lat' dir='ltr'>seire</span> <span class='ocrx_word' id='word_1_250' title='bbox 116 2178 172 2242; x_wconf 86' lang='lat' dir='ltr'>quid</span> <span class='ocrx_word' id='word_1_251' title='bbox 189 2178 250 2229; x_wconf 84' lang='lat' dir='ltr'>Deus</span> <span class='ocrx_word' id='word_1_252' title='bbox 270 2175 327 2227; x_wconf 79' lang='lat' dir='ltr'>velis</span> <span class='ocrx_word' id='word_1_253' title='bbox 334 2178 455 2241; x_wconf 86' lang='lat' dir='ltr'>‚perliuei</span> <span class='ocrx_word' id='word_1_254' title='bbox 473 2177 501 2226; x_wconf 88' lang='lat' dir='ltr'>ad</span> <span class='ocrx_word' id='word_1_255' title='bbox 515 2175 678 2240; x_wconf 80' lang='lat' dir='ltr'>perlectionem</span> <span class='ocrx_word' id='word_1_256' title='bbox 693 2179 716 2226; x_wconf 88' lang='lat' dir='ltr'>el</span> <span class='ocrx_word' id='word_1_257' title='bbox 732 2174 846 2225; x_wconf 83' lang='lat' dir='ltr'>illumina·</span> 
     </span>
     <span class='ocr_line' id='line_1_30' title="bbox 47 2245 846 2350; baseline -0.001 -52"><span class='ocrx_word' id='word_1_258' title='bbox 47 2250 130 2299; x_wconf 77' lang='lat' dir='ltr'>tionem</span> <span class='ocrx_word' id='word_1_259' title='bbox 144 2249 229 2300; x_wconf 82' lang='lat' dir='ltr'>mentis</span> <span class='ocrx_word' id='word_1_260' title='bbox 241 2252 333 2300; x_wconf 71' lang='lat' dir='ltr'>ereata</span> <span class='ocrx_word' id='word_1_261' title='bbox 347 2249 392 2300; x_wconf 83' lang='lat' dir='ltr'>Sed</span> <span class='ocrx_word' id='word_1_262' title='bbox 407 2262 454 2300; x_wconf 87' lang='lat' dir='ltr'>neu</span> <span class='ocrx_word' id='word_1_263' title='bbox 465 2250 501 2299; x_wconf 86' lang='grc' dir='ltr'>εει</span> <span class='ocrx_word' id='word_1_264' title='bbox 516 2245 595 2298; x_wconf 88' lang='lat' dir='ltr'>eadem</span> <span class='ocrx_word' id='word_1_265' title='bbox 608 2246 666 2298; x_wconf 80' lang='lat' dir='ltr'>rullo</span> <span class='ocrx_word' id='word_1_266' title='bbox 687 2245 715 2348; x_wconf 77' lang='lat' dir='ltr'>de</span> <span class='ocrx_word' id='word_1_267' title='bbox 728 2246 846 2350; x_wconf 75' lang='lat' dir='ltr'>uuluulale</span> 
     </span>
     <span class='ocr_line' id='line_1_31' title="bbox 46 2321 330 2387; baseline 0.004 -17"><span class='ocrx_word' id='word_1_268' title='bbox 46 2321 132 2387; x_wconf 80' lang='lat' dir='ltr'>angeli,</span> <span class='ocrx_word' id='word_1_269' title='bbox 147 2321 273 2372; x_wconf 77' lang='lat' dir='ltr'>uldlulum</span> <span class='ocrx_word' id='word_1_270' title='bbox 285 2323 330 2372; x_wconf 89' lang='grc' dir='ltr'><strong>εει.</strong></span> 
     </span>
    </p>
   </div>
   <div class='ocr_carea' id='block_1_3' title="bbox 339 2462 550 2517">
    <p class='ocr_par' dir='ltr' id='par_1_5' title="bbox 339 2462 550 2517">
     <span class='ocr_line' id='line_1_32' title="bbox 339 2462 550 2517; baseline -0.014 -1"><span class='ocrx_word' id='word_1_271' title='bbox 339 2462 497 2516; x_wconf 75' lang='lat' dir='ltr'>sumemus</span> <span class='ocrx_word' id='word_1_272' title='bbox 510 2463 550 2517; x_wconf 88' lang='lat'>111.</span> 
     </span>
    </p>
   </div>
   <div class='ocr_carea' id='block_1_4' title="bbox 219 2548 649 2630">
    <p class='ocr_par' dir='ltr' id='par_1_6' title="bbox 219 2548 649 2630">
     <span class='ocr_line' id='line_1_33' title="bbox 219 2548 649 2630; baseline -0.005 -12"><span class='ocrx_word' id='word_1_273' title='bbox 219 2548 228 2570; x_wconf 63' lang='lat'>⁸</span> <span class='ocrx_word' id='word_1_274' title='bbox 249 2573 335 2618; x_wconf 69' lang='lat' dir='ltr'>Utrum</span> <span class='ocrx_word' id='word_1_275' title='bbox 349 2575 450 2630; x_wconf 74' lang='lat' dir='ltr'>amyclas</span> <span class='ocrx_word' id='word_1_276' title='bbox 464 2573 515 2617; x_wconf 85' lang='lat' dir='ltr'>Dee</span> <span class='ocrx_word' id='word_1_277' title='bbox 529 2573 649 2629; x_wconf 76' lang='lat' dir='ltr'>loquatur.</span> 
     </span>
    </p>
   </div>
   <div class='ocr_carea' id='block_1_5' title="bbox 45 2679 846 2966">
    <p class='ocr_par' dir='ltr' id='par_1_7' title="bbox 45 2679 846 2966">
     <span class='ocr_line' id='line_1_34' title="bbox 74 2679 846 2746; baseline -0.008 -12"><span class='ocrx_word' id='word_1_278' title='bbox 74 2686 106 2736; x_wconf 79' lang='lat' dir='ltr'>ld</span> <span class='ocrx_word' id='word_1_279' title='bbox 127 2683 223 2736; x_wconf 76' lang='lat' dir='ltr'>tertium</span> <span class='ocrx_word' id='word_1_280' title='bbox 237 2681 426 2746; x_wconf 77' lang='lat' dir='ltr'>sic-prueudilur.</span> <span class='ocrx_word' id='word_1_281' title='bbox 440 2682 535 2733; x_wconf 73' lang='lat' dir='ltr'>Videtur</span> <span class='ocrx_word' id='word_1_282' title='bbox 548 2680 608 2745; x_wconf 78' lang='lat' dir='ltr'>qudd</span> <span class='ocrx_word' id='word_1_283' title='bbox 626 2679 721 2742; x_wconf 77' lang='lat' dir='ltr'>augelus</span> <span class='ocrx_word' id='word_1_284' title='bbox 738 2679 784 2732; x_wconf 85' lang='lat' dir='ltr'>ueo</span> <span class='ocrx_word' id='word_1_285' title='bbox 800 2691 846 2729; x_wconf 84' lang='lat' dir='ltr'>uun</span> 
     </span>
     <span class='ocr_line' id='line_1_35' title="bbox 45 2749 844 2820; baseline -0.006 -17"><span class='ocrx_word' id='word_1_286' title='bbox 45 2756 156 2820; x_wconf 77' lang='lat' dir='ltr'>loquatur.</span> <span class='ocrx_word' id='word_1_287' title='bbox 176 2753 271 2804; x_wconf 76' lang='lat' dir='ltr'>[acutis</span> <span class='ocrx_word' id='word_1_288' title='bbox 286 2753 349 2803; x_wconf 84' lang='lat' dir='ltr'>euim</span> <span class='ocrx_word' id='word_1_289' title='bbox 363 2757 398 2804; x_wconf 84' lang='lat' dir='ltr'>est</span> <span class='ocrx_word' id='word_1_290' title='bbox 412 2753 442 2804; x_wconf 86' lang='lat' dir='ltr'>ad</span> <span class='ocrx_word' id='word_1_291' title='bbox 457 2751 644 2804; x_wconf 82' lang='lat' dir='ltr'>uiiauileslaudum</span> <span class='ocrx_word' id='word_1_292' title='bbox 666 2751 751 2814; x_wconf 77' lang='lat' dir='ltr'>aliqudd</span> <span class='ocrx_word' id='word_1_293' title='bbox 771 2749 844 2800; x_wconf 83' lang='lat' dir='ltr'>alleri.</span> 
     </span>
     <span class='ocr_line' id='line_1_36' title="bbox 46 2820 843 2893; baseline -0.008 -18"><span class='ocrx_word' id='word_1_294' title='bbox 46 2829 87 2878; x_wconf 75' lang='lat' dir='ltr'>Sed</span> <span class='ocrx_word' id='word_1_295' title='bbox 104 2830 202 2893; x_wconf 72' lang='lat' dir='ltr'>angelus</span> <span class='ocrx_word' id='word_1_296' title='bbox 221 2825 279 2876; x_wconf 84' lang='lat' dir='ltr'>nihil</span> <span class='ocrx_word' id='word_1_297' title='bbox 293 2830 369 2889; x_wconf 76' lang='lat' dir='ltr'>usust</span> <span class='ocrx_word' id='word_1_298' title='bbox 388 2823 534 2877; x_wconf 76' lang='lat' dir='ltr'>maudeslaue</span> <span class='ocrx_word' id='word_1_299' title='bbox 550 2825 609 2888; x_wconf 77' lang='lat' dir='ltr'>deu,</span> <span class='ocrx_word' id='word_1_300' title='bbox 622 2824 662 2889; x_wconf 87' lang='lat' dir='ltr'>qui</span> <span class='ocrx_word' id='word_1_301' title='bbox 682 2822 759 2873; x_wconf 88' lang='lat' dir='ltr'>umuia</span> <span class='ocrx_word' id='word_1_302' title='bbox 773 2820 843 2870; x_wconf 73' lang='lat' dir='ltr'>nevil</span> 
     </span>
     <span class='ocr_line' id='line_1_37' title="bbox 48 2896 448 2966; baseline -0.008 -19"><span class='ocrx_word' id='word_1_303' title='bbox 48 2901 103 2961; x_wconf 76' lang='lat' dir='ltr'>Erga</span> <span class='ocrx_word' id='word_1_304' title='bbox 116 2901 214 2966; x_wconf 70' lang='lat' dir='ltr'>augelus</span> <span class='ocrx_word' id='word_1_305' title='bbox 226 2911 273 2950; x_wconf 89' lang='lat' dir='ltr'>uuu</span> <span class='ocrx_word' id='word_1_306' title='bbox 281 2896 380 2960; x_wconf 74' lang='lat' dir='ltr'>loquium</span> <span class='ocrx_word' id='word_1_307' title='bbox 393 2898 448 2948; x_wconf 85' lang='lat' dir='ltr'>ileu.</span> 
     </span>
    </p>
   </div>
   <div class='ocr_carea' id='block_1_6' title="bbox 0 0 996 3309">
    <p class='ocr_par' dir='ltr' id='par_1_8' title="bbox 0 0 996 3309">
     <span class='ocr_line' id='line_1_38' title="bbox 0 0 996 3309; baseline 0 0"><span class='ocrx_word' id='word_1_308' title='bbox 0 0 996 3309; x_wconf 95' lang='lat' dir='ltr'> </span> 
     </span>
    </p>
   </div>
  </div>
 </body>
</html>
