1984 3309
131 122 177 169 784
280 128 357 169 anm
370 126 497 178 ΙΕΕΠΝΜ,
511 125 605 173 onm.
622 127 654 178 Χ,
670 126 727 165 ffl.
744 128 783 166 m.

132 217 276 271 consequens
290 220 333 257 nee
342 204 473 257 voluntatis.
486 203 613 268 Aliquando
622 207 700 255 autem
709 205 772 255 ratio
781 217 835 255 non
841 206 942 257 totaliter
974 173 976 284 ἰ

131 278 265 331 absorbetur
285 275 435 341 tpassiune,
461 274 501 327 sed
523 277 643 338 remanet,
658 278 774 338 qnantum
793 278 824 327 ad
843 278 942 341 aliquid,
974 289 976 344 Ι

130 349 243 414 judicium
258 347 352 398 rationis
366 348 475 411 liberum3
492 349 516 397 et
529 345 655 397 meundbm
668 348 714 398 boe
729 352 841 399 remanet
859 350 943 413 aliquid

132 420 160 474 de
175 424 238 471 motu
255 419 388 473 voluntatis.
402 420 431 469 Iu
443 421 554 482 quantum
566 432 621 481 ergo
640 417 699 468 ratio
716 424 801 471 manet
815 420 908 483 libera,
923 426 944 469 et

132 490 233 555 passioni
245 503 292 541 non
303 490 418 554 subjecta,
432 490 458 539 iu
473 493 563 544 lantum
575 489 699 540 vduntatis
708 494 788 541 mutus
797 491 846 554 qui
856 497 941 552 manet,

132 576 180 613 non
192 575 222 611 ea
235 562 371 613 neaemitate
387 562 461 613 tendit
474 562 503 619 ed
518 563 562 613 bue
574 562 603 611 ad
613 561 675 624 quud
689 561 772 625 passio
784 561 889 613 inclinat
901 579 907 611 :
922 568 943 611 et

133 632 166 685 sie
185 637 226 683 aut
238 637 313 684 motus
326 634 450 685 voluntatis
463 646 511 685 non
523 638 559 685 est
578 634 604 683 in
619 632 726 697 bomine,
739 634 785 685 sed
798 636 855 686 sola
872 635 943 700 passio

132 704 273 769 dominatur3
291 708 331 763 aut
350 706 370 757 si
390 708 466 757 motus
486 706 613 758 voluntatis
628 704 673 766 sit,
686 717 735 754 non
755 718 789 755 ex
806 707 943 759 neeeaeilute

131 778 232 842 sequitur
245 778 382 841 passionem.

165 850 199 901 ld
217 850 316 914 primum
328 863 381 915 erqo
397 849 532 910 dicendum,
541 848 604 913 qudi
615 848 661 899 etsi
675 850 788 901 uduntas
810 864 863 903 nou
876 853 943 917 posui

133 923 209 975 latero
223 921 280 986 quin
293 925 368 973 motus
382 920 575 985 consupiscentiae
587 920 704 984 insurget,
716 922 746 971 de
759 935 809 985 que
820 924 942 988 Apostolus

133 992 201 1056 dicit,
219 994 300 1049 llum„
315 994 355 1043 llll
373 1008 378 1043 :
395 1009 409 1039 n
421 992 484 1050 Quod
499 990 538 1042 odi
553 991 650 1051 malum,
664 990 722 1041 illud
735 991 809 1056 meio,
821 1010 838 1042 u
858 995 884 1045 id
900 999 941 1055 est,

133 1066 292 1127 concupitum
311 1069 388 1115 tamen
401 1067 476 1129 potest
495 1064 600 1114 uoluntas
618 1075 666 1113 nou
682 1063 744 1115 aelle
765 1067 941 1130 uuneupisuere,

134 1204 236 1269 sequitur
250 1207 441 1271 concupiscentie
454 1210 550 1259 motum

166 1281 342 1334 sesecundum
363 1280 494 1343 diuenuuru,
508 1279 570 1343 qubd
586 1279 640 1330 ebur
661 1280 686 1328 in
705 1280 804 1331 bomine
827 1282 884 1333 dure
903 1283 943 1332 siut

136 1356 235 1413 natura,
251 1352 408 1403 intellectualis
419 1351 506 1403 seilicet
518 1355 542 1403 et
555 1350 680 1410 sensitiva,
694 1352 838 1417 quandoque
853 1354 941 1419 quidem

136 1427 172 1473 est
183 1425 251 1473 homo
267 1423 371 1487 aliqualis
383 1422 525 1473 uniformiter
534 1422 660 1477 seeundlrm
669 1426 741 1473 totam
755 1424 879 1486 animam3
892 1425 941 1488 quia

136 1494 224 1545 scilieet
236 1496 274 1545 rel
285 1508 339 1559 pars
347 1494 459 1547 sensitiva
469 1494 569 1545 totaliter
581 1493 700 1558 subjicitur
707 1494 806 1559 rationi,
815 1496 880 1547 sieut
890 1511 941 1547 ‹ou-

136 1565 238 1627 tingitis
256 1564 377 1631 virtuosis,
393 1567 430 1617 vel
443 1565 580 1616 econverso
594 1565 652 1616 rutiu
665 1564 770 1616 totaliter
784 1567 941 1620 absorbetur'a

136 1637 254 1701 passione,
267 1638 327 1687 sieut
335 1636 418 1689 erudit
429 1638 454 1687 iu
468 1636 605 1687 amentibus.
616 1636 661 1687 sed
675 1636 816 1702 aliquando,
826 1640 873 1690 etsi
888 1639 940 1688 ratio

136 1706 279 1757 obnubiletur
298 1707 311 1757 l
325 1709 449 1771 passione,
459 1710 563 1758 remanet
579 1711 658 1757 tamen
671 1705 759 1770 aliqmd
774 1709 872 1761 rationis
889 1711 942 1760 bbe-

135 1790 200 1841 rum,
213 1780 237 1828 et
252 1779 375 1831 seemdbm
389 1782 436 1836 hoo
447 1782 524 1843 potest
539 1778 621 1843 uliquis
635 1778 673 1829 vel
687 1778 790 1830 totalitas
807 1782 940 1845 passionem

135 1850 262 1915 repellere,
278 1853 315 1902 vel
335 1853 416 1903 saltem
431 1865 456 1903 se
469 1856 565 1913 tenere,
578 1864 609 1901 ue
628 1850 759 1915 passionem
777 1854 939 1917 sequutur3in

136 1920 178 1973 tali
197 1922 258 1972 enim
274 1923 440 1987 dispositione,
453 1922 515 1987 quia,
526 1925 596 1974 bomo
607 1922 735 1974 seeumdbm
748 1922 853 1975 diversas
865 1929 940 1989 partes

137 1994 218 2047 anima
230 1994 382 2047 diversimode
396 1995 534 2058 disponitur,
545 1995 608 2047 aliud
624 1993 746 2045 dividetur
760 1995 889 2047 seeundbm
906 2009 939 2045 ra-

137 2065 238 2129 tionem,
251 2070 275 2117 et
287 2065 349 2116 aliud
361 2066 487 2118 seeumbm
500 2066 638 2131 passionem.
703 2103 707 2107 -
753 2087 756 2089 ·

169 2139 203 2189 ltu
219 2137 313 2195 tertium
331 2137 468 2199 dicendum,
482 2137 543 2202 qubd
557 2138 662 2189 adunus
676 2150 724 2190 uun
744 2139 823 2191 solium
840 2145 939 2191 moretur

138 2209 152 2259 l
170 2210 231 2263 bono
248 2208 371 2260 umuersall
385 2210 528 2273 apprehense
541 2210 714 2274 perustionem,
726 2210 850 2266 mustum
860 2211 938 2263 lbere

138 2281 281 2343 apprehenso
291 2294 333 2346 per
346 2292 439 2333 sensum
449 2296 456 2329 r
468 2280 553 2335 et'ideo
563 2284 641 2345 potest
651 2280 739 2332 moueri
748 2282 778 2333 ad
790 2284 884 2347 aliquod
891 2297 939 2348 par·

138 2350 233 2403 tieulare
257 2353 340 2406 bouum
364 2354 447 2417 absque
471 2349 577 2416 passione
599 2352 717 2418 appetitis
733 2355 855 2420 sensitiu3
873 2357 938 2406 multa

138 2422 200 2475 onim
213 2424 356 2475 volumuset
369 2438 490 2488 operamur
497 2426 584 2489 absque
597 2425 716 2490 passione,
728 2439 772 2489 per
785 2428 860 2479 solum
872 2440 938 2492 appe·

37 2561 39 2565 Δ
138 2492 195 2543 titus
207 2494 357 2560 electionem,
375 2500 400 2546 ut
414 2499 476 2560 patet
490 2496 515 2547 in
524 2496 562 2549 bis
574 2497 689 2563 inquibus
702 2498 760 2550 ratio
771 2499 881 2551 renititur
893 2514 938 2564 pas

133 1138 174 1185 sut
186 1136 378 1199 concupiscentie
391 1150 438 1187 non
452 1134 594 1197 consentire,
609 1134 679 1185 etsie
695 1147 742 1185 nun
758 1148 791 1185 ex
805 1139 942 1190 neomutus

139 2564 207 2617 sioni.
974 2601 976 2634 Ι

974 2639 976 2730 l

974 2739 976 2786 Ι
