1984 3309
134 188 167 230 ns
179 191 220 229 ms
235 189 258 228 uf
272 187 357 235 wreus
372 187 473 229 mitiis
487 187 621 229 timidum
634 187 764 228 notitiem.
805 179 851 226 069

49 268 181 319 treminisin
191 265 497 331 tonsunperisaunsistere
503 268 654 332 prepterdne.
663 265 849 330 Primdquidern,

49 341 101 404 qnia
120 338 262 404 impossibile
277 344 311 390 est
330 340 390 402 quud
408 338 469 389 iltius
483 337 532 402 rei,
544 352 597 402 qus
615 337 731 388 ordinatur
748 336 851 386 adalind

49 415 107 464 sient
119 413 247 473 adfinem,
260 411 354 462 ultimus
364 411 417 462 finis
433 409 464 461 sit
475 411 578 474 ejusdem
591 409 734 461 conservatio
749 409 774 458 in
792 423 850 459 esse.

49 488 110 538 Unde
123 485 264 548 gubernatu
277 497 323 534 non
336 483 436 533 intendit
449 481 509 532 sieut
520 482 625 532 ultimum
637 481 721 544 finem,
730 493 853 531 consena-

49 558 136 608 tionem
152 555 220 606 navis
231 554 275 604 stuf
289 555 429 617 rummiens,
441 554 538 617 eoquod
551 552 617 602 naris
628 554 655 604 ad
668 551 854 602 affudordinatnr

51 631 107 680 sicut
126 628 151 680 in
171 628 254 689 imm,
273 625 360 678 seilicet
381 627 408 676 ad
430 625 593 689 nauigandum.
608 624 671 674 Sicut
687 628 766 674 autern
787 621 854 673 naris

50 699 199 752 summittitur
212 698 356 762 gubernatori
368 699 395 748 ad
406 697 553 760 dirigendum
565 713 571 744 :
583 697 617 746 ita
627 699 696 746 terne
706 700 742 746 est
755 708 803 746 snae
812 705 853 744 ve-

51 771 131 822 tuntati
154 775 179 822 et
202 769 285 820 udoni
302 769 448 831 commissus,
469 769 594 818 seeundum
616 767 671 817 iffnd
690 768 750 830 quud
771 765 854 816 dicitnr

52 845 141 903 ticeli,
155 843 214 892 XV:
230 843 312 891 «Deus
325 841 353 890 ab
365 840 431 892 initio
451 838 568 890 constituit
580 837 709 900 homnem,
725 840 750 887 et
762 836 854 900 retinuit

51 929 101 965 eun
113 915 139 965 in
150 927 219 964 mann
231 912 320 964 consilii
330 912 375 963 sui.
387 928 401 958 u
411 911 556 964 Manifestum
565 913 602 961 est
611 913 699 973 antem,
710 909 771 972 qutd
781 911 852 958 honre

51 987 200 1038 ordinaturad
211 983 295 1048 aliquid
306 984 364 1034 sient
373 985 402 1034 ad
409 985 486 1047 finem,
493 996 540 1034 non
549 982 611 1033 enim
618 983 688 1032 herne
696 985 731 1032 est
740 993 852 1030 summurn

51 1061 142 1110 tenum.
156 1058 221 1109 finde
242 1055 382 1120 impossibiie
400 1059 448 1118 est,
464 1055 524 1118 qued
542 1054 636 1103 uttinrus
655 1053 707 1102 fisis
722 1051 817 1102 rationis
830 1054 854 1101 et

51 1130 175 1184 voluntatis
184 1131 292 1180 humana
304 1128 333 1178 sit
343 1125 484 1179 conservatio
496 1125 591 1176 humaui
599 1139 658 1174 esse.
671 1122 790 1187 Secundi,
800 1122 854 1186 quia

50 1203 101 1253 dato
110 1202 173 1266 quod
183 1199 236 1250 finis
248 1198 342 1249 rationis
352 1201 375 1250 et
384 1195 507 1248 uoluntatis
520 1198 625 1248 humana
636 1199 697 1246 esset
707 1194 852 1246 conservatio
909 1251 913 1255 ,

51 1273 222 1330 tumeriense,
235 1283 281 1322 nun
295 1275 376 1322 tanuen.
385 1273 461 1334 posset
477 1267 521 1319 diei
535 1267 595 1331 quud
607 1267 660 1318 finis
673 1265 774 1318 heminis
793 1270 854 1315 esset

52 1345 140 1410 aliquod
155 1343 256 1412 corperis
269 1343 370 1406 bunum3
383 1355 433 1390 erse
444 1341 506 1390 enim
516 1337 617 1389 hominis
626 1337 733 1388 consistit
742 1336 768 1386 in
778 1335 854 1386 anima

53 1422 74 1467 et
91 1419 115 1468 Ιιιι
127 1427 222 1482 corpore
234 1429 241 1464 :
255 1417 279 1464 et
291 1412 396 1477 quamuis
410 1425 460 1460 ease
474 1408 575 1474 corporis
587 1408 714 1472 dependeat
727 1408 755 1457 ab
768 1407 852 1469 anima,

52 1505 99 1539 esse
110 1492 188 1540 tamen
198 1487 304 1538 hnmanae
316 1483 397 1534 anirnae
409 1497 453 1534 nun
469 1482 583 1548 dependet
598 1479 612 1531 i
627 1492 733 1544 serpere,
748 1483 773 1529 ut
787 1476 854 1542 suprd

53 1567 168 1612 ostensum
188 1562 223 1610 est
239 1559 274 1621 (Ι.
287 1561 345 1622 part.
360 1571 400 1620 qu.
419 1559 448 1604 ft
462 1559 485 1605 et
499 1569 538 1618 pu.
554 1558 593 1602 95.
602 1551 627 1616 ),
639 1550 758 1615 ipsumque
772 1563 854 1614 cerpus

52 1638 86 1684 est
97 1636 190 1698 prepter
205 1629 314 1694 aninam,
326 1629 385 1679 sieut
400 1627 494 1678 materia
509 1630 601 1690 prepter
613 1625 722 1686 formam,
735 1627 758 1687 et
770 1622 855 1672 insuu-

53 1709 127 1756 menta
136 1705 229 1770 propter
241 1705 360 1764 meterem,
371 1703 397 1750 ut
407 1711 485 1764 peres
495 1710 548 1748 suas
559 1695 659 1746 actiones
667 1696 778 1745 exerceat.
792 1693 853 1742 finde

53 1777 197 1828 omniabena
207 1774 309 1838 corporis
321 1772 453 1824 ordinantur
462 1772 490 1822 ad
499 1771 559 1820 bona
569 1768 650 1820 aninrae
661 1767 722 1820 sieut
729 1767 758 1817 ad
768 1766 851 1816 finem:

54 1851 112 1900 unde
129 1845 271 1914 impossibiie
291 1847 327 1896 est
347 1843 406 1908 quod
427 1842 452 1892 in
469 1842 535 1893 bonis
549 1841 650 1905 corperis
667 1838 854 1895 teatitndneou·

53 1923 118 1972 sistat
124 1960 132 1986 ‚,
149 1921 248 1985 quaeest
262 1915 431 1966 ultimusfinis.

82 1995 116 2044 Ad
136 1991 237 2058 primum
250 2001 304 2056 ergo
317 1987 446 2050 dicendum,
456 1984 516 2050 qudd
533 1985 591 2036 sient
601 1996 682 2046 corpus
696 1980 812 2042 ordinatur
824 1978 854 2028 ad

55 2067 151 2116 animaru
165 2064 225 2116 sieut
238 2062 267 2112 ad
282 2060 364 2124 tinem3
376 2058 479 2118 itabens
490 2056 603 2107 exteriora
616 2053 733 2116 adipsum
748 2063 831 2113 eorpus
845 2066 851 2100 :

54 2143 76 2187 rt
92 2138 143 2188 iden
155 2132 319 2186 rationabiliter
334 2132 418 2182 bonurn
433 2128 533 2193 eorporis
546 2127 665 2192 prefertur
675 2123 742 2173 honis
756 2120 855 2171 exterie-

54 2211 129 2274 ribus,
144 2221 196 2272 qne
215 2220 257 2272 per
273 2217 365 2256 censum
381 2201 549 2266 significantur,
561 2198 619 2248 sieut
632 2200 656 2246 et
667 2197 751 2245 tonum
773 2191 855 2242 animae

56 2280 170 2345 prefertur
186 2277 295 2330 anninus
306 2275 372 2326 dunis
385 2272 494 2338 corperis.

84 2353 259 2404 ddseenndnm
279 2347 415 2407 dicendum,
430 2345 491 2409 qued
508 2358 559 2413 eene
574 2339 708 2406 simpliciter
721 2339 855 2400 aeeeptnnr,

55 2427 177 2477 usandum
194 2423 255 2488 quud
269 2421 366 2471 includit
379 2420 403 2468 in
420 2427 549 2469 sermnem
564 2411 728 2478 perfectionem
749 2408 853 2469 essendi,

54 2497 185 2561 praeeminet
198 2495 254 2544 vitu
265 2495 288 2542 et
297 2487 401 2541 omnibus
411 2485 588 2552 perfectionibus
597 2478 807 2549 subsequentibus:
820 2477 855 2528 siu

55 2571 121 2633 igitur
133 2569 210 2633 ipsum
228 2579 279 2614 esse
294 2563 412 2628 pretatet
430 2559 453 2610 in
466 2572 490 2610 se
507 2557 583 2610 emnia
599 2556 658 2605 buna
676 2548 854 2614 subsequentia,

56 2645 76 2690 et
88 2643 131 2692 hec
145 2639 213 2690 medo
224 2632 350 2699 Dionysius
359 2631 465 2696 loquitur.
475 2631 518 2680 Sed
527 2629 548 2678 si
558 2626 712 2679 consideretur
720 2621 794 2685 ipsum
804 2634 855 2668 esse

57 2716 119 2775 preat
133 2708 284 2778 participatur
296 2704 322 2755 in
341 2705 384 2754 hae
401 2717 440 2764 re,
457 2701 495 2752 uel
511 2700 536 2749 in
556 2698 609 2760 itia,
627 2709 678 2762 quse
698 2705 745 2742 uon
761 2690 856 2753 sapiunt

57 2789 123 2836 toturn
146 2779 314 2849 perfectionem
333 2775 439 2836 essendi,
456 2773 496 2824 sed
510 2771 597 2821 habent
617 2781 669 2818 esse
683 2762 854 2826 imperfectum,

57 2856 113 2906 sieut
128 2861 165 2908 est
182 2868 234 2907 esee
247 2849 372 2915 enjueiihet
389 2849 512 2908 ereaturae3
526 2842 561 2893 sie
580 2839 727 2891 minifestum
743 2835 779 2881 est
795 2831 855 2893 qudd

59 2925 129 2991 ipsum
141 2941 193 2980 esse
206 2936 260 2974 eum
274 2917 413 2986 perfectione
424 2914 568 2980 superaddite
578 2915 615 2963 est
629 2903 766 2961 eminentius
777 2921 785 2949 ι
795 2902 855 2952 unde
