1984 3309
139 175 188 224 tte
301 180 625 232 nmnuuenmunsr.
640 181 663 231 1,
678 181 782 222 sucus.

169 261 303 314 Scdoom
312 263 362 322 est,
373 260 436 326 quod
449 259 504 312 dicit
517 259 668 323 nomnen,
678 259 737 310 iiix
750 259 877 310 Decipit.
892 259 935 309 Bet

140 336 208 400 (cup.
220 337 268 396 tt:
285 331 369 383 «itud
380 334 416 384 set
430 331 549 383 ttnisboni
563 331 648 395 noem,
663 331 826 396 propterquod
839 336 938 383 umuuun

139 411 239 470 utere,
252 405 310 457 itud
326 407 403 455 entem
418 407 511 468 proptor
520 404 654 470 scipsum.»
823 445 825 450 .

170 479 181 543 (
189 481 331 530 manue.
341 499 371 516 ··
380 474 438 526 Gdn
452 474 545 528 uttinus
564 474 616 526 finis
632 475 677 526 hoc
688 473 756 526 modo
771 487 796 525 se
815 475 902 528 hubent
919 475 940 526 iu

139 549 254 602 mouendo
262 546 398 612 appetitum,
408 545 469 597 sicut
477 559 503 596 se
512 545 582 597 hebet
592 545 618 596 in
631 544 681 595 eliis
695 544 838 596 motionibus
848 545 941 610 punem

140 633 250 683 nosen,
264 617 314 669 siue
328 630 375 681 quo
388 629 435 668 non
450 619 545 668 mouent
557 629 633 668 ceusu
651 615 765 680 uuunde,
778 620 876 682 oportet
888 628 941 681 quc·

141 703 233 756 cunque
244 688 295 739 uult
307 690 386 752 hono,
399 689 456 739 vetit
467 693 561 754 propter
573 688 678 740 uitiosum
693 688 785 752 ticeni)

171 761 305 827 despondeo
324 760 460 826 immun,
473 760 535 826 qudd
550 773 645 812 necesse
662 763 698 812 est
719 759 782 823 qudd
801 761 886 814 omnia
900 775 942 826 que

141 835 212 886 horno
224 832 324 898 appetit,
334 836 427 898 appetu
436 835 528 898 propter
539 831 644 882 ultimum
658 831 740 895 inen3
756 837 781 882 et
794 833 845 884 hoe
856 838 942 898 apparet

140 905 227 972 duplici
245 905 342 957 atione.
358 904 434 955 Prinnd
447 905 554 969 quidem,
573 903 628 968 quie
640 903 746 967 quicquid
763 905 838 956 homo
853 904 941 969 appetit,

139 977 228 1046 uppctit
244 977 285 1028 soh
305 977 394 1029 rationo
412 975 467 1026 boni
482 991 488 1025 :
504 976 565 1040 quud
584 974 676 1039 quiden
691 973 711 1024 si
728 987 776 1024 nou
794 973 942 1040 appetiturut

45 1075 48 1081 ·
140 1049 225 1101 tcuun
235 1048 442 1113 perfectum.quod
453 1044 827 1106 estuitimnstinis,uecesseest
842 1051 942 1112 utuppe-
975 1089 976 1096 ,

140 1123 201 1171 tatur
213 1125 240 1170 nt
257 1121 352 1171 tendens
366 1117 391 1170 in
403 1118 489 1170 ionum
501 1117 643 1182 perfectum,
657 1117 710 1180 quio
723 1130 816 1180 semper
831 1118 941 1170 inchoatio

140 1191 237 1257 aiicujus
249 1191 366 1244 ordinetur
376 1191 405 1242 nd
421 1189 638 1241 compunctionem
651 1187 736 1252 ipsius;
746 1187 812 1240 sicut
822 1194 892 1255 putet
904 1194 941 1240 tan

140 1264 166 1315 iu
177 1263 216 1315 nis
228 1276 279 1329 qun
292 1264 352 1316 dunt
365 1263 483 1326 iectura,
495 1261 565 1327 quem
577 1262 602 1314 iu
612 1261 649 1311 his
664 1274 715 1326 que
729 1261 791 1312 dunt
801 1263 833 1314 ab
851 1268 912 1327 nrte3
924 1268 942 1314 et

141 1335 175 1388 itu
187 1336 262 1387 omnis
272 1336 388 1388 inchoatio
397 1333 544 1400 perfectionis
553 1332 668 1384 ordinetur
677 1331 702 1382 in
710 1333 886 1397 perfectionem
895 1349 942 1386 cou-

142 1412 291 1473 munuum,
307 1421 359 1474 que
372 1411 407 1459 eut
424 1410 519 1472 propter
532 1406 640 1456 ultimum
656 1405 734 1456 duem.
756 1405 885 1472 Secundi,
897 1407 941 1472 quie

140 1479 237 1533 ultimus
248 1481 300 1531 duis
312 1482 356 1532 hoc
367 1481 434 1531 ωοᾱο
448 1492 473 1530 se
486 1479 556 1529 hebet
569 1478 593 1528 in
607 1479 719 1529 movendo
730 1479 880 1545 appetitum,
893 1480 940 1531 sicut

142 1566 168 1604 se
181 1553 250 1603 habet
262 1552 287 1602 iu
301 1552 353 1604 eliis
366 1551 506 1604 motionibus
520 1550 618 1616 primum
634 1564 737 1602 movens.
748 1551 900 1604 ,Manifestum
912 1556 940 1604 est

142 1627 218 1674 euwm
233 1622 293 1687 qudd
304 1636 378 1676 cause
393 1623 500 1676 secunde
513 1625 630 1674 mouentes
641 1635 686 1673 non
695 1625 790 1673 monem
799 1624 849 1675 uisi
863 1637 939 1676 secun

142 1693 196 1744 dim
206 1694 268 1758 quod
282 1699 401 1746 mouentur
414 1695 427 1746 i
438 1695 512 1760 primo
527 1697 641 1745 movente.
657 1693 720 1745 Unde
737 1697 846 1746 wcunda
863 1695 939 1763 appeti·

141 1765 197 1817 titia
210 1779 257 1817 non
268 1771 363 1818 movent
371 1766 497 1832 eppcdtum
510 1766 556 1816 uisi
569 1766 593 1818 in
605 1763 685 1818 'ordinm
699 1767 727 1816 cd
741 1765 847 1830 primurn
861 1767 939 1834 appeti·

143 1835 428 1902 tilu‚quodcstnltimus
445 1838 506 1889 duis.
977 1871 978 1878 κ

174 1910 207 1960 dd
225 1909 324 1973 pronun
335 1923 389 1975 crgo
402 1910 538 1971 dicendum,
551 1909 613 1974 qudd
624 1909 726 1962 usiones
738 1909 838 1964 ludicres
849 1924 897 1962 nou
907 1925 940 1961 cr·

142 1979 249 2032 dinentn
256 1983 285 2032 ed
295 1981 393 2047 siquem
402 1981 471 2032 mom
478 1981 648 2045 extrinsecum
660 1981 700 2032 sed
710 1981 802 2032 cutim
811 1983 940 2034 ordinentur

142 2053 171 2103 ed
182 2053 268 2104 bonum
280 2053 353 2119 ipsius
364 2052 475 2116 ludentis,
486 2056 555 2118 prout
569 2057 623 2104 sunt
635 2053 773 2104 delectantes
787 2054 827 2104 vei
842 2055 941 2119 requiem
976 2067 978 2122 p

141 2127 274 2189 prestantes
288 2126 389 2177 :mcum
402 2129 479 2176 nutem
494 2127 676 2177 consummatum
689 2124 792 2176 homnis
805 2129 844 2177 ost
854 2127 942 2178 uiuus
977 2123 978 2132 ’

142 2196 267 2261 nunejus.
685 2227 688 2232 -

173 2269 203 2318 Et
216 2268 321 2321 similiter
335 2270 453 2323 dicendum
466 2272 497 2321 cd
512 2271 637 2322 senodum
651 2271 679 2322 de
696 2269 792 2322 scientie
804 2272 940 2336 specntntire

142 2355 192 2405 que
205 2342 319 2406 appetitur
329 2342 449 2394 othonum
465 2344 580 2408 quoddam
597 2342 748 2408 speculantis,
764 2342 827 2407 qudd
846 2357 941 2410 compre

141 2412 250 2464 itenditur
259 2414 303 2464 sui
312 2414 374 2466 hono
381 2416 492 2480 completo
503 2420 528 2468 et
539 2416 654 2480 perfecte,
666 2415 727 2479 quod
738 2418 772 2466 est
781 2415 878 2468 ultimus
887 2417 939 2467 dois.

174 2485 208 2535 dd
220 2486 314 2536 tertium
328 2486 460 2551 dicendum,
477 2488 539 2553 qudd
554 2502 600 2542 nou
617 2491 707 2554 oportet
717 2490 744 2538 ut
759 2501 854 2553 semper
867 2489 941 2554 diquis

141 2557 226 2620 cogitet
238 2559 267 2608 de
278 2559 360 2610 ultimo
375 2560 435 2625 tine,
447 2562 627 2626 quandocunque
641 2559 727 2624 utquid
739 2560 830 2624 appetit
842 2562 882 2612 uel
891 2575 941 2626 ope

141 2632 216 2691 retur;
228 2630 268 2679 sed
282 2629 356 2681 vicus
367 2632 446 2695 prime
461 2627 674 2698 nocturnisque
691 2635 726 2683 est
744 2636 855 2696 respectu
873 2633 941 2684 uitini

142 2697 210 2759 finis,
231 2702 308 2749 menet
329 2700 354 2749 in
372 2703 474 2765 quolibet
491 2705 597 2770 appetitu
612 2705 771 2769 cujuscunque
788 2702 835 2768 rei,
857 2705 941 2756 etumsi

141 2768 169 2818 de
181 2768 264 2846 ultimo
277 2769 324 2848 dne
337 2774 390 2822 edu
403 2788 450 2826 uon
460 2775 586 2840 cogitetur3
597 2776 658 2828 sicut
671 2789 719 2828 non
729 2777 820 2840 oportet
831 2775 893 2842 qudd
906 2776 940 2841 qui

141 2839 204 2888 thlt
212 2851 257 2900 per
270 2851 344 2903 mm,
362 2841 388 2894 in
398 2846 502 2908 quodbet
512 2861 581 2912 peesu
591 2847 677 2910 cogitet
689 2848 717 2898 dc
730 2846 784 2898 tine.
