1984 3309
207 186 237 229 D!
251 186 318 229 low
331 186 360 226 nr
376 184 466 227 113111
477 185 652 229 ΙΙΙΗΜΙ.
782 177 832 225 m

325 354 481 407 temetum
493 354 543 405 VII.

73 477 150 523 Utrum
158 490 232 525 sumn
241 481 263 525 ct
272 479 379 525 carnatem
391 490 443 523 rem
452 446 516 585 neuere
524 478 574 523 ulto
581 477 806 534 muneremunere

395 554 475 598 pesce.
525 597 528 602 Ι

72 668 101 717 Id
113 668 233 733 septimum
246 670 280 719 sic
288 666 418 734 proceditur
425 668 468 733 (l).
478 668 573 719 Videtur
581 668 641 734 qudd
655 683 724 721 ranam
735 674 758 723 et
772 685 833 723 cam-

48 737 88 787 dcur
100 753 143 792 mm
159 755 219 791 unus
232 740 279 791 elic
294 738 375 791 melitus
389 740 518 804 intelligere
530 754 577 791 uon
585 741 666 805 possit.
678 741 764 795 Dicitur
772 742 833 793 cutm

49 808 106 861 iulii.
117 812 225 863 LXXXIII
240 812 414 873 Quoectc'uuum
428 812 477 880 (qu.
488 811 529 875 dt)
542 828 548 861 2
565 812 696 877 «Quisquis
704 814 773 863 ullam
784 828 833 865 rem

49 881 99 931 nlilcr
110 884 173 949 qulm
186 888 237 943 est,
253 881 376 945 intelligit,
390 896 437 935 uun
450 897 501 935 eam
516 884 631 947 iutelligit.
650 885 723 944 Quare
738 899 783 937 neu
798 889 835 938 est

50 952 174 1006 dubitandum
186 969 239 1007 esse
247 956 373 1021 perfectam
384 954 568 1019 intellgendum,
578 969 623 1020 que
630 940 834 1021 praesentialem

50 1036 86 1072 unu
97 1027 173 1091 pessitg
193 1030 218 1079 et
232 1026 285 1077 ideo
299 1039 345 1076 nou
361 1029 396 1077 est
409 1039 450 1091 per
465 1026 582 1079 infinitum
592 1027 636 1090 ire,
650 1026 716 1091 ,quta
726 1027 835 1093 quelibet

50 1108 79 1144 res
88 1097 222 1162 intelligitur,
238 1111 282 1149 nec
296 1110 346 1149 eam
360 1112 428 1161 pesse
440 1095 511 1149 elium
524 1099 567 1149 aliu
584 1098 635 1164 plus
647 1100 781 1165 intelligere.
793 1117 807 1147 n

72 1169 90 1218 2
103 1170 228 1234 Praeterea,
243 1168 373 1221 intellectus
385 1170 535 1235 intelligendo
548 1184 617 1223 verus
631 1176 676 1225 est.
692 1172 780 1223 Veritas
793 1186 834 1225 au·

47 1241 82 1289 leun
92 1241 136 1309 ctum
145 1244 176 1294 sit
184 1242 308 1307 aequalitas
318 1244 421 1307 quedam
433 1242 563 1293 intellectis
572 1246 595 1293 et
603 1242 638 1295 rei
647 1244 691 1307 (tl,
699 1257 746 1295 unu
754 1244 835 1310 recipit

49 1314 113 1377 magis
124 1320 146 1365 et
164 1317 267 1378 minus,·
279 1326 326 1365 non
340 1314 403 1365 enim
415 1313 508 1381 proprie
527 1314 610 1365 dicitur
623 1314 708 1380 aliquid
719 1316 793 1381 magle
808 1320 834 1368 et

48 1383 106 1437 uluis
120 1389 219 1453 equale.
234 1388 295 1449 Ergu
318 1398 392 1450 neque
409 1385 482 1449 magis
496 1390 520 1436 ct
537 1384 614 1439 miuus
627 1386 713 1452 aliquid
734 1387 833 1453 intelllgi

47 1453 119 1507 liclim.

69 1530 86 1577 3.
103 1530 230 1592 Pretmen,
247 1528 376 1582 intellectus
389 1532 425 1580 est
442 1528 465 1579 id
484 1530 545 1594 quod
558 1532 595 1581 est
606 1529 790 1584 turmalissimum
808 1532 833 1583 iu

46 1598 126 1653 tinnire.
141 1602 186 1655 Sed
200 1600 423 1655 differentialcrmae
436 1604 516 1651 causat
531 1600 683 1653 differendam
699 1602 792 1670 speciei.
808 1605 832 1657 Si

46 1668 99 1730 igitur
110 1686 168 1726 uuus
183 1674 257 1725 home
272 1672 344 1737 magis
356 1672 400 1725 aliu
412 1672 528 1737 intelligit,
544 1672 634 1725 uidetur
646 1672 707 1739 qudd
723 1688 769 1728 nnn
786 1676 843 1729 sint'
914 1706 921 1723 .

47 1754 99 1794 rurus
110 1758 120 1797 s
136 1744 203 1797 ccici.

68 1816 105 1865 sed
118 1761 194 1868 {entra
207 1819 257 1877 est,
273 1814 332 1880 qudd
348 1830 389 1881 per
404 1815 585 1879 experimentum
597 1816 745 1869 inueniuntur
761 1819 833 1884 aliqui

46 1883 83 1933 aliis
98 1887 234 1951 profundius
250 1886 413 1949 intelligentes.
431 1887 493 1939 Sicut
515 1887 648 1953 profunditis
666 1887 773 1953 intelligit
794 1892 833 1954 qui

45 1952 196 2012 conclusionem
220 1958 320 2023 aliquam
337 1961 414 2023 petest
430 1959 537 2011 reducere
553 1960 579 2011 in
594 1961 669 2025 prima
686 1960 798 2026 principia
810 1965 834 2012 et

45 2039 107 2080 rurum
126 2031 228 2095 primes,
246 2028 314 2093 quam
331 2029 371 2093 qui
393 2034 470 2094 potest
493 2032 600 2083 reducere
618 2030 693 2085 sellum
710 2031 736 2083 in
754 2047 835 2084 canem

46 2111 149 2158 proximas.

70 2172 222 2233 [termusro.
238 2200 270 2210 -
284 2172 391 2224 Eamdem
404 2186 452 2223 rem
466 2172 535 2223 aliam
548 2172 592 2223 aliu
608 2173 690 2226 melilns
706 2174 834 2239 intelligere

45 2244 147 2309 stringit,
157 2260 205 2297 nen
220 2242 335 2308 objectivt
345 2244 446 2309 quidem,
460 2246 500 2297 sed
512 2258 541 2295 ex
551 2249 616 2309 parte
627 2246 737 2310 potentie
751 2246 833 2299 intelli-

45 2315 112 2379 gentis,
125 2332 176 2381 qnae
191 2315 366 2381 dispositionem
380 2316 462 2367 animae
476 2317 602 2381 sequitur.)

68 2387 194 2451 despondeo
209 2388 344 2450 dicendum,
366 2386 426 2452 qudd
442 2388 569 2453 «aliquem
588 2388 713 2454 intelligere
728 2404 797 2441 unam
808 2395 834 2443 et

46 2460 131 2509 crudem
141 2474 191 2512 rem
204 2459 280 2525 magis
293 2458 362 2524 qulm
375 2458 459 2524 alium,
473 2476 487 2507 n
502 2464 578 2525 petest
593 2460 689 2527 intelllgi
701 2462 832 2528 dupliciter.

70 2600 96 2664 (ll
108 2608 139 2652 Ite
157 2608 194 2653 lule
208 2607 280 2652 etiem
294 2605 377 2663 nuprd,
391 2620 430 2663 qu.
451 2608 493 2667 lt,
514 2613 558 2653 art.
570 2607 598 2661 ὃς
613 2604 646 2657 fut
662 2614 686 2654 et
700 2612 742 2667 IV,
754 2609 833 2662 Seni„

47 2662 87 2710 dist.
98 2669 138 2729 te,
151 2683 192 2727 qu.
208 2670 238 2729 2,
249 2675 293 2714 ert.
305 2668 320 2713 t
330 2669 357 2714 ed
370 2668 396 2722 I;
407 2671 432 2717 et
445 2683 485 2727 qu.
499 2670 527 2728 Ξ,
536 2671 565 2715 de
577 2672 657 2730 verit,
672 2678 715 2717 ert.
727 2673 742 2717 2
754 2674 783 2718 ed
793 2672 832 2719 11.

74 2736 100 2797 (il
112 2742 154 2786 Per
166 2755 192 2788 ee
204 2741 300 2799 quidem
314 2740 384 2785 divini
396 2740 409 2785 d
423 2754 470 2799 que
490 2743 575 2787 ueritus
592 2742 643 2798 lpeu
657 2743 690 2789 rei
708 2742 833 2789 seeundum

49 2809 101 2846 suum
111 2816 155 2849 ecre
170 2803 299 2862 dependet3
316 2804 356 2849 ced
367 2805 461 2850 humani
476 2806 513 2849 uel
527 2805 623 2862 angelici
642 2819 683 2863 per
693 2807 808 2862 accidens,
820 2806 834 2850 ri

51 2870 87 2913 luc
97 2867 177 2917 recites
187 2865 374 2926 condependent,
385 2867 425 2913 sed
437 2868 585 2924 cognescitur
595 2869 696 2922 mutum
706 2875 733 2916 ut
742 2881 771 2916 ex
780 2879 833 2929 pre-

51 2921 101 2973 lrssn
114 2928 198 2977 dictum
210 2936 235 2977 et
249 2928 388 2988 explicatum
405 2930 483 2994 cupri,
499 2942 541 2991 qu.
554 2930 598 2992 te,
610 2936 654 2977 ert.
664 2930 687 2977 l.
