1984 3309
139 208 173 245 nn
187 206 270 245 snus
285 206 434 245 murone
447 207 567 247 macru
583 210 759 251 coercuimus.
807 204 854 253 ets

76 284 219 350 besponem
235 284 372 345 dicentum,
390 283 453 348 proc
470 285 558 349 antiqui
575 286 711 352 rmloscpni
728 295 856 353 posuerint

43 358 106 423 qubd
120 358 202 409 anima
214 370 256 421 per
268 370 334 407 snam
344 356 469 407 essentiam
485 358 601 421 cognoscit
617 373 718 425 corpora.
733 362 780 412 lior
794 362 857 414 enim

43 430 131 481 animis
143 430 251 481 omniurn
263 428 415 480 communiter
425 428 524 479 inditum
537 430 594 493 fuit,
609 431 668 495 quod
679 433 776 485 aemio
789 435 859 487 simili

44 501 233 565 cognoscitur.»
252 499 420 551 Existimabam
433 504 511 551 autem
526 501 586 565 quod
600 504 672 553 torma
690 504 775 567 cogniti
789 505 819 555 sit
834 506 859 559 in

43 576 255 637 cognoscentem
270 573 338 623 modo
347 584 392 635 qno
401 576 436 621 est
444 572 470 621 in
479 586 503 623 re
515 573 616 637 cognita.
627 574 645 623 li
657 576 770 627 contrario
779 578 856 627 tamen

43 646 157 698 Platonici
170 649 309 709 posueruut.
322 645 391 695 l’lato
404 643 466 693 enim
479 644 533 710 qu'm
551 646 668 709 perspexit
677 645 855 699 intellectualem

44 718 145 769 minam
157 716 337 769 immaterialem
348 728 415 779 csse,
430 720 454 767 et
463 716 644 767 immaterialiter
654 730 805 783 cognoscere,
814 734 859 785 po

45 791 90 840 suit
98 791 189 842 formas
199 788 614 852 rerumcognitarumimmaterialiter
623 789 755 841 subsistere.
765 789 858 843 itiones

44 861 99 913 verb
110 862 243 923 naturales,
256 860 309 924 quia
322 858 497 914 considerabant
507 872 544 910 res
556 860 659 925 cognitas
669 874 721 912 esse
734 876 854 929 corporeas

47 939 70 984 et
82 935 232 994 materiales,
245 936 373 997 posuerunt
383 936 488 997 oportere
501 946 537 983 res
551 934 652 997 cognitas
664 934 733 985 etiam
742 936 767 985 in
782 936 858 987 anima

48 1012 203 1069 cognoscente
216 1005 367 1055 materialiter
376 1018 439 1065 essm
456 1004 554 1067 otioso,
570 1010 596 1055 ut
610 1006 691 1059 anime
706 1008 858 1059 attribuerent

49 1077 149 1127 omnium
158 1076 327 1141 cognitionem,
335 1080 464 1140 posuerunt
476 1090 530 1126 eam*
540 1076 625 1127 babere
633 1081 738 1128 naturam
753 1093 856 1131 murmu-

48 1164 100 1199 nem
109 1165 161 1219 cum
170 1148 299 1210 omnbus,
307 1151 331 1197 et
340 1147 396 1211 quia
405 1152 486 1199 natura
499 1148 686 1213 principiatorum
696 1162 725 1200 cx
734 1150 856 1216 principiis

46 1222 212 1281 constituitur,
225 1219 379 1272 sorbuerunt
397 1220 479 1270 animas
491 1224 595 1270 numnam
610 1220 731 1285 principii3
744 1220 778 1271 ita
796 1224 856 1288 quod

45 1296 83 1358 oui
96 1296 157 1345 dixit
166 1292 314 1359 principium
325 1292 428 1341 omnnem
440 1306 491 1342 esse
500 1292 592 1356 ignem,
601 1292 682 1357 posuit
692 1292 791 1343 animam
805 1308 857 1345 esse

45 1369 73 1417 de
80 1364 247 1429 naturaignis,
256 1367 282 1414 et
290 1362 396 1413 similiter
404 1364 432 1413 de
439 1376 493 1414 aene
501 1371 524 1414 et
534 1376 601 1428 aquo.
612 1365 762 1428 Empedocles
771 1370 856 1430 numm,

45 1440 83 1503 qui
97 1438 180 1503 mult
193 1439 298 1499 matum-
308 1435 423 1485 elementa
436 1435 562 1485 materialia
582 1438 606 1485 et
620 1436 665 1485 duo
673 1436 810 1499 ‘statuentia2
828 1448 858 1487 ex

45 1510 78 1559 tris
88 1510 165 1561 ctiam
178 1506 239 1558 dixit
248 1506 352 1556 animam
363 1518 413 1555 esse
423 1506 579 1556 constitutam.
593 1508 622 1557 Et
631 1506 663 1557 ita
674 1506 727 1557 cim
737 1519 774 1557 res
785 1512 858 1559 mate·

45 1582 164 1633 nabmrin
172 1579 252 1631 anima
259 1578 857 1641 maerentpneuernntomnemmembonemanimae

46 1654 215 1705 materialem
229 1664 297 1713 esec,
310 1662 358 1700 nou
367 1649 525 1699 discernentes
535 1649 596 1700 iuter
613 1649 756 1701 intellectum
769 1654 793 1701 et
805 1664 858 1702 sen-

44 1740 101 1775 sum
113 1726 165 1777 Sed
174 1726 228 1773 baec
238 1721 318 1786 opinio
330 1720 473 1784 improbatur
486 1736 493 1771 t
505 1722 695 1786 primoquidem,
709 1722 762 1786 quia
775 1722 799 1772 in
810 1738 858 1774 ma·

46 1800 118 1851 teriali
131 1797 267 1864 principio,
277 1797 307 1846 de
317 1808 364 1860 quo
375 1796 538 1858 loquebamur,
550 1808 597 1845 non
606 1795 707 1845 existunt
719 1796 857 1861 principiata

45 1872 87 1921 risi
96 1872 124 1923 in
134 1868 255 1936 potentia
266 1869 318 1919 Non
327 1870 405 1917 aetem
413 1868 560 1930 cognoscitur
567 1866 653 1930 aliquid
663 1869 787 1918 secundnm
797 1869 857 1933 quod

45 1949 77 1993 est
90 1945 116 1995 in
128 1941 253 2009 potentia,
266 1940 307 1991 aed
324 1940 447 1989 mium
461 1941 523 2003 qucrl
533 1943 568 1990 est
581 1943 646 2001 actu,
660 1944 686 1988 ut
702 1943 766 2003 patet
777 1940 803 1989 in
816 1942 854 1990 lll.

44 2014 175 2080 lletcph.;
188 2013 308 2064 unde-uec
318 2011 370 2075 ipsa
382 2010 485 2074 potentia
501 2010 646 2075 cognoscitur
658 2010 704 2061 uisi
716 2018 854 2074 peractum.

45 2087 80 2135 Sic
88 2086 166 2151 igitur
178 2098 227 2136 non
240 2084 358 2134 sufficeret
372 2082 496 2134 atbibncre
511 2082 593 2134 anime
605 2082 769 2147 principiorum
788 2086 856 2133 natu·

46 2172 104 2223 mm,
120 2159 156 2209 ad
169 2158 216 2207 boc
223 2153 553 2220 commemorassent,
568 2154 613 2205 nisi
623 2154 727 2205 inessent
738 2154 761 2204 ei
772 2157 856 2207 naturas

45 2232 160 2282 etiamne
168 2228 313 2291 singulorum
327 2225 462 2289 ellectuum3
473 2224 528 2289 pute
537 2226 596 2277 ossis
607 2230 630 2276 et
642 2226 717 2276 carnis
725 2229 750 2275 et
760 2225 855 2277 aliorum

46 2300 195 2365 commodi,
214 2303 241 2349 ut
258 2297 395 2348 Aristoteles
410 2301 487 2349 rantra
505 2296 665 2362 Empedoclem
685 2301 856 2361 mammantibus

46 2373 69 2423 in
81 2374 102 2423 1.
122 2374 165 2423 Da
180 2373 273 2422 anima
288 2370 364 2434 (text.
377 2369 416 2432 t).
432 2369 552 2431 Secundi,
567 2370 621 2433 quia
635 2370 655 2420 si
675 2373 791 2433 cpcrterct
806 2384 856 2423 rem

46 2445 164 2507 cognitam
170 2442 323 2496 rrmterimiler
331 2441 357 2493 in
363 2446 513 2504 cognoscente
524 2441 635 2505 existere,
644 2441 706 2492 nula
718 2441 775 2492 ratio
784 2448 855 2507 essct,

47 2531 116 2578 quare
129 2530 184 2577 res,
198 2528 253 2578 qne
266 2512 415 2565 materialiter
430 2516 493 2563 extra
511 2514 611 2563 animam
623 2512 763 2577 susbsistunt,
776 2516 856 2577 cogni·

48 2588 108 2637 tione
128 2590 252 2649 carerent;
263 2584 320 2649 pntt
332 2584 356 2635 si
372 2584 448 2635 anima
460 2584 513 2648 igne
527 2583 644 2647 cognoscit
653 2584 744 2647 ignem,
755 2588 778 2637 et
790 2586 852 2650 ignis

48 2660 116 2726 etiam
126 2657 168 2723 qni
181 2661 219 2709 ert
235 2661 302 2708 extra
314 2655 431 2720 ammam,
444 2656 521 2720 ignem
537 2660 695 2720 cognosceret.
711 2657 856 2722 Relinquitur

48 2814 83 2858 ite
92 2816 181 2861 deiero·
197 2825 292 2872 peropaca
302 2814 461 2871 coopertorem
469 2814 648 2872 proprietates,
662 2813 719 2859 lieet
731 2814 853 2874 inferiore·

49 2878 328 2989 {3⁴:1ssQO
343 2877 385 2922 rell
400 2876 444 2921 lroc
460 2876 541 2922 eadem
558 2877 706 2935 proportione
725 2876 754 2922 de
777 2876 853 2923 anime
