1984 3309
213 180 243 218 bn
258 179 358 221 aerisue
374 182 499 221 aurumne
515 184 533 222 n
548 165 700 223 soumarias.
808 174 855 223 tte

52 258 179 321 requiritur
189 258 298 309 sensibile
309 258 421 321 euterius,
431 273 478 310 non
489 264 525 311 est
532 261 557 311 iu
565 264 676 325 potestate
686 264 764 311 umba
773 258 854 325 appre-

51 330 154 379 hendere
166 328 250 392 aliquid
263 344 341 394 sensu,
351 330 396 403 uisi
408 331 509 382 sensibili
520 337 645 397 presente,
657 333 723 397 eujus
735 334 855 397 presentia

51 414 99 451 nen
106 414 199 465 semper
208 406 245 451 est
255 402 280 453 in
290 406 401 466 petestnte
412 408 496 454 nostra.
509 406 572 454 Tune
581 404 642 455 euim
653 407 722 456 bomo
735 409 811 468 petest
821 406 855 455 uti

50 488 122 524 seusu
138 472 192 523 elim
208 475 319 537 veluerit,
334 475 378 525 nisi
393 476 422 525 sit
440 476 626 539 impedimentum
639 492 669 527 ex
686 481 751 541 parte
764 478 852 541 organi.

51 545 212 609 Apprebensio
231 550 307 597 autem
321 546 488 610 imaginationis
502 548 604 611 subjacet
616 548 754 599 ordinationi
762 549 855 600 rationis

49 615 179 666 secundum
189 616 279 665 metium
288 616 379 666 virtutis
391 617 427 667 vel
436 616 560 667 debilitatis
571 618 725 681 imaginalitas
733 618 851 681 potentie.

49 686 113 745 and
130 688 193 737 enim
209 688 277 737 bomo
294 700 340 737 nun
352 688 427 751 possit
443 687 563 751 imaginari
574 703 627 751 que
640 689 699 739 ratio
712 689 853 750 munierat,

50 758 166 823 contingit
183 758 221 808 rei
235 772 264 808 er
277 760 320 809 hoe
331 758 392 822 qubd
402 772 448 810 nen
463 764 517 811 eunt
527 759 695 823 imaginabilia,
706 760 768 810 sient
779 760 856 811 ineer-

49 829 153 893 poralia,
168 828 205 879 vel
218 834 311 893 prepter
324 830 464 881 debilitatem
477 830 568 882 virtues
581 832 732 894 imaginatisae
741 845 808 895 ,qnae
821 835 856 882 est

48 901 172 967 exaliqua
190 901 362 966 indispositiene
380 902 468 966 organi.

337 1037 495 1091 nettcbtbs
510 1038 568 1089 Vnt.

194 1142 279 1187 tlte-um
289 1146 357 1189 uatus
366 1144 451 1189 anime
459 1145 597 1201 vegetabilis
605 1145 742 1201 imperetur.

82 1252 118 1303 Ad
128 1254 233 1303 octavum
242 1252 275 1303 sic
285 1252 413 1316 proceditur
421 1252 572 1317 (l).Videtur
580 1252 854 1315 qubduetusvegetabilis
910 1273 924 1295 s

51 1324 137 1375 anime
154 1322 250 1387 imperio
267 1323 362 1375 rationis
375 1323 507 1374 subdantur.
519 1323 584 1373 Vires
594 1322 656 1373 enim
665 1323 855 1374 sensitivenebi·

49 1397 121 1447 liores
136 1398 191 1445 sunt
206 1394 291 1444 viribus
306 1396 387 1445 anime
399 1394 544 1458 vegetabilis.
559 1395 605 1445 Sed
623 1394 684 1445 uires
702 1395 783 1445 euime
799 1408 855 1445 seu-

50 1468 125 1518 sitivae
146 1466 272 1517 subduntur
290 1466 385 1530 imperio
406 1466 507 1519 rebonis
527 1466 586 1529 ergo
609 1465 680 1515 multb
698 1466 772 1529 magis
791 1467 855 1517 uires

49 1540 135 1590 animae
147 1537 288 1601 vegetabilis

83 1616 108 1660 2.
124 1612 252 1672 Praeterea,
269 1611 337 1660 horne
356 1609 437 1659 dieitur
459 1610 544 1662 ma'aer
559 1609 686 1668 muudus,
699 1608 756 1672 qma
767 1609 802 1659 sie
819 1614 854 1659 est

49 1684 128 1733 anima
143 1680 168 1730 in
184 1694 291 1744 corpure,
306 1681 366 1731 sieut
381 1682 440 1732 beus
454 1680 479 1731 iu
492 1681 586 1731 munio.
603 1681 647 1731 Sed
662 1682 722 1730 Dens
735 1680 770 1730 sie
780 1683 816 1730 est
830 1681 855 1729 iu

51 1754 148 1815 mundo,
159 1751 219 1815 qnbd
229 1752 364 1815 omniaque
376 1754 429 1801 sunt
439 1750 464 1799 in
475 1752 561 1805 munde
571 1751 679 1801 ebediunt
688 1752 740 1815 ejus
748 1750 854 1816 imperio,

51 1826 111 1889 Ergo
127 1822 237 1875 etpumia
247 1836 299 1886 que
309 1822 395 1872 suntin
405 1823 509 1885 bomine,
521 1822 737 1887 ebediunt'imperio
748 1822 850 1885 rebonis,

51 1898 122 1949 eliam
141 1896 202 1945 uires
217 1893 353 1958 vegetabilis
370 1893 463 1948 anime.

84 1974 107 2018 3.
124 1968 246 2029 Praeterea,
258 1966 307 2015 laus
321 1964 490 2029 etvituperium
500 1965 665 2026 neumatiugit
674 1965 720 2015 nisi
730 1966 756 2015 iu
765 1965 855 2015 actibus

51 2040 91 2104 qui
107 2039 236 2089 subduntur
255 2036 351 2101 imperio
369 2036 475 2086 rationis:
491 2037 535 2086 Sei
551 2035 576 2083 iu
597 2034 683 2085 actibus
699 2035 813 2086 nutritive
830 2040 855 2086 et

51 2110 191 2174 generalius
209 2109 317 2173 potentie
330 2108 445 2171 contingit
460 2120 510 2157 esse
525 2106 616 2155 leudem
630 2109 654 2157 et
670 2106 821 2169 vilianellum,
832 2111 855 2156 et

52 2183 162 2233 virtutem
176 2183 200 2231 el
210 2180 302 2243 uitium,
314 2180 371 2230 sieut
381 2182 444 2243 patet
458 2179 483 2229 in
496 2178 549 2242 gula
559 2181 585 2227 et
592 2177 690 2239 luxuria,
700 2181 725 2226 et
732 2177 854 2227 virtutibus
892 2188 895 2205 ·

53 2252 174 2319 oppositis.
195 2252 253 2315 Ergo
269 2256 331 2303 actus
351 2254 432 2303 barum
449 2249 602 2315 potentiarum
615 2250 742 2301 subduntur
758 2250 854 2314 imperio

53 2325 158 2376 rationis.

84 2398 132 2448 Sed
142 2400 220 2447 contra
233 2400 277 2456 est,
286 2395 346 2459 quod
355 2395 475 2459 Gregorius
487 2396 605 2461 Nysseuus
613 2394 676 2456 dicit,
687 2412 700 2441 «
709 2394 732 2443 id
741 2396 800 2457 quod
810 2408 854 2445 uon

53 2468 203 2532 persuadetur
213 2466 227 2517 b
238 2466 325 2518 ratione
339 2465 389 2530 (t),
400 2479 451 2517 esse
468 2466 601 2515 bisentinum
621 2470 645 2515 et
662 2467 826 2527 generativum.
840 2482 854 2512 »

89 2586 121 2649 (1)
132 2590 166 2633 lte
178 2587 215 2631 bis
225 2586 294 2630 etiam
305 2584 371 2642 iniri,
385 2598 424 2641 qu.
436 2583 476 2643 50,
488 2590 532 2629 ert.
544 2584 568 2642 3,
578 2585 606 2629 ad
617 2585 639 2638 l;
650 2590 673 2628 et
681 2586 706 2642 2,
717 2586 788 2643 Qun.
801 2583 855 2640 118,

55 2654 98 2695 art.
114 2650 143 2708 1,
159 2647 186 2695 ad
200 2648 228 2703 ὃς
242 2653 268 2691 nt
277 2654 300 2692 et
308 2648 350 2692 111.
367 2653 435 2705 part,
451 2659 491 2702 qu.
502 2646 545 2704 15,
558 2653 601 2692 art.
613 2648 641 2707 2,
652 2647 681 2693 ed
693 2647 717 2705 t,
728 2653 753 2691 et
764 2660 804 2703 qu.
816 2646 854 2702 19,

54 2720 99 2758 art.
112 2714 141 2772 2,
159 2712 182 2757 iu
199 2723 266 2768 eap.;
283 2715 306 2755 et
318 2711 354 2767 11,
368 2710 446 2757 Sept„
457 2709 510 2754 dist.
529 2709 573 2767 ab,
586 2722 625 2766 qu.
639 2709 667 2767 1,
683 2715 726 2754 art.
741 2709 770 2766 2,
782 2709 809 2753 ad
824 2707 853 2759 33

56 2782 79 2820 et
92 2790 134 2833 qn.
148 2774 188 2835 13,
201 2775 229 2819 de
239 2774 316 2829 verit,
328 2777 372 2818 art.
383 2772 406 2827 43
420 2778 443 2816 et
456 2771 581 2827 montib..
590 2775 633 2829 tv,
650 2778 693 2816 art.
704 2770 743 2824 2¹5
754 2777 777 2815 et
788 2783 856 2825 super

55 2840 73 2882 t.
87 2838 183 2888 nette,
196 2839 262 2894 leem,
277 2836 323 2879 eol.
339 2834 362 2879 1.

89 2906 125 2971 (1)
140 2909 205 2956 Sient
214 2912 280 2953 vetus
294 2906 407 2963 interpres
420 2904 503 2967 reddit,
519 2896 554 2965 μὴ
565 2896 694 2966 πειθόμενον
705 2895 783 2965 lige,
795 2901 856 2959 quod
