1984 3309
177 190 209 229 on
225 194 260 229 ns
278 192 344 237 oum
362 192 502 229 rsnrmunr
518 195 551 231 an
568 196 689 235 mon
704 199 772 236 omn.
861 192 891 239 ll

388 350 551 402 tollentes
565 354 585 402 1.

97 493 181 537 virt-m
191 494 332 551 completio
342 492 489 599 ᾱὶυἱιιονὲω
499 506 595 600 ᾳέςηοι
602 496 687 540 deoem
699 500 798 554 neptim
805 501 856 545 diei

430 568 446 597 (l
463 569 511 599 ΜΠ
525 571 542 601 t.

84 692 119 741 ,td
133 692 239 756 primum
253 692 293 741 sic
308 690 451 754 proceditur
462 692 505 753 (l).
515 693 612 745 Videtur
623 694 685 758 quiid
697 698 821 761 completio
832 699 892 747 divi-

51 777 132 813 nornm
147 779 254 829 operum
269 778 324 813 non
339 762 429 813 debeat
443 765 540 829 septimo
555 766 602 816 diei
614 768 720 818 adscribi
734 771 817 819 onnia
829 770 892 820 enim

49 850 103 898 qna
116 836 143 885 iu
157 839 205 887 troc
223 836 313 886 seculo
331 841 451 896 aguntur,
466 836 494 884 ad
513 837 593 887 divina
610 852 681 901 opera
699 841 826 904 pertinent.
846 843 892 891 Sed

50 908 222 957 consummatio
232 906 316 957 seculi
323 908 372 955 erit
382 905 407 953 in
415 905 462 955 fine
473 909 560 969 muudi,
569 913 596 957 nt
604 911 703 959 liabetur
712 911 816 967 lltuttlc,
827 913 889 961 lillt.

50 977 150 1042 Tempus
162 980 242 1030 etiam
259 976 440 1027 incarnationis
456 978 540 1029 Christi
552 983 588 1030 est
599 982 720 1044 cujusdam
733 984 893 1046 completionis

51 1052 157 1113 tempus,
174 1051 246 1101 uude
262 1049 356 1098 dicitur
371 1066 386 1094 u
401 1052 493 1112 tempus
507 1051 677 1116 plenitudinis,
693 1070 708 1099 u
729 1053 796 1108 Gal„
807 1055 846 1103 tv.
860 1059 892 1103 Et

50 1120 100 1182 ipse
110 1122 224 1173 Christus
239 1120 353 1170 moriens
363 1118 443 1168 dixit:
456 1137 470 1166 u
482 1120 668 1173 Comummatnm
679 1129 725 1183 est,
735 1141 750 1169 »
762 1129 787 1173 ut
798 1124 890 1186 dicitur,

49 1193 133 1253 Ioum,
146 1196 213 1245 xlx.
231 1194 291 1243 Non
306 1204 367 1255 ergo
381 1192 506 1254 completio
519 1194 652 1244 divinorum
666 1209 763 1258 operum
781 1196 893 1259 competit

50 1264 97 1313 diei
107 1267 221 1329 septimo.

81 1340 105 1384 2.
117 1338 261 1399 Praeterea,
279 1335 420 1398 quicunqne
441 1338 541 1398 complet
556 1351 616 1400 opus
631 1352 715 1399 suum,
729 1338 816 1401 aliquid
827 1338 889 1387 lacit.

49 1406 96 1455 Sed
108 1408 173 1457 llens
188 1422 242 1457 non
259 1406 355 1468 legitor
369 1404 471 1468 septimo
485 1406 522 1455 die
535 1407 622 1469 aliquid
634 1408 734 1466 fecisse,
746 1408 852 1470 quinimo
862 1409 892 1456 ab

52 1477 114 1526 omui
133 1493 210 1543 opere
232 1476 374 1541 quievisse.
392 1476 454 1535 Ergo
470 1478 590 1540 completio
607 1492 705 1541 operum
717 1492 766 1527 non
783 1478 892 1541 competit

54 1552 149 1609 septimo
163 1550 225 1599 diei.

85 1624 108 1666 3.
120 1622 264 1679 mterea,
280 1631 333 1666 nou
348 1617 437 1666 dicitur
449 1617 535 1679 aliquid
547 1633 598 1669 esse
609 1621 753 1685 completum
766 1620 805 1669 cni
818 1621 892 1669 mulla

50 1695 261 1753 superadduntur,
280 1689 332 1737 nisi
346 1688 396 1737 sint
411 1688 451 1735 illa
464 1692 596 1753 superllua;
610 1692 667 1753 quia
682 1710 697 1737 u
712 1691 842 1753 perfectum
857 1692 893 1740 di-

49 1761 120 1821 citur,
135 1764 177 1813 cui
194 1762 264 1811 nihil
281 1763 353 1810 deest
374 1772 457 1807 eorum
476 1775 527 1823 qua
548 1762 617 1811 debet
628 1764 726 1812 trahere.
740 1779 755 1807 u
775 1762 823 1811 Sed
838 1767 892 1825 pust

49 1834 174 1895 septimum
190 1836 263 1885 diem
278 1832 357 1881 mulla
372 1833 429 1879 suut
443 1831 514 1893 lacta,
526 1836 551 1881 et
564 1834 682 1896 productio
692 1834 819 1881 multorum
830 1833 892 1882 indi-

49 1906 192 1971 uiduorum,
206 1910 234 1957 et
246 1905 327 1955 etiam
346 1902 492 1965 quarumdam
507 1917 616 1953 novamm
629 1905 761 1969 specierum
775 1918 827 1966 que
840 1905 892 1953 tre-

48 1982 146 2037 quenler
168 1980 313 2041 apparent,
332 1972 455 2037 praecipue
473 1974 499 2022 in
517 1975 654 2027 animalibus
672 1990 703 2025 ex
720 1974 890 2037 putrefactione

49 2049 176 2101 generatis.
191 2046 313 2107 Quotidie
335 2045 410 2093 etiarn
430 2047 492 2093 Deus
510 2058 580 2097 novas
601 2047 691 2096 animas
710 2048 781 2094 creat.
802 2044 891 2093 Nouum

49 2119 118 2168 eliam
135 2120 186 2168 fuit
209 2114 394 2167 iucarnationis
412 2128 484 2178 opera,
503 2118 531 2166 de
549 2132 594 2181 quo
609 2119 695 2169 dicitur
717 2118 822 2168 ierem..
838 2116 889 2163 lll:

52 2208 65 2233 u
79 2192 174 2240 Nurum
192 2190 276 2239 laciet
289 2188 408 2237 Dominus
418 2200 487 2249 super
496 2192 588 2238 terram,
599 2207 613 2236 »
622 2192 689 2241 Nova
700 2188 771 2237 etiam
781 2189 836 2234 sunt
848 2186 890 2234 mi-

51 2263 154 2313 raculosa
170 2274 272 2325 opera,
289 2260 319 2308 de
333 2256 422 2321 quilius
434 2257 518 2307 dicitur
529 2261 634 2317 Eccles„
649 2258 744 2311 xxxvt
757 2273 763 2305 ε
778 2274 792 2302 u
804 2258 891 2306 lunum

52 2331 125 2397 sigua,
138 2338 164 2384 et
177 2334 289 2382 immuta
300 2326 429 2379 mirabilia.
439 2345 453 2373 n
463 2330 635 2397 innovabuntur
643 2327 833 2382 etiamumnia'in
844 2328 893 2389 glo·

54 2402 181 2455 rideatione
193 2408 343 2455 sanctorum
355 2416 361 2449 :
377 2400 505 2449 secundum
516 2402 571 2452 illud
581 2404 672 2467 Apoc„
687 2401 756 2451 xxl:
771 2416 785 2444 u
795 2400 823 2449 El
833 2400 891 2448 dixit

53 2475 89 2535 qui
101 2477 205 2527 sedebat
225 2476 256 2523 in
277 2474 368 2521 throno
385 2486 390 2519 :
407 2484 463 2520 ecce
478 2486 539 2522 nora
551 2474 610 2524 facio
626 2474 713 2524 omnia.
736 2487 751 2516 u
766 2470 891 2533 Completio

53 2558 105 2606 ergo
124 2546 274 2596 divinorum
286 2557 390 2606 operum
406 2556 452 2591 uon
471 2543 539 2592 debet
550 2544 644 2594 attribui
657 2542 757 2606 septimo
768 2540 823 2589 diei.

81 2616 128 2666 Sed
141 2621 232 2666 contra
248 2618 304 2677 est,
320 2612 385 2675 qudd
401 2613 485 2661 dicitur
500 2615 629 2673 Genes.,ll
644 2630 649 2663 :
664 2631 679 2660 «
689 2610 820 2673 compleuit
832 2612 892 2659 [leus

54 2685 87 2734 die
100 2688 211 2751 septimo
227 2699 293 2749 opus
307 2698 379 2733 suum
398 2684 459 2747 quod
475 2686 570 2735 iecerat.
589 2703 603 2732 u

84 2760 266 2821 (Coscncsro.
279 2782 314 2792 —
327 2754 457 2817 completio
471 2756 600 2806 diuinorum
610 2767 722 2820 operum,
733 2750 808 2814 quoad
821 2755 890 2798 nalu-

89 2904 119 2961 lt)
139 2908 172 2951 De
189 2906 231 2949 liis
248 2902 327 2947 etiarn
342 2902 367 2945 in
381 2902 417 2961 11,
431 2902 510 2951 Saul„
531 2903 584 2948 dist.
601 2902 645 2961 15,
662 2905 747 2957 quaest.
763 2896 778 2939 3
785 2929 791 2955 ,
808 2901 850 2938 art.
866 2892 887 2936 l.
