1984 3309
125 188 159 225 ns
170 188 276 239 nom,
289 188 333 233 our
345 189 376 227 rx
389 188 526 227 sunsauuuu
540 190 569 228 rr
582 190 728 239 cenerici,
744 190 797 231 rrc.
830 182 859 231 tl

53 263 339 328 similitudoreicugnite
353 266 452 317 nlactu
464 265 490 315 in
503 270 584 317 ustura
596 268 771 331 wpumcent'na
784 268 860 321 sedai

55 336 143 401 aliqud
154 336 187 387 sit
199 338 259 401 qued
270 336 337 400 prius
347 343 383 388 est
393 350 537 401 cognoscem
546 338 571 389 iu
581 340 685 403 petentia
690 376 699 403 ,
710 344 734 391 et
744 344 824 404 postea
834 339 860 391 in

53 413 121 472 acin,
134 412 227 472 oportet
238 407 301 472 qubd
312 408 438 459 nmibmdu
457 410 545 472 cogniti
559 424 606 461 nou
622 410 653 461 sit
667 414 720 461 actu
735 411 760 463 iu
776 416 860 463 nature

55 480 229 543 mnus,
237 481 279 532 sed
287 480 314 530 iu
324 481 428 543 petentia
440 480 529 532 tautluuu
539 498 545 531 :
556 482 616 533 sicul
626 483 688 533 color
701 496 748 535 nen
761 488 796 535 est
807 488 860 535 ectu

55 550 80 601 iu
92 552 195 616 pupilla,
208 552 285 603 sedin
299 552 511 616 petentiatautdm.
525 554 587 605 Unde
602 568 647 605 uuu
663 559 752 619 eportet
766 556 826 620 qubd
835 557 861 607 iu

57 628 134 674 uulua
148 623 235 675 anime
250 623 416 673 sitsimilitudc
434 638 512 674 rerunt
527 639 687 689 corporearum
704 626 728 675 in
744 632 809 691 actu,
822 628 863 679 sed

55 694 113 757 qubd
123 696 154 745 sit
166 695 193 745 in
203 695 309 759 putentia
321 696 352 745 ad
364 694 498 759 hujusmodi
513 696 680 750 similitudines.
691 699 736 749 Sed
751 700 804 763 qula
818 713 861 751 an·

56 765 112 829 liqui
122 767 246 817 Naturales
254 764 290 830 (1)
298 766 433 817 nesciebant
444 767 584 830 distinguere
595 768 655 819 iuter
662 773 737 820 actum
748 773 771 821 et
778 774 859 834 poten-

56 837 124 897 tiuu.
138 838 370 903 ponebantauimauu
381 850 432 889 esse
442 851 538 901 cerpus,
550 838 579 889 ad
590 840 633 891 buc
643 838 704 903 qudd
713 844 860 904 wgmret

57 910 129 960 unuin
139 922 256 973 corpora,
266 914 290 960 et
300 907 363 974 qubd
372 913 436 961 emet
447 910 574 974 conposita
586 924 616 961 ex
627 910 747 976 principiis
757 912 861 963 omnim

88 1051 120 1101 ld
129 1052 227 1104 tertium
240 1050 380 1114 dicendum,
394 1050 457 1116 qudd
470 1056 506 1103 est
517 1053 601 1117 duplex
610 1056 742 1118 centenus,
754 1056 860 1120 quenti-

61 1124 117 1171 tutis
134 1128 161 1175 et
178 1124 302 1173 virtutis.
317 1122 398 1175 Primo
413 1124 483 1175 uodo
502 1138 586 1189 corpus
603 1138 649 1177 uun
668 1126 767 1189 tsugbur
786 1125 863 1177 ninid

56 1206 158 1258 curpnre3
172 1195 280 1246 secundo
299 1195 369 1247 mede
385 1208 470 1259 cerpus
486 1199 562 1260 potest
575 1196 640 1261 unp
654 1196 668 1249 l
683 1210 708 1251 re
726 1199 861 1264 incorporea

56 1278 103 1327 que
115 1270 196 1317 ureret
208 1279 306 1331 cerpus.

357 1372 517 1424 ARUCOEUS
533 1374 563 1426 ll.

159 1489 251 1535 Unicus
260 1489 347 1533 culm
356 1488 464 1533 bumana
471 1488 505 1533 sit
514 1490 608 1547 aliquid
616 1491 752 1537 subsistens.

88 1596 119 1647 lu
126 1598 254 1648 secundum
264 1596 299 1647 sic
312 1594 444 1661 proceditur
450 1595 495 1663 (ἰ).
506 1597 600 1653 Videtur
609 1597 668 1664 qudd
676 1598 752 1651 auium
760 1602 861 1653 bumana

55 1681 98 1718 uuu
106 1668 135 1719 sit
146 1669 236 1733 aliquid
246 1668 385 1719 subsistens.
398 1668 462 1727 Quod
472 1668 535 1719 enim
543 1673 578 1721 est
588 1670 713 1723 subsistens
724 1672 807 1723 dieitur
816 1673 863 1723 boc

54 1739 160 1805 ullqnid.
175 1741 261 1790 Anima
273 1744 352 1789 autem
364 1752 412 1789 uuu
425 1744 461 1790 est
471 1739 515 1789 bec
525 1740 642 1805 aliquid,
658 1742 698 1793 sed
711 1745 861 1807 compositum

54 1824 80 1860 er
92 1813 169 1863 anima
183 1816 208 1863 et
222 1824 330 1876 corpore.
345 1812 405 1873 Ergo
421 1810 499 1861 anima
513 1825 559 1863 uuu
578 1817 612 1863 est
625 1812 710 1878 aliquid
725 1814 858 1867 subsistens.

82 1888 105 1933 2
119 1887 249 1946 preterea,
262 1895 330 1934 umue
348 1882 410 1948 quod
426 1887 463 1933 est
474 1884 600 1935 subsistens
611 1889 685 1949 petest
699 1885 743 1936 dici
761 1886 861 1950 operari.

54 1956 96 2005 Sed
105 1955 184 2005 mima
195 1968 245 2005 non
257 1953 341 2004 dicitur
350 1953 451 2019 operari,
460 1956 522 2019 quia,
531 1960 557 2006 ut
566 1956 648 2006 dcitur
658 1955 682 2006 in
693 1958 711 2007 1.
720 1960 749 2007 de
756 1958 848 2008 Anicia
853 1972 863 2007 :

57 2028 160 2078 illicere
175 2026 282 2076 animm
292 2026 379 2077 sentire
390 2029 431 2077 aut
439 2026 578 2091 intelligere,
588 2028 661 2079 suile
672 2033 706 2080 est
717 2043 743 2079 ac
753 2028 863 2093 sialiquis

58 2098 113 2149 dicat
129 2112 184 2149 eam
198 2104 281 2148 texere
294 2098 332 2148 vel
346 2097 470 2149 adificare.
483 2115 497 2145 u
509 2099 569 2161 Ergo
582 2098 658 2151 anima
669 2112 716 2152 uon
731 2103 765 2149 est
777 2098 862 2165 aliquid

57 2168 190 2221 subsistens.

83 2245 106 2290 t.
117 2244 249 2303 Preterea,
265 2238 285 2291 si
298 2240 377 2291 anima
388 2242 451 2291 esset
464 2240 551 2304 aliquid
562 2242 697 2305 subsistens,
712 2246 772 2293 esset
786 2242 863 2307 aliqua

58 2310 102 2371 ejus
115 2312 223 2375 operatio
236 2311 287 2361 siue
307 2325 411 2376 corpure.
429 2312 474 2361 Sed
490 2312 553 2363 nulla
573 2316 608 2363 est
627 2312 678 2377 ejus
693 2314 794 2380 operatio
812 2314 863 2365 sine

61 2394 162 2447 corpure,
174 2396 222 2433 nec
240 2381 311 2433 etlam
327 2381 485 2447 intelliyere,
501 2382 553 2445 quia
572 2401 586 2431 u
599 2398 646 2434 uuu
665 2384 777 2448 contingit
794 2384 864 2435 iutel-

65 2451 126 2515 ligere
143 2454 198 2505 sine
218 2455 380 2519 phantasmate
399 2468 406 2501 ι
422 2469 437 2499 u
453 2454 588 2518 phantasma
604 2459 680 2505 aulem
701 2470 747 2507 nuu
761 2460 795 2507 est
813 2456 864 2509 siue

87 2569 117 2633 (lt
128 2575 198 2617 luter
211 2584 272 2629 ques
287 2574 353 2618 Pluto
370 2573 423 2629 lpse
436 2572 475 2636 qui
486 2576 609 2629 propterea
625 2586 654 2619 ex
667 2574 787 2621 elementis
800 2586 863 2620 ccm-

58 2634 151 2687 positam
163 2635 269 2680 enlm
280 2636 416 2692 asserebat,
430 2634 485 2689 quia
500 2634 574 2681 slmile
589 2637 735 2694 cognoscitur
748 2638 826 2698 simili,
838 2644 863 2685 ut

60 2706 85 2738 rs
96 2696 196 2746 Tim,
204 2702 269 2742 recte
278 2696 437 2753 Pbbcsopbus
447 2697 488 2742 lib.
501 2696 524 2753 l,
534 2698 568 2743 De
579 2700 664 2745 aalma
674 2704 731 2745 text.
742 2699 781 2745 aa.

64 2823 68 2833 1
88 2762 117 2825 (i)
128 2768 163 2811 lte
174 2765 293 2811 bisetisnr
302 2773 387 2823 quen.
399 2765 424 2819 3,
437 2765 465 2810 de
476 2773 566 2822 putent.
579 2768 655 2824 arti,
667 2769 695 2815 nd
706 2767 769 2827 8,et
780 2774 824 2816 art.
837 2767 861 2825 s,

63 2834 83 2868 ΙΙ
93 2839 158 2886 corp.
175 2834 201 2875 et
214 2833 260 2874 art.
272 2828 300 2874 lt
310 2862 317 2885 ,
329 2829 403 2875 etiam
418 2828 443 2873 iu
457 2840 522 2885 corp.
538 2836 564 2875 ut
582 2836 606 2878 st
619 2837 701 2888 quest.
718 2831 753 2875 De
765 2831 864 2876 usim.

63 2894 99 2932 art.
111 2890 139 2943 l;
151 2889 222 2937 etad
231 2890 301 2937 non.
314 2894 347 2951 V,
356 2890 416 2938 leet.
427 2888 453 2948 3,
462 2892 507 2937 col.
520 2891 544 2937 Ξ.
