1984 3309
137 173 183 220 tto
335 182 396 220 raas
412 183 434 231 1,
451 182 543 227 ponar.
561 181 616 225 orrr,
631 181 687 218 aar.
704 180 729 218 v.

136 261 203 322 eunt,
224 261 248 308 et
261 257 355 308 aionon
372 257 475 310 eueniret
487 258 514 308 in
524 258 559 310 eis
574 257 659 321 aliquid
675 259 759 320 praeter
771 255 933 321 intentionem,

136 333 196 396 quod
205 330 261 381 iacit
273 329 385 382 rationem
395 344 470 382 casus.
478 331 543 381 Unde
554 331 583 380 ad
593 329 757 381 ostendendum
768 327 830 392 quid
838 330 937 380 casualia

136 401 259 454 secundnm
270 401 373 452 ordinem
390 402 486 467 alicujus
501 401 624 466 superioris
637 413 712 452 cause
726 401 878 464 proueniunt,
894 415 937 452 non

137 473 192 525 dicit
202 473 336 537 simpliciter
349 471 410 537 pubd
427 474 485 525 vidit
500 487 580 524 casnm
592 487 642 524 ease
655 473 680 524 in
696 472 817 535 omnibus3
832 473 940 524 reddidit

138 549 238 609 tempus
247 547 272 594 et
281 561 368 596 cusum
379 545 424 609 (Ut
433 546 488 610 quia
499 546 586 596 seilicet
593 543 716 596 meundirm
727 544 827 608 aliquem
837 545 939 596 ordinem

136 617 246 680 temporis
260 618 361 668 casuales
375 618 476 668 deiectus
488 617 637 668 inveniuntur
649 618 674 666 in
687 617 724 666 bis
738 617 816 667 rebus.

169 691 204 740 lld
214 692 339 742 seeundum
355 691 490 753 dicendum,
503 689 563 756 quod
574 690 708 755 gubernatio
724 694 759 740 est
772 692 878 754 quedam
891 705 940 741 rnu-

136 762 193 813 tatio
213 763 389 826 gubernaturum
409 763 584 827 dguberuante.
609 763 688 814 Omnis
709 766 785 813 antem
809 765 889 814 motus
909 767 942 814 est

138 852 153 881 u
163 838 227 885 aelus
237 835 325 887 mobilia
339 835 353 886 i
366 842 480 892 movente.
501 852 514 882 o
527 839 553 886 ut
566 835 648 887 dieitur
660 835 684 884 in
696 835 738 884 ill.
753 834 853 900 rapere.
867 839 941 898 (tort.

138 911 168 956 18
177 906 196 971 ).
212 907 292 958 Omnis
304 911 380 958 antem
394 912 458 958 aetus
468 907 651 971 proportionetur
662 907 684 956 ei
698 907 765 970 oopus
777 911 814 957 ost
827 911 904 958 aetus.
918 909 944 956 lit

139 977 171 1028 sic
181 982 270 1042 oportet
279 979 340 1042 qubd
349 979 437 1031 diuersa
446 979 538 1030 mobilia
549 977 699 1030 diversimode
714 982 865 1042 moueantur,
877 979 944 1030 etiam

139 1049 263 1101 meandum
272 1051 395 1102 motionem
403 1050 472 1102 unius
486 1050 586 1104 motoris.
602 1050 641 1100 Sie
655 1049 725 1114 igitur
737 1049 866 1100 seeundum
876 1065 944 1102 unam

139 1125 211 1172 utam
220 1123 262 1172 ltei
269 1123 423 1187 gubernantis,
432 1137 469 1174 res
480 1121 632 1174 diversimode
641 1123 807 1186 gubernantur,
817 1120 941 1173 seeundbn

140 1205 219 1244 earum
236 1194 398 1245 diversitatem.
417 1196 523 1254 Quaedam
536 1195 597 1244 enim
615 1192 740 1244 seeundum
757 1207 822 1243 suam
841 1196 944 1244 naturam

141 1269 195 1315 suut
204 1279 245 1330 per
253 1280 279 1317 se
290 1267 395 1331 agentia,
406 1271 512 1330 uuquam
524 1266 632 1317 babentia
645 1264 770 1316 dominium
782 1264 819 1314 sui
830 1269 911 1329 aotns3
922 1271 944 1314 et

139 1335 185 1386 ista
193 1339 347 1401 gubernantur
357 1338 371 1389 a
381 1340 436 1402 lieo,
449 1351 495 1388 non
508 1336 582 1393 aulum
598 1351 640 1402 por
654 1339 697 1388 boe
711 1334 772 1400 qubd
785 1339 910 1386 moventur
921 1336 947 1385 ab

140 1409 192 1473 ipso
205 1411 252 1460 lieo
263 1410 288 1460 in
298 1410 331 1460 eis
344 1409 441 1461 interibs
453 1414 573 1474 operante,
586 1411 626 1460 sed
646 1409 715 1459 etiam
728 1422 769 1472 per
782 1408 827 1458 boe
843 1407 905 1472 qubd
919 1410 945 1457 ab

139 1494 168 1532 eo
184 1481 321 1532 induountur
333 1484 362 1533 ad
371 1483 469 1543 bonum,
484 1485 508 1532 et
519 1483 665 1532 retrahuntur
678 1479 692 1530 a
703 1480 764 1530 malo
774 1492 817 1543 per
830 1484 945 1544 praeoepto

141 1555 164 1602 et
176 1553 355 1617 prohibitiones,
369 1554 462 1618 praemia
474 1558 498 1604 et
508 1567 595 1618 poenas.
611 1554 659 1604 lloe
673 1554 749 1602 autem
764 1551 834 1601 modo
846 1564 895 1601 non
910 1566 949 1614 gu·

140 1623 266 1674 bernantur
278 1623 292 1673 l
304 1626 351 1675 lieo
364 1629 474 1677 creature
487 1625 703 1688 irrationalisque
714 1621 802 1673 tantdm
816 1629 918 1686 aguntur
927 1627 948 1674 et

141 1708 187 1746 non
198 1699 276 1758 agurrrt.
289 1695 408 1760 dimerga
420 1697 541 1762 Apostolus
556 1696 622 1760 dieii,
633 1695 694 1760 qubd
709 1712 723 1742 u
732 1695 778 1744 lieo
790 1707 839 1746 non
851 1699 887 1745 est
898 1709 949 1744 oum

141 1766 169 1815 de
182 1765 264 1830 bobus,
276 1784 290 1815 u
304 1781 352 1818 non
365 1769 464 1820 totaliter
482 1767 595 1818 subtrabit
604 1768 674 1818 boves
685 1766 699 1816 lr
709 1779 763 1816 eura
776 1767 950 1829 gubernationis

141 1837 239 1902 divine,
253 1841 294 1890 sed
309 1839 382 1890 solim
396 1843 507 1904 quantum
524 1840 657 1890 admodum
675 1838 715 1902 qui
732 1837 825 1902 proprii
839 1839 950 1903 competit

141 1909 247 1961 rationali
257 1913 423 1974 eruturetut
437 1926 467 1962 ex
477 1911 593 1976 adjunctis
612 1911 644 1962 ibi
659 1910 746 1977 patet).
772 1913 776 1926 ⁴

173 1982 208 2033 rid
225 1984 319 2035 tertium
337 1984 471 2046 direntium,
494 1983 555 2048 qudd
576 1986 680 2034 creatura
697 1982 815 2034 rationalis
837 1983 952 2047 gubernat

177 2147 208 2211 (i)
223 2153 254 2198 lot
265 2151 358 2207 quidem
375 2149 449 2208 mmet
463 2149 556 2219 καιρὸν,
571 2149 638 2206 quasi
652 2149 872 2207 opportmtilutem,
885 2155 911 2194 ut
927 2153 950 2193 et

143 2234 197 2266 mox
216 2220 363 2292 &erimpeq
379 2222 446 2278 quasi
462 2232 585 2266 occursum
606 2221 642 2266 vel
664 2225 780 2266 eventurn.
796 2223 848 2266 Hoo
864 2233 949 2278 nempe

144 2305 213 2338 seusu
228 2293 290 2348 quod
304 2293 354 2338 baro
370 2292 448 2338 omnia
465 2292 576 2338 eveniant
589 2298 658 2348 prout
671 2297 827 2349 opportunum
841 2298 879 2338 est
896 2306 954 2338 eve-

143 2355 203 2400 nire.
218 2355 277 2401 iiiue
291 2357 444 2412 Hieronymus
458 2354 508 2398 brec
520 2355 655 2410 simpliciter
665 2355 710 2399 dioi
725 2355 769 2409 ait,
782 2357 838 2411 quia
852 2361 949 2400 nonest

143 2418 258 2462 velocium
271 2424 297 2463 ut
316 2419 366 2464 aine
380 2418 466 2463 auxilio
480 2417 559 2462 divino
573 2423 680 2475 currant,
695 2430 738 2463 neo
754 2417 851 2464 lordum
863 2425 890 2464 ut
900 2419 952 2463 vin-

144 2486 211 2538 eant,
227 2492 270 2523 nee
285 2480 414 2537 sapientum
428 2480 465 2524 uel
482 2480 603 2528 doctorum
616 2486 643 2525 ut
655 2481 699 2525 sibi
716 2493 802 2538 panem
814 2493 843 2526 ao
859 2481 954 2526 divitias

143 2539 256 2587 industrii
271 2549 418 2601 comparent,
428 2554 471 2586 nec
485 2543 577 2604 demum
588 2543 702 2588 artificum
712 2548 737 2588 ut
748 2543 850 2600 gratiose
864 2556 891 2590 ao
905 2546 953 2589 ele-

144 2610 225 2661 ganter
239 2611 376 2661 operentur3
392 2607 451 2650 sirut
464 2611 489 2649 et
503 2605 534 2648 ad
548 2607 632 2656 Rom„
646 2606 698 2656 lX,
712 2619 773 2651 vers.
788 2605 817 2650 lb
834 2623 840 2649 :
856 2609 953 2654 Nepesi

143 2666 247 2711 oolmta'o
260 2679 336 2724 nepus
347 2668 471 2713 currentia
481 2668 603 2718 hominia,
612 2668 653 2713 aed
668 2670 805 2713 miserentis
818 2669 880 2719 Dei,
887 2675 914 2713 ut
925 2668 952 2712 ad

77 2756 80 2764 ν
145 2729 252 2774 eumdem
269 2741 362 2775 sensum
379 2731 459 2775 reiert.
475 2729 591 2786 Additque
611 2731 673 2788 quod
687 2732 822 2776 multorum
840 2731 951 2788 exemplo

144 2791 222 2838 daem
231 2804 322 2850 paoem
334 2791 486 2849 comentibus
499 2792 608 2850 quotidie
626 2793 759 2851 modulata,
771 2795 816 2851 pei
834 2795 889 2840 odem
902 2795 953 2838 aiut
987 2845 988 2852 ἵ

144 2856 338 2912 ωρίοιιιᾱιόιιιί,
351 2854 495 2899 mutuatio
513 2855 641 2912 indiguit,-
658 2859 717 2914 patio
729 2869 780 2902 noa
798 2860 832 2902 eut
849 2860 879 2904 ιἰι
888 2869 952 2916 proe-
987 2893 988 2914 3

144 2919 207 2963 senta·
217 2917 349 2964 retramo
361 2917 518 2970 morum,
529 2917 570 2964 aed
580 2919 610 2965 ιἰι
621 2920 725 2979 tuturo,
738 2922 782 2968 ete.
