1984 3309
153 162 200 209 831
299 171 374 211 rum
387 171 517 223 maurus,
531 173 622 218 Qnssr.
638 169 694 223 xvi,
713 173 775 211 nur.
791 175 821 212 ιι.

152 249 264 299 rationem
277 253 317 300 :et
324 249 447 300 seeundum
455 251 500 300 noe
511 250 592 300 dieitur
601 248 660 314 quun
675 251 720 299 uti
733 253 772 301 est
781 251 870 301 reterre
879 249 957 314 aliquid

154 319 180 369 in
190 320 295 371 aiterum.

185 393 220 442 tn
233 394 355 443 seeundum
371 392 491 444 dicendum
501 432 507 454 ,
519 392 578 458 quid
591 395 750 444 Damascenis
764 394 873 457 loquitur
884 394 911 443 de
923 407 957 443 usu

153 463 275 514 semndum
292 464 353 526 quen
368 464 467 526 pertinet
479 467 507 515 ml
525 465 655 516 exeuntium
669 464 802 528 potentias.

183 535 218 584 tn
234 534 326 583 tertium
343 534 478 596 dineudum,
489 535 550 599 quid
565 537 633 586 etiam
646 537 699 600 ipsa
717 534 782 586 ratio
798 537 959 601 applicaturi
982 599 983 606 ἵ

152 618 210 669 unns
218 605 356 668 iuteiiigeudi
367 607 405 656 vet
414 607 545 670 judicandi,
559 607 697 658 tvoiuutate
709 623 716 657 ι
728 611 753 656 et
765 607 824 658 iden
836 607 957 658 iutettectus
982 607 983 678 )

153 676 307 740 speculativns
329 677 364 727 uti
390 678 472 728 dieitur
493 683 601 742 tauquam
618 678 631 728 'a
650 679 775 729 voluntate
799 683 897 744 metus,
915 679 961 729 sieut
982 681 983 706 ¹

153 748 204 799 atie
220 747 347 798 mauritius
357 749 473 812 nemetis.

451 893 611 943 ARTICULUS
626 893 656 942 ΙΙ.

297 996 382 1042 Utrum
392 998 429 1042 nti
438 997 562 1042 conveniat
572 997 648 1043 brutis
657 999 825 1045 animalibus.

185 1107 219 1155 td
234 1107 359 1156 seeundum
372 1106 593 1172 siepmeeiitnrflt.
605 1107 699 1157 Videtur
713 1107 777 1171 qued
795 1109 835 1158 uti
848 1109 959 1160 nnnneuiet

153 1176 227 1227 brutis
247 1177 392 1227 animatibus.
407 1177 463 1227 Frui
479 1177 541 1228 euim
556 1182 593 1229 est
606 1178 702 1229 nobilius
719 1179 796 1242 quam
813 1181 867 1245 uti,
882 1181 932 1244 quia
943 1185 959 1228 ut

155 1249 295 1312 Augustinus
305 1250 361 1299 dicit
373 1250 397 1300 iu
412 1251 440 1300 X.
453 1253 490 1300 De
505 1251 573 1300 Trin.
591 1251 651 1315 (cap.
665 1250 717 1315 itt),
735 1252 861 1302 «utimur
875 1254 959 1315 eisque

154 1323 182 1370 at
196 1321 256 1370 atiud
275 1311 407 1382 referimus,
420 1334 467 1384 qun
487 1321 610 1371 imeudum
632 1326 675 1372 est.
699 1322 777 1373 »Sed
794 1325 848 1374 irui
867 1327 960 1375 uenient

155 1392 228 1442 bustis
245 1393 395 1455 animalibus,
409 1397 435 1444 ut
448 1391 517 1456 supra
532 1393 618 1443 dictum
630 1397 665 1444 est
675 1395 724 1458 (qu.
739 1397 787 1458 11,
800 1398 852 1446 art.
865 1395 900 1460 i).
915 1396 959 1456 Ειιι

155 1464 228 1514 muitn
243 1464 317 1527 magis
324 1463 434 1515 enuveuit
449 1463 483 1514 eis
492 1465 543 1513 nii.

187 1539 211 1584 tt
226 1536 356 1597 Praterea,
370 1536 483 1599 auptieare
496 1536 597 1586 membra
614 1537 644 1587 ad
655 1536 769 1598 agendum
785 1541 828 1588 est
846 1539 885 1588 uti
902 1549 958 1587 men

144 1604 209 1655 iris.
221 1606 266 1656 Sed
274 1606 456 1657 intramurana
467 1605 583 1670 applicant
591 1607 692 1657 membra
700 1608 727 1656 ad
738 1607 833 1672 aliquid
844 1610 958 1672 egendum,

155 1676 214 1727 sieut
231 1678 302 1740 pedes
319 1677 536 1741 adambulandum,
553 1691 638 1729 cornua
654 1679 682 1728 ad
699 1678 899 1742 percutiendum.
914 1681 959 1742 Eiet

155 1747 227 1797 brutis
239 1749 375 1800 animalibus
385 1749 493 1800 convenit
503 1750 553 1798 uti.

185 1819 229 1869 Sed
246 1824 325 1870 mntm
347 1825 398 1884 est,
418 1821 479 1884 quei
497 1820 635 1883 Augustinus
658 1821 712 1871 dicit
730 1820 756 1871 iu
776 1822 824 1872 liis.
850 1824 959 1876 Lxxxttt.

155 1893 289 1952 Qnoeatien.
300 1892 353 1956 (qu.
367 1897 405 1955 tt,
418 1896 472 1956 art,
482 1894 509 1941 ut
519 1892 601 1956 sapui)
614 1908 619 1942 ς
631 1893 695 1943 «Uti
708 1893 786 1958 aliqui
794 1909 824 1946 re
837 1911 888 1946 neu
900 1899 959 1960 pant

155 1963 199 2013 uisi
210 1964 296 2013 enimet
305 1966 367 2028 quun
383 1963 478 2016 untionis
490 1969 526 2014 est
539 1964 661 2027 particeps.
674 1981 688 2012 ιι

186 2036 346 2099 (Cornutum.
361 2035 480 2086 -Nuilus
494 2049 550 2086 usus
563 2035 636 2086 bruis
646 2036 797 2100 auimailbus,
811 2053 867 2088 cum
878 2040 956 2090 ratione

156 2111 261 2170 eareuut,
273 2111 299 2157 et
314 2121 384 2156 uuum
395 2107 424 2156 ad
435 2107 532 2157 atterum
545 2107 629 2158 reterre
640 2107 756 2169 nesciant,
771 2115 913 2175 competere
925 2124 956 2174 pn-

155 2178 227 2235 test.)

187 2250 321 2313 Respondes
333 2249 467 2312 dicendum,
482 2249 542 2314 quud
557 2251 616 2301 sieut
632 2251 717 2301 dictum
732 2257 769 2301 est
780 2253 791 2318 (
799 2259 851 2304 aut.
866 2257 913 2319 1),
926 2257 955 2303 ιιι

156 2323 190 2368 est
207 2321 320 2384 applicare
334 2321 424 2384 aliquod
438 2321 576 2386 principium
594 2323 691 2372 untionis
708 2323 735 2372 ad
754 2324 893 2391 ationem,
907 2329 953 2377 sinu

156 2394 292 2443 comentur
304 2396 339 2444 est
351 2393 463 2457 applicare
476 2397 565 2443 mutum
579 2395 727 2458 appetitivum
740 2395 769 2444 ad
784 2395 874 2460 aliquid
895 2411 955 2462 appe

157 2463 250 2511 tendum
260 2501 267 2525 ,
276 2467 302 2512 ut
311 2465 396 2513 dietum
405 2468 440 2516 est
451 2467 500 2528 (nu.
510 2469 549 2526 15,
558 2468 601 2514 art.
612 2469 635 2528 t,
644 2469 659 2514 ι
667 2469 691 2515 et
699 2465 734 2528 3).
747 2467 872 2530 tpptioere
887 2475 955 2520 auten

155 2533 239 2595 utquid
256 2535 284 2583 ad
300 2535 394 2585 alterum
412 2550 459 2586 nnn
477 2540 513 2586 est
529 2536 573 2586 uisi
586 2537 637 2600 ejus
656 2538 715 2600 quini
733 2539 802 2588 nabet
817 2553 893 2603 super
912 2541 956 2590 iiiut

155 2603 284 2664 arbitrium,
300 2607 360 2667 qnod
373 2620 419 2656 uon
436 2611 473 2657 est
490 2607 536 2656 uisi
553 2607 604 2671 ejus
617 2607 657 2672 qui
670 2607 711 2658 seit
726 2608 813 2661 reterre
832 2612 923 2676 aliquid
936 2613 955 2660 iu

154 2676 265 2737 atterum,
279 2677 339 2737 quun
357 2678 384 2725 ad
402 2678 514 2728 rationem
532 2681 652 2742 pertinet:
668 2684 692 2730 et
709 2681 761 2731 ideo
781 2681 858 2732 seium
877 2684 958 2734 animet

154 2746 262 2796 ratinnate
276 2750 300 2795 et
312 2749 427 2798 consentit
439 2751 556 2803 esuritur.

187 2887 218 2946 et
233 2891 266 2933 m
279 2889 315 2934 tis
324 2889 395 2934 aiem
408 2893 488 2954 ειμι,
503 2907 544 2954 qu.
556 2894 584 2941 ιι
593 2902 660 2956 ,ιιι
670 2895 711 2957 te,
724 2896 786 2954 ιιι.
