1984 3309
144 170 174 215 ts
329 176 388 215 nnus
406 178 426 223 ι,
443 176 536 220 consu.
553 178 638 225 suurn,
653 178 711 215 sur.
728 179 755 216 ιι.

142 264 181 315 illu
191 263 300 313 ponende
311 276 352 327 per
359 262 403 313 noc
416 262 477 325 quod
489 276 567 326 uque,
578 262 685 325 quumvis
692 263 740 314 sint
749 266 882 318 naturaliter
891 282 950 331 gra·

141 348 198 398 ves,
212 334 293 384 vincte
305 338 381 387 tanen
399 334 478 388 dirius
489 347 558 397 super
571 333 642 384 coelos
655 334 808 387 continentur.
822 337 869 389 Sed
882 340 948 391 lunc

141 406 276 459 solutionem
294 404 433 467 Augustinus
452 406 568 468 excludit,
582 406 625 456 tin.
644 406 665 457 ll
682 406 767 471 Super
779 408 839 458 Gen.
864 410 949 463 dicens

143 480 211 544 (cup.
222 477 257 542 l),
273 476 334 540 prod
350 494 364 525 ιι
378 492 440 529 nunc
453 480 643 542 quemadmodum
654 480 714 529 lleus
732 479 832 531 institnit
848 486 947 537 nutrires

139 563 228 612 runnu,
243 548 350 599 conuenit
360 562 472 613 querere,
484 564 532 601 uon
544 550 599 613 quid
609 552 635 601 iu
648 551 685 601 eis
701 553 729 602 ed
744 552 879 602 miraculum
895 569 948 607 suae

140 621 247 685 potentie
258 620 312 671 velit
320 621 417 684 operari.
428 622 514 673 »Unde
525 622 592 672 aliter
601 622 723 673 dicendum
732 626 777 685 est,
788 623 849 686 qnod
861 638 947 677 secun-

139 691 192 743 dium
206 694 263 744 dues
275 693 365 744 dimus
375 694 495 757 opiniones
512 694 541 744 dc
555 694 622 758 equis
635 698 659 744 et
673 695 814 745 tlrmumento
827 699 896 759 putet·
905 712 948 748 so-

139 764 195 815 lutio
206 778 235 815 ex
243 765 373 829 premissis.
382 766 509 817 Secundum
520 770 597 816 eutem
605 768 702 831 primam
711 766 843 830 opinionem
851 773 948 832 oportet

139 850 224 900 ponere
237 838 305 888 ulium
322 838 423 888 ordinem
440 838 464 887 in
480 838 614 901 elementis,
628 836 696 900 quim
710 840 842 889 Aristotcles
855 845 946 905 pouut,

138 913 165 961 ut
177 910 280 973 quedam
291 922 355 973 uque
364 910 444 975 spisse
453 911 500 960 sint
509 910 569 960 circe
576 914 669 972 terrum3
681 910 785 972 predum
792 910 848 962 uero
858 914 947 963 munes

138 981 197 1033 circu
209 981 333 1045 coelum‚ut
345 982 377 1032 sic
386 996 411 1033 se
420 982 520 1033 hubeuut
530 981 575 1031 ille
585 982 614 1031 nd
625 981 716 1044 mlum,
727 980 786 1031 sicrrt
795 981 844 1031 isles
853 983 883 1032 ud
897 987 947 1033 ter-

137 1066 199 1116 rum;
213 1053 251 1103 vel
270 1052 331 1117 quod
347 1068 389 1118 per
402 1066 484 1119 equum
498 1052 638 1116 intelligutur
655 1053 750 1102 insteriu
766 1066 900 1117 corporum,
916 1060 948 1105 ut

138 1124 224 1177 dictum
237 1131 281 1177 est.

168 1198 202 1248 dd
209 1198 333 1247 secundum
340 1195 409 1247 etiam
417 1199 481 1259 putet
489 1194 572 1245 solutio
579 1208 609 1245 ex
618 1195 741 1259 premissis
749 1195 873 1246 secundino
883 1198 945 1249 dues

139 1268 229 1319 ultimus
243 1268 371 1333 opiniones.
389 1266 517 1320 Smuoddm
529 1266 585 1318 uero
601 1267 697 1330 primurn
708 1268 832 1332 respondet
844 1269 945 1321 &ndns

137 1340 257 1404 dupliciter
272 1353 335 1390 :uno
344 1340 420 1403 modo,
430 1338 484 1403 quia
494 1339 541 1389 sion
549 1338 754 1401 estuensssurium
767 1342 794 1387 ut
804 1344 945 1403 omucquod

136 1410 161 1461 in
174 1424 273 1462 concavo
289 1413 384 1475 uppcret
397 1410 533 1474 reundum,
547 1410 579 1460 sit
595 1410 665 1460 stium
680 1422 749 1473 supm
764 1410 886 1460 rotundum
899 1425 945 1463 seu

135 1495 273 1533 consenum.
290 1480 409 1545 Secundo,
426 1481 479 1545 qudo
495 1495 560 1544 uqrre
572 1495 624 1545 quus
641 1484 696 1531 sunt
710 1494 779 1545 suprn
790 1480 877 1543 culos,
893 1496 944 1534 non

136 1558 190 1606 suut
204 1554 295 1617 loide,
306 1555 346 1604 sed
356 1553 421 1616 qussi
434 1553 524 1615 glaciali
536 1553 650 1605 soliditate
662 1556 726 1604 extre
737 1552 820 1604 culum
833 1552 942 1606 drmutae.

138 1627 200 1677 Unde
213 1629 236 1676 et
247 1624 403 1689 equibusdenr
414 1624 520 1674 muctar
527 1624 617 1675 coelum
629 1623 820 1689 crystallinum.

167 1697 201 1747 ld
213 1696 308 1747 tertium
319 1696 454 1757 dicendum,
469 1694 530 1757 quod
548 1694 672 1747 secuudum
683 1696 776 1746 teu-lim
787 1694 942 1760 epimonem,

135 1781 199 1831 uque
211 1771 264 1817 sunt
279 1780 348 1830 supra
362 1766 530 1815 firmamentum
545 1766 707 1830 saporabiliter
724 1768 820 1818 eleuetae
827 1771 944 1832 ,propter

134 1839 257 1889 utilitatem
273 1838 409 1902 pluviarum.
425 1837 556 1887 ¹Secundino
574 1837 629 1888 uero
649 1839 771 1888 secundum
789 1836 942 1905 opinionem,

136 1924 200 1973 uque
207 1912 260 1959 suut
272 1922 339 1972 supra
350 1908 528 1973 firmamentum,
537 1910 560 1960 id
569 1913 615 1973 est,
624 1910 706 1961 coelum
714 1913 789 1959 toturn
797 1910 943 1972 diuplne'num

135 1982 219 2044 ubsque
237 1978 317 2029 stellis.
328 1979 397 2039 Quod
416 1980 508 2043 quidem
524 1984 613 2044 ponuru
629 1982 745 2044 primum
759 1979 862 2041 mobile,
878 1984 943 2045 quod

134 2053 232 2103 revolvit
246 2055 320 2102 totum
336 2051 417 2101 coelum
436 2055 500 2102 ructu
516 2053 612 2116 dirnno3
626 2056 653 2102 nt
671 2056 777 2117 operetur
794 2058 836 2116 per
851 2058 942 2105 motum
982 2086 984 2100 .

134 2122 241 2173 diurnum
251 2122 425 2174 continuitatem
437 2124 603 2187 generetinnis,
620 2124 680 2175 sieut
692 2125 774 2175 culum
788 2124 869 2187 inquo
884 2132 942 2177 sunt

134 2195 211 2245 sidera
226 2208 267 2258 pcr
285 2198 372 2245 motum
391 2196 430 2259 qui
446 2200 482 2246 est
496 2196 621 2249 secundum
634 2197 754 2247 Zodieeum
767 2195 817 2260 (l),
830 2202 943 2259 operetur

134 2265 289 2315 drensitetem
299 2266 452 2329 generationis
464 2270 490 2317 et
501 2268 665 2331 corruptionis,
676 2280 719 2331 per
730 2281 850 2318 accessum
863 2273 888 2318 et
900 2282 941 2319 re-

135 2349 241 2401 cessum,
260 2341 283 2387 et
303 2350 344 2401 per
359 2338 463 2389 diversus
481 2339 580 2405 uulnus
601 2340 726 2390 stellarum.
739 2339 868 2391 Secundum
882 2342 942 2392 uero

134 2408 230 2472 primam
245 2408 392 2474 opinionem,
407 2423 471 2475 uque
485 2413 540 2460 sunt
553 2410 601 2473 ini,
612 2415 638 2460 ut
650 2410 745 2461 Besilus
758 2411 827 2474 dicit,
841 2412 873 2461 ad·
881 2426 943 2463 cou-

134 2480 306 2543 temperundum
319 2482 416 2532 calorem
429 2480 557 2532 coelestium
569 2494 698 2546 corporum.
711 2481 783 2546 Cujus
795 2482 887 2545 signum
900 2496 941 2534 ac·

168 2632 199 2696 (1)
216 2636 252 2682 Sic
269 2636 355 2683 dictum
375 2637 388 2681 l
405 2636 477 2693 ligure
497 2638 535 2683 rel
551 2636 626 2695 effigie
648 2638 783 2683 animalium
799 2650 851 2695 qum
866 2639 892 2684 in
909 2652 941 2685 eo

134 2704 227 2755 propter
243 2700 427 2746 conlormitntem
444 2698 569 2744 effectuum
584 2701 737 2758 imaginemur
753 2713 783 2745 ex
793 2713 869 2758 prmo
880 2701 940 2759 ζώω

134 2771 171 2817 vel
185 2764 267 2830 ξωδίον
279 2778 304 2817 et
317 2782 368 2827 ques
381 2771 487 2815 dcuntur
500 2772 566 2828 signu
580 2773 693 2817 mensium
708 2772 844 2830 duodecim,
859 2776 940 2824 aries,

134 2845 236 2893 taurus,
250 2842 356 2899 ymni,
371 2853 467 2891 cunrsn,
481 2841 532 2892 lec,
544 2844 631 2900 clepo,
643 2844 774 2900 scorpius,
787 2844 938 2895 areium,

133 2904 226 2961 pisces,
239 2912 285 2949 etc.
