1984 3309
157 166 202 213 ffb
318 175 391 214 erun
404 173 534 226 eumaem,
549 173 643 220 onmem
655 173 686 223 v,
701 173 757 213 tur.
774 177 799 213 n.

187 255 211 301 2.
229 255 357 315 merea,
371 251 487 302 beatitudo
504 254 539 301 eet
557 263 671 302 summum
689 251 784 302 bouum.
801 252 846 304 Sed
864 264 944 304 summo

156 338 201 374 nou
212 328 350 389 potestesse
361 323 538 388 diquidmujus.
550 323 610 386 Ergo
621 322 762 374 beatitudine
776 323 844 374 unius
856 325 947 375 huminis

155 411 202 447 non
211 399 287 460 potest
300 409 353 446 esse
365 395 410 445 alia
421 396 494 460 major
507 396 633 446 beatitudo.

185 475 210 518 3.
225 469 351 530 Praeterea,
364 467 481 518 beatitudo
495 467 548 518 oium
563 466 593 518 sii
603 467 732 530 perfectum
750 472 775 518 et
787 467 903 519 suffieiens
913 470 946 518 bo-

155 551 222 602 num,
237 537 373 590 desiderium
385 538 486 589 bominis
500 539 598 602 quietat;
611 540 652 589 aed
667 551 714 589 oon
730 539 849 603 quietatur
865 541 946 591 deside-

153 610 227 673 rium,
241 609 262 660 si
275 609 365 673 atiquod
377 610 463 660 bonum
476 611 541 660 deest
557 611 618 674 qnod
633 609 735 674 supmeri
748 611 833 674 possit.
848 613 875 662 Si
883 617 945 662 autem

154 682 213 732 nibil
221 681 286 732 deest
296 682 357 744 quod
369 681 471 745 suppleri
481 682 568 744 possit,
581 695 627 732 non
640 681 725 745 poterit
734 695 787 733 esse
797 683 885 747 aliquid
897 682 945 732 atiud

154 753 228 817 majus
239 755 333 803 bonam.
350 754 410 816 firgo
424 754 461 804 uef
471 755 541 804 bomo
554 767 602 804 nou
617 757 653 804 est
668 756 765 815 beatum
778 755 817 806 uel
829 755 850 806 si
862 760 896 806 eut
904 756 946 804 bea-

154 829 201 885 tus,
215 837 262 874 non
271 826 347 888 potest
356 824 401 874 alia
409 824 481 889 major
493 824 609 886 beatitudo
620 839 679 876 esse.

184 897 229 946 Sed
242 899 320 946 tonna
331 899 379 952 eat.
391 897 452 959 quod
463 895 548 945 dieitur
558 897 647 956 Joon„
658 897 709 948 XlV
723 912 730 944 t
744 913 758 944 u
768 897 795 948 fn
806 899 876 950 domo
887 897 945 949 Patri

80 982 83 985 ·
154 967 199 1016 mei
207 967 338 1018 mansiones
346 969 422 1017 mutim
430 970 496 1030 suut;
507 983 520 1013 u
530 981 571 1031 per
582 971 681 1031 queant
692 969 838 1032 Augustinus
848 969 901 1020 dieii
909 972 943 1028 tft.

155 1039 273 1089 «diuersa
284 1038 416 1090 meritorum
424 1038 547 1102 dignitates
554 1039 713 1104 iuteft'rguntur
728 1040 753 1089 iu
766 1039 817 1092 vita
832 1047 944 1102 aternam

153 1109 251 1173 dignitas
268 1111 331 1160 euim
347 1111 401 1161 uite
418 1114 523 1171 eterna,
541 1125 592 1174 qua
605 1125 648 1174 pro
662 1111 743 1162 merito
761 1113 844 1178 dator,
859 1118 894 1164 est
907 1113 945 1176 ipa

152 1180 276 1233 beatitudo.
291 1183 350 1245 firgo
361 1175 414 1232 a'uut
427 1182 512 1232 diuersi
528 1183 610 1245 gradum
623 1181 786 1245 beatitudinis,
805 1189 831 1234 et
845 1199 894 1237 non
906 1199 945 1233 ou-

152 1252 216 1303 ainm
233 1258 270 1303 eet
282 1254 376 1317 aquatio
388 1253 514 1305 beatitudo.

182 1325 381 1390 (commuuio—
391 1327 443 1376 Non
459 1329 533 1391 potest
550 1326 666 1378 beatitudo
680 1339 726 1378 una
745 1339 777 1378 ex
789 1331 858 1393 parte
875 1329 944 1392 objecti

152 1396 197 1446 aiii
211 1398 283 1461 major
298 1410 363 1460 esee,
375 1398 415 1448 sed
427 1397 551 1448 ueemdium
564 1397 693 1449 fruitionem
707 1398 771 1464 ejua3
784 1400 842 1463 quia
855 1402 944 1451 adusta

152 1469 197 1519 atio
211 1467 295 1518 melida
309 1468 432 1532 dispositus
440 1469 470 1519 ad
478 1481 543 1532 eam,
553 1483 613 1520 uuus
626 1469 695 1521 altero
704 1470 794 1522 beatior
807 1485 862 1524 esse
871 1475 942 1538 potest

182 1540 317 1603 fteupondeo
328 1540 459 1604 ditandum,
475 1539 536 1605 qudd
549 1541 608 1591 sicut
621 1541 690 1605 eupri
704 1541 843 1595 dictumest
857 1545 911 1610 (qu.
922 1546 944 1600 f,

151 1614 193 1660 art.
204 1614 233 1670 8,
245 1613 269 1660 et
281 1625 320 1674 qu.
336 1616 367 1673 2,
383 1615 427 1662 art.
438 1615 452 1660 ‘t
461 1611 485 1675 t,
501 1611 526 1662 in
542 1613 630 1663 ratione
647 1613 795 1665 beatitudiuis
816 1617 865 1667 duo
882 1614 944 1666 indu-

151 1682 249 1744 duntnr,
263 1683 350 1734 soifioet
362 1683 413 1748 ipse
427 1683 478 1734 finis
495 1685 604 1749 urltimua,
619 1685 660 1749 qui
673 1689 711 1736 esf
723 1700 842 1738 summum
855 1689 944 1746 bonum,

151 1756 175 1804 et
192 1753 283 1816 adeptio
299 1756 334 1805 ref
348 1756 428 1808 fruitio
441 1757 514 1820 ipsius
533 1757 595 1807 boni.
616 1760 730 1818 Quantum
744 1757 816 1821 igitur
831 1760 864 1811 ad
880 1761 946 1824 ipsum

150 1825 235 1876 bonum
248 1827 308 1890 quod
325 1831 360 1878 est
379 1828 527 1880 beatitudiuis
541 1829 657 1893 objeetum
671 1833 694 1879 et
712 1843 798 1894 eausa,
816 1844 867 1882 non
883 1835 947 1896 potest

151 1910 201 1949 esse
210 1911 256 1948 uua
266 1899 385 1950 beatitudo
398 1899 442 1950 atii
452 1901 535 1965 major,
546 1900 599 1964 quia
609 1914 654 1951 non
661 1903 697 1950 est
704 1900 749 1950 nisi
757 1915 830 1952 unum
839 1916 946 1954 summum

151 1971 243 2034 bonum,
255 1971 343 2023 seilicet
354 1973 415 2023 fieus
424 2011 431 2034 ,
440 1973 506 2036 eujus
521 1973 628 2024 fruitione
641 1973 746 2024 hominos
760 1977 815 2024 suut
825 1975 897 2026 beati.
910 1972 946 2023 Sed

149 2045 259 2106 quantum
272 2043 301 2092 ad
309 2043 452 2107 adeptionem
466 2045 599 2109 hujusmodi
613 2045 667 2096 boni
675 2045 712 2095 uei
721 2044 866 2110 fruitionem,
879 2049 947 2111 potest

150 2113 232 2178 aliquia
247 2113 291 2165 alio
302 2127 353 2165 esse
368 2115 468 2179 beatior3
482 2115 536 2179 quia
547 2115 632 2179 quanto
643 2114 716 2180 magis
729 2115 775 2165 hoe
787 2116 848 2167 bonu
860 2117 945 2167 fruitur.

147 2186 212 2237 tanti
224 2186 310 2238 beatior
321 2191 366 2237 est.
378 2187 497 2250 Contingit
508 2192 587 2238 autem
597 2188 697 2252 aliquem
711 2186 839 2252 perfeetiim
848 2189 894 2244 frui
906 2190 946 2237 beo

148 2257 216 2321 quim
231 2259 313 2321 atium,
328 2271 358 2308 er
370 2271 399 2308 eo
412 2258 475 2323 qndd
495 2263 532 2310 est
547 2259 631 2310 meliis
643 2258 819 2323 dispositurum
835 2259 946 2310 ordinatus

148 2329 178 2379 ad
187 2329 239 2392 ejus
250 2329 381 2382 fruitionem
392 2344 398 2379 a
411 2333 435 2380 et
443 2329 567 2381 seeundum
578 2332 622 2381 boo
630 2332 704 2395 potest
715 2329 801 2392 aliquis
808 2330 854 2381 aiio
865 2329 946 2380 beatior

146 2413 206 2451 esse.

179 2472 214 2521 ad
225 2472 323 2534 primum
339 2473 541 2538 mendicandum,
555 2475 614 2539 quid
636 2474 713 2526 unitas
731 2474 821 2539 denarii
838 2473 945 2538 signidem

79 2570 83 2581 ι
104 2557 110 2567 ·
147 2541 258 2594 unitatem
275 2544 422 2596 beatitudinis
439 2559 468 2598 ex
484 2549 548 2611 parte
567 2546 666 2612 objecti;
687 2545 728 2597 sed
748 2545 869 2597 diuauaitm
884 2556 946 2595 meu·

183 2650 213 2712 (Ω)
228 2655 342 2710 expresse
355 2657 431 2701 Traot.
443 2659 523 2703 LXVII
534 2659 558 2702 in
571 2659 657 2708 douo..
669 2657 705 2702 tuis
716 2657 795 2703 verbis
809 2673 815 2700 ι
827 2656 945 2700 omrem

148 2715 259 2760 omoibeu
275 2717 375 2772 mquft
389 2723 422 2764 eat
435 2732 482 2776 ooo
492 2721 544 2765 utto
554 2721 713 2779 afqoifiootttr
722 2721 825 2768 uerbo.
834 2718 943 2776 emittm

148 2776 249 2820 moeudt'
262 2788 313 2820 eoa
327 2780 360 2820 eat
376 2778 512 2826 diomedea
528 2784 796 2832 mtemitotemematro.
805 2787 827 2827 et
840 2781 942 2838 ampliet

147 2836 199 2906 otio
210 2850 280 2881 nemo
289 2838 360 2882 vibit.
374 2839 421 2885 sod
436 2845 519 2889 mette
528 2847 664 2892 mantuae
675 2845 786 2890 minius
801 2843 941 2890 mmmm

149 2908 178 2938 ao
186 2909 239 2942 otto
251 2899 304 2943 uite
314 2902 405 2945 uem
415 2904 559 2962 moufieuot
567 2907 707 2966 aequitate.
