1984 3309
221 176 252 212 ns
267 173 370 214 terrosa
386 173 533 219 domorum
548 174 685 214 auarum.
805 164 852 214 bob

47 252 237 318 qubdaaorpora
245 251 353 303 crassiora
361 255 385 302 et
392 251 853 316 interiora,persubtiiiorartpotontiora

45 326 148 388 quodam
161 322 243 374 ordino
255 326 371 388 regnatus.
387 326 443 374 alli
460 324 581 390 binupsim
600 323 668 387 dicit,
685 323 723 374 lv.
746 337 796 388 esp.
815 325 855 374 De

46 399 100 450 dia.
115 399 235 460 Nomia„
248 397 309 462 qubd
318 416 333 448 a
341 399 419 449 lumea
427 397 482 450 solis
493 399 522 450 ad
532 398 701 463 generationem
710 397 854 448 sensibilium

47 483 173 536 corporum
188 471 289 532 ambri,
303 474 327 522 at
347 471 376 522 ad
393 471 465 521 ritum
480 471 555 535 ipsam
573 473 662 528 morat,
682 472 707 520 et
726 470 810 533 nutrit,
830 473 856 520 ot
913 493 921 504 ·

48 545 118 607 auget
125 579 134 606 ,
149 547 175 594 ei
190 542 289 606 pertinit
300 559 316 590 n

82 616 247 679 (emmaum.
255 615 390 679 -Gorpom
406 614 521 678 ooelestia,
534 615 587 664 oium
600 613 689 664 tannim
698 613 794 676 'mobilia
805 615 853 665 sint

49 685 183 738 seouadbur
192 685 285 737 lationis
297 690 396 749 motam,
412 699 479 737 eausa
493 688 547 738 aum
560 685 662 736 omnium
675 696 753 736 eorum
765 698 818 749 qua
830 684 855 736 iu

49 761 84 810 bis
97 757 235 824 torpombns
248 755 392 810 interioribus
404 757 472 808 uariis
489 755 721 821 motibusaquutur.)

80 831 223 894 Respondes
233 829 368 891 dicendum,
378 830 438 894 qudd
447 829 500 880 oium
511 829 588 880 omnis
597 829 715 879 multitado
726 829 754 878 ab
764 829 854 880 unitate

50 904 173 967 pronumtp
185 902 248 966 qaod
257 906 332 952 autem
344 901 460 952 immobile
472 905 523 963 est,
531 913 579 951 uno
588 900 657 949 modo
667 913 693 950 se
701 900 783 961 babat3
794 902 855 964 quod

51 975 103 1026 verb
112 978 232 1036 mouetur,
243 973 417 1024 multiformiter.
430 972 622 1022 Considerandum
634 975 671 1020 est
679 969 703 1020 in
714 973 762 1020 tota
773 976 856 1022 natura

50 1046 110 1110 qubd
124 1045 203 1097 omnis
221 1048 296 1095 motus
306 1045 334 1094 ab
348 1043 622 1107 transbumbranam
635 1042 701 1103 ideo,
715 1042 800 1106 quanto
813 1042 853 1092 ali·

51 1133 97 1181 qua
106 1118 184 1182 magis
194 1121 252 1168 aunt
261 1117 398 1180 immobilia,
408 1115 472 1167 tnntb
484 1119 537 1166 sunt
546 1114 619 1178 magia
630 1116 700 1164 rausa
709 1121 788 1164 eornm
804 1127 855 1178 qua

52 1194 104 1240 sunt
117 1189 201 1252 magis
211 1189 314 1239 mobilia.
335 1189 434 1252 Corpora
452 1191 526 1238 mrtem
545 1184 646 1238 celestia
663 1188 717 1237 sunt
735 1185 795 1236 iuter
812 1186 856 1235 aliu

52 1260 232 1326 corporumagia
242 1259 382 1322 immobilia,
392 1271 439 1310 nen
450 1259 513 1309 euim
522 1261 641 1309 morentur
650 1257 696 1307 nisi
705 1262 768 1306 motu
780 1257 853 1306 torali.

54 1336 80 1383 Ει
93 1335 147 1386 ideo
161 1336 239 1384 motus
251 1333 333 1382 horam
346 1331 477 1382 interiorum
491 1343 627 1394 corporum,
644 1329 749 1392 qni-suut
761 1327 818 1378 uarii
831 1330 856 1377 et

53 1406 220 1466 multiformes,
235 1403 409 1454 murenarum
424 1405 512 1453 motum
524 1401 625 1466 mrporis
635 1399 747 1458 caelestia,
758 1397 819 1447 sicat
831 1397 857 1447 iu

54 1491 155 1530 eausam·
778 1491 784 1501 ’

85 1551 119 1600 ld
131 1548 234 1612 primum
245 1559 298 1610 ergo
312 1547 443 1609 denudum,
453 1544 515 1610 qabd
529 1545 614 1595 dietam
627 1541 761 1593 bnmnsaeni
774 1541 859 1592 intelli·

56 1622 156 1684 gendum
171 1623 220 1682 eat,
234 1615 296 1682 qubd
307 1621 398 1682 corpom
410 1616 512 1668 salustia
524 1629 571 1666 aon
585 1619 639 1666 suut
651 1613 724 1678 prima
738 1626 805 1663 musa
819 1626 858 1676 ge-

56 1691 187 1746 nerationis
196 1695 221 1742 et
234 1689 385 1754 rorruptionis
395 1701 472 1740 eorum
484 1700 535 1752 que
547 1687 587 1738 bic
597 1687 654 1736 liunt
664 1701 670 1734 ι
681 1685 740 1736 sient
751 1684 861 1735 dicebant

54 1762 84 1814 illi
99 1763 142 1828 qui
160 1763 277 1828 ponebant
293 1772 386 1826 corporo
400 1759 501 1811 antestis
512 1771 563 1809 esse
577 1759 641 1808 deos.

85 1837 121 1886 iud
136 1834 264 1886 meandum
275 1833 409 1896 dinendum,
419 1829 479 1894 qudd
490 1828 602 1894 principia
613 1828 721 1878 andreia
734 1828 784 1877 latis
795 1827 859 1878 inio-

55 1907 154 1959 rinribus
167 1904 300 1969 corporibus
311 1917 357 1955 non
371 1903 518 1954 inueniuntur
526 1901 572 1952 nisi
586 1899 705 1964 quadratas
720 1899 799 1949 aetia-e
812 1899 860 1948 ele-

55 1981 202 2040 mentorum,
218 1989 269 2040 quaa
286 1978 338 2026 sust
354 1974 450 2024 ualidum
463 1976 485 2023 et
503 1971 623 2035 frigidum,
641 1973 665 2020 at
676 1969 816 2033 hujusmodi.
831 1971 860 2016 lit

58 2049 77 2098 si
95 2048 130 2100 sio
150 2052 225 2109 osset,
242 2045 302 2109 qubd
320 2046 399 2096 formae
419 2041 579 2094 substantiales
591 2039 723 2089 interiorum
741 2052 863 2102 corporum

59 2136 103 2172 non
128 2119 338 2172 diversificareutur
366 2115 411 2166 nisi
434 2112 559 2166 secundbm
584 2110 714 2175 hujusmodi
736 2109 863 2160 accidentia

59 2205 156 2257 quorum
169 2189 281 2256 principia
295 2201 384 2239 raram
396 2190 419 2238 et
434 2186 540 2237 densam
553 2182 641 2245 antiqui
653 2181 766 2232 naturales
780 2194 863 2246 posue·

60 2268 124 2328 mnt;
142 2276 189 2314 nou
203 2263 319 2325 oporteret
333 2259 460 2322 superbae
474 2253 581 2304 interiora
592 2265 685 2316 corpora
698 2251 789 2315 aliquod
801 2251 864 2316 prin·

61 2335 148 2399 cipiunt
162 2332 261 2384 nonaum
274 2343 371 2396 ponera,
385 2329 425 2380 aad
438 2328 487 2392 ipsa
498 2325 630 2377 suidoerent
643 2323 671 2372 ad
680 2325 800 2386 agendum.
819 2324 863 2375 Sed

62 2407 122 2458 reotd
142 2402 339 2458 oonsidaramibns
357 2403 450 2465 apparet
468 2398 529 2462 quod
547 2394 676 2460 hujusmodi
699 2394 824 2446 accidentia
840 2409 865 2445 se

62 2479 149 2529 babent
166 2475 227 2526 siant
242 2473 372 2524 materiales
384 2469 546 2534 dispositiones
564 2467 596 2518 ud
605 2467 690 2521 formas
706 2466 866 2517 substantiales

63 2548 200 2600 naturalium
214 2557 342 2610 corporum
356 2542 450 2594 linteus
459 2545 536 2590 autem
547 2553 594 2589 ann
604 2539 686 2588 suffieit
699 2539 728 2588 ad
742 2538 865 2602 agendum.

64 2621 165 2671 titides
189 2621 278 2682 oportet
298 2628 367 2680 super
388 2615 429 2666 aas
451 2611 581 2663 materiales
597 2610 764 2674 dispositiones
782 2622 866 2673 ponere

65 2692 155 2755 aliquod
168 2689 307 2755 principium
321 2685 429 2738 activum.
441 2683 506 2734 Unde
520 2681 626 2742 platonici
640 2685 766 2746 posuerunt
779 2681 866 2744 species

67 2765 196 2828 separatas,
209 2759 333 2814 secuudum
344 2771 438 2822 quarum
448 2751 642 2820 participationem
651 2753 759 2804 iuferiora
772 2763 867 2814 corpora

67 2831 228 2886 substantiales
244 2832 328 2884 formas
340 2831 520 2894 aonaeqmntnr.
531 2825 576 2876 Sed
586 2825 630 2875 boo
642 2839 688 2876 uon
699 2823 788 2882 ridetur
801 2821 867 2871 suiti-

68 2919 131 2970 rere3
145 2904 200 2970 quia
216 2903 303 2969 species
312 2905 423 2968 sepmata
434 2911 525 2966 semper
537 2896 618 2949 eodem
630 2897 698 2949 modo
711 2907 736 2946 se
748 2893 867 2954 baberent,
