1984 3309
124 126 169 175 eit
193 110 201 123 '
296 131 357 174 εεεε
372 134 395 184 r,
413 132 507 179 ounsr.
523 133 635 184 amun,
653 132 707 173 aar.
724 134 753 172 n.

123 215 207 265 lectum
219 214 245 263 in
257 215 322 275 actu,
337 214 432 277 propter
446 211 619 263 similitudinem
632 211 664 262 rei
675 212 816 278 moneta,
827 226 882 278 qnae
898 220 937 266 est
986 209 988 248 ²

123 284 331 336 formaintellectris
342 284 366 333 iu
381 288 440 335 actu.
452 286 481 335 nt
492 284 545 335 ideo
559 284 689 335 intellectus
702 286 818 334 humanus
825 323 835 349 ‚
849 287 894 350 qui
907 288 935 337 tit

124 360 150 408 in
161 362 215 408 actu
226 358 378 423 perspectam
392 358 426 409 rei
440 357 572 420 intellecta,
581 371 623 421 per
635 357 738 414 eamdem
748 358 854 421 speeiem
865 359 938 414 intel·

124 430 210 494 ligitur,
225 433 285 481 stcut
302 442 344 495 per
353 430 449 481 formam
461 442 537 479 suem.
550 430 612 478 idem
629 431 705 479 autem
718 431 756 478 εει
768 429 858 493 dicere,
872 431 938 495 qnod

124 520 140 551 ε
150 504 174 553 in
190 503 289 567 hisquae
304 506 357 554 sunt
372 502 422 553 sine
436 500 547 564 materia,
560 502 621 552 idem
634 504 671 552 est
682 501 816 553 intellectus
830 507 856 554 ει
869 506 935 567 qnod

122 573 275 641 intelligitur,
286 592 300 623 ›>
316 588 343 625 ac
356 575 376 626 si
388 574 515 637 diceretur,
530 573 591 637 quod
605 574 659 635 «gin
671 573 708 623 his
722 587 773 637 qne
791 579 847 625 sunt
861 576 935 627 intel-

122 648 182 699 lecta
194 648 219 698 in
235 652 302 710 actu,
319 648 380 698 idem
397 650 432 698 est
443 645 573 697 intellectus
585 648 610 697 et
622 646 684 709 quod
696 645 844 708 intelligitur.
857 664 873 695 u
890 650 938 701 Per

123 722 167 771 hoo
180 721 243 771 enim
256 719 342 787 aliquid
356 723 392 769 est
407 718 547 768 intellectum
560 719 587 768 in
596 723 662 783 actu,
676 719 737 781 quod
747 718 850 769 estsine
860 724 937 773 mete-

124 793 167 844 ria.
179 794 225 843 Sed
239 793 263 841 in
272 794 317 841 hoc
330 794 366 841 est
378 789 514 849 differentia,
527 790 581 854 quin
592 791 742 854 quorumdam
755 791 866 843 essentie
879 798 938 844 sunt

125 865 174 915 sine
195 864 303 926 materia,
321 863 382 913 sicut
395 860 527 912 substantiae
545 866 668 926 separata,
684 876 741 927 quas
753 863 860 927 ampelos
878 865 938 916 dici-

125 948 192 997 mus,
209 948 305 999 quarum
324 946 466 997 unaquaque
479 937 504 983 ει
517 938 553 984 εει
564 934 679 985 intellecta
694 937 718 985 et
733 937 770 985 est
788 936 935 1000 intelligens.

126 1008 171 1057 Sed
182 1006 285 1071 quadam
296 1018 333 1056 res
346 1008 400 1055 sunt
412 1018 509 1069 marum
521 1005 625 1057 essentia
635 1018 682 1056 non
693 1009 747 1056 sunt
759 1006 811 1057 sine
823 1008 936 1070 εειειεείε,

128 1080 168 1129 sed
184 1078 258 1129 solim
270 1077 431 1129 similitudines
449 1078 477 1128 ab
492 1077 526 1128 eia
546 1078 674 1129 abstracte.
692 1079 755 1128 Unde
770 1080 795 1129 ει
805 1079 938 1131 Commen-

127 1156 188 1202 tator
200 1151 255 1201 dicit
263 1150 288 1200 in
299 1152 338 1200 111.
346 1150 384 1199 De
392 1150 480 1199 animo
489 1150 560 1215 (text.
571 1150 621 1214 itt,
630 1148 690 1213 quod
701 1150 827 1214 propositio
840 1151 938 1203 inducta

127 1236 174 1274 non
187 1224 258 1274 habet
270 1223 402 1284 uentatem,
416 1222 463 1273 nisi
476 1222 502 1272 in
512 1221 648 1273 substantiis
664 1221 782 1286 separans.
795 1222 937 1275 verificatur

126 1295 189 1346 enim
208 1295 374 1361 quodammodo
387 1294 412 1347 in
431 1294 481 1357 eis,
494 1294 557 1361 quod
574 1303 622 1345 non
638 1294 767 1346 conficetur
783 1292 891 1359 initiis,
909 1300 937 1348 ut

127 1368 212 1419 dictum
221 1370 264 1422 εει.

427 1478 586 1533 inuentus
598 1478 627 1530 11.

178 1604 262 1651 Utrdm
271 1604 407 1653 intellectus
415 1608 496 1650 noster
506 1606 630 1663 copnoccct
640 1604 734 1651 habitos
745 1604 884 1665 crcimmper

414 1669 539 1714 essentiam
549 1680 638 1715 eorum.

158 1794 191 1845 ld
209 1794 334 1845 secundum
352 1794 386 1845 sic
407 1796 540 1859 proceditur
558 1796 599 1860 (ιι.
616 1796 712 1847 Videtur
728 1794 789 1861 qnod
803 1798 938 1854 intellectus

127 1869 206 1918 noster
219 1870 342 1929 cognoscat
360 1868 452 1919 habitus
471 1869 554 1919 anima
573 1882 615 1934 per
628 1868 748 1919 essentiam
763 1884 853 1922 eorum.
874 1875 939 1925 Dicit

127 1939 188 1991 enim
202 1939 352 2005 Augustinus,
366 1940 427 1991 XIII.
442 1942 478 1990 De
493 1942 562 1991 Tria.
578 1942 639 2005 (cap.
654 1940 681 2005 l)
691 1958 697 1988 ε
707 1958 722 1989 ε
732 1943 783 1993 Non
796 1943 831 1993 sic
843 1945 938 1998 uidetur

127 2013 185 2063 tides
197 2012 222 2062 iu
233 2012 299 2063 corde
312 2012 337 2062 in
347 2026 393 2077 quo
403 2017 452 2077 εει,
462 2013 522 2064 sicut
531 2015 609 2065 anima
622 2014 718 2065 alterins
727 2014 829 2066 hominis
840 2031 869 2067 er
881 2032 936 2071 mo-

126 2084 188 2136 tibus
200 2084 301 2149 corporis
315 2084 414 2149 uidetur,
429 2086 469 2136 sed
483 2098 534 2135 eam
545 2089 609 2136 tenet
618 2086 745 2137 certissima
759 2086 872 2145 scientia.
887 2091 937 2141 cla-

126 2160 218 2222 matque
238 2157 385 2209 conscientia.
402 2174 415 2205 u
430 2158 462 2208 Et
474 2160 554 2209 eadem
570 2158 630 2208 ratio
645 2161 682 2210 est
700 2159 728 2211 dc
744 2159 797 2209 aliis
815 2162 936 2214 habitibus

126 2228 219 2281 anima.
232 2230 292 2295 Ergo
306 2230 397 2282 habitus
410 2230 491 2283 anime
506 2244 553 2282 non
563 2234 732 2297 coguoscentur
745 2237 789 2299 per
802 2237 879 2299 aetus,
891 2237 935 2288 red

125 2314 167 2366 per
177 2315 273 2365 seipsos.

159 2378 183 2423 ε.
198 2376 325 2440 Praeterea,
343 2388 380 2427 nes
394 2376 523 2428 materiales
541 2391 593 2442 qna
612 2380 666 2428 sunt
682 2380 747 2428 extra
762 2378 877 2442 animam,
893 2394 934 2431 co-

128 2450 267 2508 gnoscuntur
282 2460 324 2511 per
336 2447 381 2497 hoc
401 2448 462 2512 quod
478 2448 637 2501 similitudines
652 2463 730 2500 earum
746 2448 781 2516 (ε)
803 2456 859 2501 sunt
873 2466 935 2519 prae-

128 2517 254 2572 sentiatiter
266 2518 291 2569 in
308 2518 396 2585 auima3
419 2524 441 2571 et
456 2520 508 2571 ideo
522 2520 627 2573 dicuntur
642 2536 683 2585 per
698 2535 751 2573 suas
765 2522 934 2575 similitudines

161 2690 192 2754 (1)
209 2694 242 2738 De
258 2692 294 2737 his
311 2694 380 2739 etiam
398 2694 426 2754 i,
441 2696 469 2755 2,
491 2708 532 2753 qu.
552 2694 596 2754 to,
610 2702 653 2742 art.
670 2696 699 2751 Ως
715 2701 739 2743 et
756 2698 787 2756 i,
802 2698 832 2757 Ξ,
850 2698 931 2759 qut,

128 2761 174 2801 εει.
190 2754 217 2808 1;
233 2760 294 2800 utet
309 2758 351 2816 111,
367 2758 445 2809 stuc,
461 2758 516 2807 dist.
533 2758 577 2812 2³,
593 2772 634 2816 qu.
647 2760 673 2820 i,
688 2767 733 2806 εει.
744 2760 773 2815 23
787 2767 813 2807 et
825 2775 867 2819 qn.
888 2761 931 2823 ld,

127 2820 156 2864 de
168 2818 246 2874 uerit,
260 2824 304 2865 art.
316 2818 357 2875 193
371 2826 396 2866 ει
407 2822 522 2879 Quodlid.
536 2824 605 2882 vul,
618 2830 661 2870 εει.
671 2824 696 2870 t.

162 2884 193 2951 (i)
211 2888 263 2936 sivo
275 2892 428 2952 speciesque
441 2894 528 2940 abillis
540 2905 582 2951 per
599 2894 743 2945 intellectum
756 2898 932 2948 absumuntur.
