1984 3309
205 152 237 189 nu
252 148 388 191 nurirromi
404 150 685 194 murmurantium.
804 148 848 198 tet

334 281 495 338 damnosos
507 283 556 334 Vll.

78 389 165 434 nerum
175 389 256 434 muria
265 402 317 446 qun
328 389 461 445 Deuasner‘t
472 395 559 447 muter
566 392 673 438 ordinem
687 395 823 442 naturalem

177 507 180 515 1
201 492 205 499 ,
303 464 396 506 rerum,
408 451 458 496 sirit
466 453 594 498 miracuta.

78 561 112 611 ad
133 559 257 625 septimum
275 560 310 610 sie
328 558 508 624 prooeditnrlr).
522 561 615 612 Videtur
632 561 693 628 qudd
710 578 757 618 non
775 569 851 620 omnia
877 573 883 586 “

46 645 97 697 quas
114 633 177 682 lions
191 630 245 681 iaeit
259 635 340 694 preter
352 632 454 682 ordinem
466 635 593 684 naturalem
614 649 688 686 rernm
695 674 705 700 ‚
718 638 763 688 sint
784 640 851 693 mira·

47 705 107 754 oola,
124 702 218 754 creatio
231 703 293 752 enini
308 703 387 754 mnndi
402 708 425 753 et
439 702 508 754 etiam
523 705 663 770 auimatum,
678 711 700 758 et
716 710 851 774 justificatio

46 774 123 838 impii,
137 773 220 824 fiunti
233 775 281 824 lieo
295 777 379 837 prater
390 775 493 826 ordinem
506 777 647 842 naturalem3
659 791 705 829 iioii
722 780 783 832 enim
795 783 852 834 liunt

45 859 87 909 per
104 844 220 896 actionem
237 845 335 910 aiicujus
349 858 423 896 oansae
437 847 554 898 naturalis.
570 849 598 898 Et
613 852 690 900 tamen
708 851 759 901 lieo
772 855 851 904 mira-

47 916 106 966 cula
121 930 169 967 non
187 916 302 967 dieantur.
317 917 377 979 lirgo
394 930 440 966 non
457 919 534 968 omnia
554 931 604 982 qua
623 919 677 970 lauit
692 922 751 972 Dans
769 929 851 987 prater

49 988 154 1038 ordinem
168 988 295 1038 naturalem
308 1001 394 1052 rerum,
408 992 461 1038 sunt
470 990 588 1040 miracula.

82 1063 106 1108 2.
120 1062 249 1122 preterea,
268 1059 402 1109 minimum
416 1061 500 1110 dieitur
513 1061 598 1125 aliquid
611 1064 724 1114 arduum
743 1069 768 1116 et
788 1068 852 1118 i'nuo·

48 1131 141 1188 litum,
152 1145 232 1196 supro
244 1130 393 1195 seruitutem
402 1135 503 1180 noturoe
511 1135 537 1182 et
547 1147 616 1198 rpem
628 1135 786 1186 admirantis
795 1153 853 1203 pro·

48 1205 158 1254 veniere.
169 1203 216 1254 Sed
225 1204 327 1266 quedam
337 1204 394 1253 liunt
402 1207 486 1269 prater
492 1208 581 1256 natura
590 1206 691 1257 ordinem
699 1248 705 1269 ‚
714 1222 766 1272 quae
777 1213 854 1260 umen

50 1289 97 1327 non
110 1279 166 1326 sunt
179 1276 264 1337 aidua3
279 1275 403 1326 suntenim
417 1275 442 1324 in
455 1275 557 1326 minimis
570 1278 644 1339 rebus,
660 1279 717 1328 siout
729 1279 753 1330 iii
767 1284 853 1332 restau-

51 1346 187 1397 rationevel
201 1346 319 1397 sanatione
330 1351 474 1410 egrotorum.
486 1349 533 1398 Nec
545 1347 612 1398 etiam
623 1355 676 1399 sunt
687 1351 854 1414 insolita,odiii

53 1419 188 1483 frequenter
198 1419 318 1483 eueniaut3
336 1419 455 1477 dentelini
468 1419 554 1469 infirmi
566 1419 590 1474 in
604 1419 685 1484 plateis
699 1422 854 1488 ponebantur,

50 1495 75 1541 ut
93 1492 122 1543 ad
137 1492 240 1542 umbram
259 1492 322 1542 Petri
338 1494 472 1542 sanarentur
487 1491 567 1556 (Act,
585 1491 628 1554 V).
644 1493 691 1542 Neo
713 1492 782 1543 etiam
802 1499 856 1544 sunt

53 1577 120 1627 supra
139 1562 270 1613 facultatem
288 1565 390 1624 natura,
405 1565 431 1611 ut
444 1561 499 1612 olim
509 1562 578 1626 aliqui
593 1568 699 1613 sanamur
718 1563 854 1618 tlebiibus.

53 1637 98 1685 Nee
109 1634 181 1686 etiam
194 1632 262 1698 supra
271 1647 352 1698 spem,
362 1633 421 1684 siout
432 1634 621 1684 resurrectionem
631 1637 767 1686 mortuorum
778 1650 856 1688 omues

52 1719 187 1769 speramus,
203 1718 254 1768 quae
269 1710 345 1756 umen
360 1705 399 1756 tlet
413 1709 495 1769 praeter
512 1705 614 1756 ordinem
629 1709 724 1758 natura.
740 1709 798 1770 Ergo
810 1722 854 1759 noii

51 1777 127 1828 omnia
140 1790 192 1841 qna
208 1776 267 1827 fiunt
280 1779 363 1840 preter
373 1775 474 1826 ordinem
485 1780 580 1838 naturai,
595 1782 649 1826 suut
662 1778 778 1830 miracula.

87 1853 110 1898 8.
125 1851 256 1911 Praeterea,
268 1847 371 1897 miraculi
388 1847 515 1897 nomenati
530 1847 678 1898 admiratione
692 1851 795 1900 sumitur.
812 1851 856 1902 Sed

58 1918 175 1970 admiratio
192 1922 229 1970 est
247 1918 358 1968 derebus
376 1918 454 1968 sensui
467 1917 605 1968 manifestis.
625 1919 763 1983 Quandoque
780 1925 856 1973 autem

57 1992 130 2056 aliqua
141 1991 248 2041 aoeidnut
262 1992 343 2056 prater
354 1990 457 2040 ordinem
471 1990 597 2040 naturalem
606 1988 629 2038 iii
642 1991 708 2042 rebus
721 1993 797 2042 sensui
812 2006 856 2052 uon

57 2062 197 2127 manilestis3
211 2061 271 2113 sieut
284 2061 336 2112 edm
349 2061 446 2125 apostmi
456 2061 510 2111 iacti
521 2064 575 2112 sunt
585 2061 695 2126 seientes,
709 2075 782 2126 neque
793 2065 857 2116 iuve-

58 2133 160 2196 iientes‚
178 2146 254 2198 neque
274 2132 395 2184 disoentes.
414 2133 473 2194 drgo
491 2145 537 2183 uon
552 2133 628 2183 omnia
641 2146 691 2196 qua
704 2133 761 2183 liunt
776 2139 857 2200 prater

56 2205 157 2257 ordinem
172 2208 273 2267 naturae,
289 2202 469 2255 suntmiraeula.

85 2279 129 2329 Sed
138 2282 220 2328 contra
230 2281 274 2340 est,
284 2277 344 2340 quod
356 2275 495 2339 Augustinus
505 2276 559 2326 dicit
564 2315 572 2340 ,
584 2277 663 2328 xxvi.
675 2279 769 2328 Contra
779 2284 857 2329 Foue-

60 2353 113 2398 rum
124 2350 191 2414 (cap.
212 2352 265 2397 dut
282 2348 331 2412 jam
348 2346 429 2411 snpra)
438 2383 446 2409 ,
456 2346 517 2411 quiid
532 2363 546 2394 «
557 2347 608 2398 eim
625 2349 686 2398 nius
703 2348 787 2413 aliquid
805 2351 858 2401 lacit

58 2423 134 2471 eontm
154 2420 272 2483 cognitum
289 2419 355 2469 noliis
373 2433 463 2469 cursum
481 2418 617 2482 solitariique
633 2421 732 2480 nature,
748 2423 860 2483 magnalia

58 2491 92 2541 rol
105 2490 221 2542 mirabilia
233 2487 386 2540 nominantur.
395 2505 410 2537 ii

89 2564 250 2626 (concursio.
261 2587 293 2598 -
313 2560 369 2612 cun
378 2561 516 2614 miraculum
531 2561 618 2612 dicatur
632 2563 697 2626 quasi
712 2563 859 2616 admiratione

58 2636 149 2696 plenum
156 2673 165 2699 ,
173 2637 266 2698 oportet
276 2633 315 2685 illa
322 2647 374 2696 quai
382 2632 396 2682 a
404 2635 451 2684 lieo
460 2633 518 2683 liunt
527 2637 697 2697 pruteroeusas
709 2635 774 2686 nohis
783 2639 858 2698 notas,

59 2706 164 2757 miraenla
178 2703 251 2768 diri.)

94 2813 125 2883 (11
141 2819 175 2863 Its
188 2816 226 2861 liis
237 2815 309 2863 etiam
328 2827 367 2871 qu.
379 2813 407 2874 o,
421 2815 449 2860 de
468 2819 568 2873 potent,
584 2821 628 2860 ait.
647 2815 674 2869 ῖς
691 2821 715 2860 et
730 2816 769 2872 Il,
783 2815 860 2862 Sunt,

63 2873 860 2939 diut.18,qu.1,art.3;utcontraGratidio.111‚oup.1⁰letl⁰2.
