1984 3309
118 102 164 151 tte
303 111 363 151 ross
377 114 400 162 r,
417 114 509 158 oonsr.
526 112 630 163 nnvrrr,
648 112 702 150 snr.
721 99 737 148 ι’.

118 203 173 252 ergo
188 190 313 239 motionum
326 190 395 239 dehet
405 189 458 253 poni
472 189 572 252 speciale
585 202 657 253 genus
670 188 752 238 animm
766 190 857 252 praeter
872 204 947 255 prar-

121 262 188 311 dieta.

150 333 192 381 Sed
210 334 287 381 eontra
306 335 354 391 est,
367 328 428 395 quod
450 331 603 395 Philosophus
623 332 678 383 dicit
697 331 721 380 in
742 331 762 379 ll
783 334 822 379 De
838 337 946 384 areima

119 403 187 467 (text.
194 403 233 466 27)
243 419 248 450 :
259 420 273 449 rr
281 402 398 452 Potentius
405 407 481 453 autem
489 403 597 463 dicimus,
606 402 944 467 vegetativumsensitivum,
990 442 991 467 p

119 472 286 537 appetitivum,
301 472 411 523 motivum
429 472 553 523 seeunddm
570 474 658 537 loeium,
676 478 700 524 et
715 473 907 526 intellectivum.
929 496 943 523 o

62 552 71 569 ⁸
155 543 350 608 (Concessio-
360 545 465 608 Quinque
478 545 584 596 distincta
597 548 651 596 sunt
667 545 825 609 potentiarum
844 546 946 599 animm
990 582 991 591 η

120 627 210 677 genera,
224 618 402 680 asperationem,
416 618 579 673 sensitivam,
594 617 779 679 oppetitionem,
795 620 945 668 neotivum

119 686 256 735 secundiori
266 686 361 743 locam,
375 693 399 735 et
410 686 602 745 intellectivam
611 691 655 736 tres
664 684 745 735 animm
753 722 759 738 ‚
768 690 942 749 uepetetiva.

120 760 255 812 sensitiva,
266 761 289 806 et
301 758 467 813 intellectiva,
482 762 506 807 et
519 762 615 820 quatuor
629 757 691 807 modi
702 756 809 819 visendi,
828 768 945 823 nepeta·
990 782 991 815 ;

122 829 214 886 tinam,
228 828 391 896 sensitivam,
406 831 531 878 nuntiorum
547 827 684 877 secundine
696 828 790 889 Iocum,
804 830 832 877 et
855 832 945 893 intel·
990 852 991 863 ³

120 898 266 962 lentinum.)
990 928 991 941 r

153 971 287 1033 Respondeo
295 968 491 1034 rimnoommuoo
501 970 601 1035 quinque
613 972 665 1021 sunt
677 983 759 1035 genera
769 970 945 1035 potentiarum

122 1040 204 1091 animae
216 1046 394 1105 praenumerata
406 1046 467 1091 sunt.
478 1041 533 1092 Tres
546 1038 598 1093 vero
606 1042 710 1096 dicuntur
719 1041 810 1091 unimae.
824 1040 945 1099 Quatuor
990 1056 991 1091 l

121 1110 177 1161 sero
195 1111 302 1161 dicuntur
319 1112 381 1162 modi
395 1112 494 1163 vivendi.
514 1114 542 1162 Et
559 1112 629 1177 hujus
641 1111 780 1163 diversitatis
800 1114 864 1163 ratio
881 1122 941 1179 est,

121 1182 174 1246 qnia
185 1182 281 1233 diverse
293 1182 374 1234 anirnae
386 1183 553 1246 distinguuntur
562 1181 685 1235 seuunddm
695 1184 754 1248 quod
768 1182 941 1239 diversimode
990 1186 991 1245 ξ

122 1252 223 1317 operatio
237 1254 316 1305 anime
332 1256 503 1319 supergreditur
515 1254 669 1319 operationem
684 1259 770 1305 nature
788 1258 938 1318 corporalis
990 1268 991 1313 ξ

122 1327 178 1375 'lota
192 1325 253 1375 enim
271 1331 351 1375 natura
371 1326 492 1389 corporalis
509 1328 611 1390 suhjacet
629 1326 729 1389 snimae,
744 1330 767 1377 et
779 1335 942 1390 rumperetur
990 1378 991 1383 ,

124 1396 236 1461 adipsum
251 1397 310 1447 siout
326 1398 438 1457 materia,
453 1402 476 1446 et
493 1394 677 1447 instrumentum.
692 1398 732 1447 Est
745 1408 799 1458 ergo
817 1400 940 1459 quaedam

124 1469 225 1532 operatio
241 1469 334 1530 animae,
350 1482 400 1531 que
414 1466 439 1516 in
453 1472 541 1517 tanturm
557 1468 644 1519 eruedit
660 1474 763 1517 naturam
781 1481 939 1535 corpoream,
990 1502 991 1519 ι

123 1542 182 1603 quod
201 1554 275 1603 neque
293 1539 361 1589 etiam
381 1544 499 1590 exeroetur
512 1554 552 1603 per
568 1554 677 1603 organum
692 1539 818 1604 corporale3
835 1544 861 1589 et
878 1544 942 1594 tulis
990 1548 991 1551 ’

124 1616 159 1661 est
173 1612 274 1675 operatio
292 1610 375 1661 anirum
389 1611 511 1661 rationalis.
526 1614 565 1663 Est
579 1617 653 1663 sotem
667 1611 711 1661 alia
724 1610 826 1675 operatio
841 1614 940 1666 animae
990 1614 991 1617 ’

124 1682 333 1745 indiuisumque
345 1684 435 1745 quidem
448 1684 473 1731 it
482 1694 523 1746 per
534 1696 642 1747 organum
653 1683 837 1747 corporale‚nou
848 1687 939 1737 tamen
990 1688 991 1751 l

124 1767 165 1817 per
176 1754 275 1817 aliquam
289 1767 419 1816 corpoream
429 1753 570 1817 qualitatem.
580 1758 609 1805 Et
620 1755 672 1805 telis
683 1758 718 1805 est
728 1753 831 1819 operatio
844 1755 940 1809 animm

125 1826 250 1888 sensibilis,
258 1828 312 1890 quia
321 1825 364 1875 etsi
372 1826 468 1875 calidum
477 1831 499 1875 et
508 1826 624 1889 frigidum
633 1832 656 1876 et
665 1826 791 1881 horruidum
800 1820 937 1893 etsicuum,
990 1830 991 1875 l

126 1902 150 1947 el
168 1898 217 1948 aliae
237 1897 367 1961 hujusmodi
381 1896 500 1959 qualitates
516 1912 628 1961 corporee
645 1896 786 1961 requirantur
802 1899 829 1949 ad
845 1911 938 1961 opera
990 1892 991 1961 ff

126 1969 210 2020 tionem
225 1982 323 2031 sensus,
338 1974 472 2019 nontamen
490 1968 522 2021 ita
541 1967 828 2033 quddmediantevirtute
844 1971 937 2022 talium

126 2042 259 2105 qualitatum
271 2040 371 2105 operatio
381 2044 461 2090 anime
472 2024 588 2091 sensibilis
600 2041 718 2121 procedat,
729 2041 771 2089 sed
781 2039 938 2102 requiruntur
990 2066 991 2103 ς

127 2114 199 2163 solum
215 2114 243 2163 ad
262 2113 358 2163 debitam
373 2111 543 2175 dispositionem
560 2112 647 2174 organi.
660 2112 739 2161 lnllma
756 2115 833 2159 autem
847 2124 937 2173 opera-

127 2184 215 2234 tionum
225 2184 306 2234 animm
314 2188 349 2233 est
358 2222 364 2243 ,
373 2196 424 2247 qum
434 2183 459 2231 lit
472 2196 513 2246 per
525 2196 633 2245 organum
645 2194 775 2245 corporeum
787 2220 793 2239 ,
805 2184 828 2231 et
840 2182 935 2235 virtute

127 2269 240 2319 corporeae
253 2254 381 2319 qualitatis;
396 2253 562 2316 supergreditur
578 2258 652 2303 tarneu
666 2253 822 2317 operationem
838 2256 934 2305 naturae
990 2256 991 2329 ᾗ

127 2340 239 2390 corpores
249 2364 257 2389 ,
269 2326 321 2389 quia
332 2325 443 2374 motiones
454 2336 572 2388 corporum
582 2328 635 2374 sont
645 2324 672 2373 ab
684 2323 790 2373 exteriori
802 2324 933 2389 prinoipi03
990 2368 991 2371 ,

128 2396 258 2461 hujusmodi
271 2400 346 2445 autern
360 2395 502 2458 operationes
516 2400 569 2444 sunt
583 2396 596 2445 i
610 2394 721 2459 prinoipio
735 2394 868 2445 intrinseco.
881 2394 936 2447 lloc
990 2398 991 2431 ἒ

129 2468 189 2518 enim
203 2480 320 2517 commune
334 2471 368 2515 est
380 2466 485 2515 omnibus
496 2467 665 2529 operationibus
679 2466 770 2515 animm.
785 2467 856 2515 Omne
867 2465 934 2517 enim
990 2454 991 2525 Ϊ

128 2539 251 2588 animatum
270 2538 344 2600 aliquo
362 2538 428 2587 modo
442 2542 518 2587 movet
538 2536 653 2601 seipsum,
667 2541 690 2586 ot
704 2537 756 2586 talis
773 2542 808 2586 est
825 2538 933 2600 operalio
990 2532 991 2569 ³

128 2610 209 2659 animae
221 2608 363 2670 vegetabilis.
378 2607 478 2669 nigesio
497 2608 573 2670 enim,
592 2613 615 2657 et
630 2620 657 2656 ea
675 2622 724 2670 qum
738 2613 931 2671 consequuntur,

129 2680 155 2729 lit
169 2679 369 2745 instrumentaliter
384 2692 424 2741 per
443 2680 554 2730 actionem
568 2678 661 2740 caloris,
680 2685 705 2728 ut
719 2678 801 2729 dieitur
820 2678 846 2727 in
859 2680 879 2728 ll
894 2681 932 2729 De

130 2755 226 2801 unione.
237 2752 324 2801 Genera
338 2750 392 2799 vero
408 2751 558 2814 potentiarum
573 2750 653 2799 animae
664 2751 833 2813 distinguuntur
847 2764 931 2801 secun·
990 2752 991 2759 ’

130 2821 183 2873 dium
201 2825 297 2887 objecta.
314 2822 402 2879 Quanto
416 2822 478 2871 enim
495 2820 596 2885 potentia
614 2825 649 2871 est
667 2822 744 2883 altior,
759 2825 822 2871 lunio
836 2822 932 2887 respicit
