1984 3309
140 220 168 266 lo
322 228 380 264 rans
398 230 418 275 r,
436 228 529 271 oonsr.
548 228 631 278 narrar,
649 230 704 266 nar.
723 232 749 267 rr.

439 386 599 437 anniculos
614 386 643 435 11.

297 502 382 546 Utrum
391 514 458 557 oqnoe
467 501 517 545 aiut
525 515 599 558 sopra
604 504 793 559 flrrnnmentum.

174 623 208 673 ll
218 620 341 673 secuudum
351 620 384 670 sle
398 619 575 683 proceditur(t).
589 618 749 683 vioetnrqnoo
760 633 825 683 anun
837 635 885 671 nou
896 624 948 673 siut

142 706 210 758 snpra
227 694 401 741 firmamentum.
414 694 478 755 lqoa
495 691 557 741 enlm
568 694 610 745 est
628 690 760 740 naturaliter
770 691 855 753 gravis.
870 695 949 745 meus

142 769 218 815 autem
228 762 333 827 proprius
343 763 416 825 gravis
426 776 472 813 uon
482 766 517 813 est
525 776 686 824 essesursum,
695 761 815 812 sedsollrur
827 764 947 815 deorsum.

142 838 200 898 Ergo
213 848 275 898 aque
289 847 336 885 nou
346 839 399 885 sunl
411 848 479 897 supra
491 835 665 883 firmamentum.

173 913 197 957 θ.
212 908 339 971 Helena,
353 905 485 956 naturaliter
497 918 557 969 aqua
570 909 604 956 est
622 904 699 954 fluida.
714 906 759 955 Sed
771 906 831 968 quel
846 910 883 956 est
894 908 950 957 IIui-

142 980 210 1041 dnm,
228 992 273 1029 non
289 982 363 1044 potest
377 978 503 1028 consistere
514 991 582 1043 super
595 989 677 1042 eorpus
690 978 824 1039 rotundum,
834 982 861 1027 ut
874 992 950 1043 expe-

142 1050 240 1101 rimento
254 1053 324 1113 patet.
340 1051 398 1113 Ergo
413 1048 465 1099 oium
485 1050 648 1099 firmamentum
663 1048 694 1099 sit
704 1063 787 1112 eorpus
804 1051 948 1116 rotundum,

143 1136 201 1186 aqua
215 1136 261 1173 nou
274 1125 348 1186 potest
360 1135 410 1171 esse
424 1132 492 1184 supra
502 1121 677 1169 firmamentum.

176 1198 198 1243 3.
213 1195 337 1253 Praeterea,
348 1206 405 1257 aqua
417 1191 469 1241 oirna
480 1192 511 1241 sit
519 1193 672 1252 dementum,
681 1190 798 1241 ordinatur
809 1192 837 1241 arl
849 1204 951 1253 genera-

142 1266 228 1315 tionem
243 1264 343 1329 corporis
353 1264 433 1325 mixII;
447 1262 505 1313 siout
517 1263 672 1326 imperfectum
685 1262 801 1313 ordinatur
811 1263 839 1311 ad
854 1263 951 1325 perlec-

142 1342 199 1387 tunr.
215 1338 258 1386 Sed
271 1350 338 1401 sopra
352 1336 518 1397 firmamentum
528 1348 575 1385 non
589 1337 625 1384 est
635 1334 698 1384 loeus
708 1332 840 1391 minuentis,
850 1336 891 1383 serl
904 1349 949 1385 su-

141 1422 182 1474 pra
195 1412 287 1459 terram.
300 1410 361 1470 Ergo
375 1410 458 1457 lrostra
471 1420 530 1470 aqua
539 1410 598 1456 esset
610 1419 679 1469 supra
692 1405 868 1454 firmamentum.
882 1406 950 1458 Nihil

143 1484 220 1531 auteur
233 1480 257 1529 iu
270 1479 376 1543 operibus
388 1479 429 1528 Ilei
443 1481 479 1528 est
493 1479 584 1527 trustra.
598 1480 656 1539 Ergo
671 1490 736 1539 aquae
746 1489 793 1525 nou
807 1480 861 1526 sunt
876 1491 950 1542 snpra

144 1553 316 1602 tinnarnentorn.

175 1623 221 1673 Sed
231 1626 310 1673 eontra
319 1626 367 1684 est,
382 1620 442 1683 quod
455 1618 538 1669 dloitur
550 1620 646 1679 Genea„
656 1621 679 1682 1,
688 1618 749 1682 quod
765 1635 779 1665 ι(
787 1617 865 1669 divIsit
874 1633 950 1684 aquas

144 1708 194 1757 quae
208 1698 273 1744 erant
287 1706 354 1757 supra
372 1692 553 1751 firmamentum,
574 1692 602 1741 ab
615 1692 652 1743 Iris
670 1706 721 1755 quae
738 1695 803 1741 eunt
815 1691 857 1741 soh
870 1691 951 1743 lirina-

144 1769 229 1816 meuto.
243 1782 257 1813 »

177 1837 334 1901 (Conclusio.
347 1862 377 1872 -
388 1835 445 1885 Sunt
457 1844 526 1895 aquae
538 1836 668 1898 corporales
681 1833 750 1898 supra
763 1834 949 1897 firmamentum,

145 1924 196 1972 quae
211 1913 288 1958 tanuen
301 1921 342 1971 pro
353 1906 442 1955 diversa
460 1904 598 1956 firmamenti
611 1906 741 1970 aroepuoue
752 1905 789 1955 rel
802 1910 882 1955 natura
895 1921 950 1958 oum

145 1980 184 2030 illo
196 1980 295 2040 eedem,
308 1978 345 2027 vel
356 1977 468 2027 dlstiuotae
484 1978 561 2039 sunt.)
610 1979 612 1988 ’

176 2051 311 2115 Respouoeo
331 2048 466 2109 dicendum,
483 2046 543 2110 quod
556 2048 616 2098 siout
635 2046 689 2097 dloit
706 2048 857 2111 Augustinus,
870 2050 912 2100 Iilr.
930 2052 953 2102 II

147 2126 228 2187 Super
236 2122 296 2172 Gen.
312 2119 347 2169 od
358 2119 400 2169 lr't.
413 2118 473 2184 (cap.
486 2118 522 2182 ὃ),
533 2136 547 2167 u
558 2121 630 2183 major
640 2123 676 2169 est
687 2119 802 2184 scripturae
813 2120 883 2183 nujus
895 2134 953 2173 aue·

146 2195 238 2256 toritas,
253 2191 321 2255 qo'arn
337 2190 412 2241 omnis
434 2191 529 2241 humani
541 2190 628 2255 Ingenii
643 2190 763 2255 sopanus.
781 2191 845 2241 Unde
856 2205 952 2255 quoquo

148 2266 214 2317 modo
227 2267 251 2315 et
258 2264 335 2327 quales
348 2276 411 2326 aquae
426 2262 459 2312 ibi
467 2262 526 2326 sint,
537 2276 575 2312 eas
587 2266 664 2314 laureo
674 2261 764 2311 ihiesse
776 2260 870 2313 ulaine
883 2264 954 2314 (lubi-

147 2342 230 2388 tamus.
246 2350 259 2382 o
278 2334 360 2392 Quales
371 2339 448 2385 autem
460 2334 506 2385 siut
523 2334 568 2383 illae
581 2346 663 2397 aque,
679 2347 724 2383 neo
740 2334 821 2383 eodern
839 2335 907 2384 morlo
920 2336 952 2385 ab

148 2408 254 2459 omnihus
271 2406 405 2469 assignatur.
419 2406 529 2469 Origenes
541 2405 602 2455 enirn
615 2404 672 2455 dleit
683 2403 744 2468 quod
755 2418 820 2467 aquae
837 2404 884 2455 ille
897 2421 953 2469 quae

149 2492 219 2543 super
239 2478 309 2528 ooelos
330 2482 401 2538 suut,
419 2482 471 2527 suut
491 2476 642 2541 spirituales
662 2476 820 2525 rotatonlr'oe.
841 2477 907 2526 llude
926 2477 955 2526 iu

149 2548 244 2599 Prnlm.
264 2548 368 2598 CXLVIII
383 2548 479 2598 dieitur:
497 2565 511 2594 u
520 2549 589 2610 Aquae
600 2560 651 2609 quae
665 2559 732 2611 super
742 2548 810 2597 raetos
821 2550 886 2607 surrt,
901 2548 958 2597 Iau-

150 2622 204 2671 dent
216 2633 300 2671 nomen
313 2621 415 2683 Domini3
428 2637 442 2668 o
457 2622 480 2669 et
490 2621 567 2678 Dan„
580 2618 611 2668 III
623 2634 629 2667 ι
643 2636 658 2666 ι(
668 2619 812 2678 Benedinte,
822 2631 888 2681 aquae
900 2633 953 2669 orn-

150 2706 200 2753 nes,
215 2705 265 2754 qnae
278 2705 346 2755 super
361 2693 430 2742 ooelos
444 2694 510 2752 sunl,
525 2690 629 2739 Ilouriuo.
643 2705 657 2735 n
671 2689 756 2738 Sedad
769 2690 814 2739 Inoo
829 2691 956 2752 respondet

150 2762 247 2813 Basilius
267 2762 291 2811 in
306 2764 423 2821 Heroum„
442 2760 503 2824 quod
518 2778 532 2808 u
546 2763 590 2811 hoo
606 2775 653 2810 non
670 2757 751 2809 dieitur
764 2774 793 2811 eo
813 2760 873 2823 qutrl
885 2774 954 2825 aquae

187 2890 217 2953 (1)
230 2895 262 2937 lle
275 2893 310 2937 Iris
323 2893 392 2937 etiarn
402 2891 425 2933 in
440 2891 473 2944 ll,
488 2888 567 2937 Senot..
579 2889 631 2933 dIst.
646 2887 684 2943 14,
698 2892 741 2933 art.
757 2890 785 2940 Q
797 2894 820 2934 et
833 2897 916 2944 quaest.
927 2889 953 2947 i,

153 2954 293 3011 deputent..
314 2962 357 3000 art.
376 2954 387 2998 l
404 2951 431 2997 ad
450 2950 477 3005 5;
493 2957 517 2995 et
532 2951 619 3006 ooodt.
634 2949 662 3010 I,
679 2957 760 3007 quest.
776 2952 805 3011 2,
820 2958 863 2996 art.
878 2952 903 2997 2.
