1984 3309
148 169 194 214 636
340 175 400 214 runs
417 177 438 225 r,
453 174 545 220 onerer.
560 175 632 224 earn,
645 172 702 211 sur
720 172 737 210 1

147 251 278 316 hujusmodi
293 251 388 301 materia
406 263 452 300 non
469 249 555 300 suffieit
568 249 598 300 ad
612 249 764 330 quantitatem
778 247 894 310 debitam,
908 259 944 297 re·

147 323 243 390 quiritur
256 325 281 372 ut
291 322 396 372 adveniat
407 321 452 372 alia
466 321 559 372 materia
573 333 615 384 per
627 320 800 371 couversionem
811 319 929 373 alimenti'
924 334 945 368 un
974 270 976 413 ἱ

147 393 295 446 substantiam
306 393 388 444 nutriti
394 397 521 457 ,quantum
530 391 630 443 sufficiat
639 392 668 441 ad
679 391 781 442 debitum
792 396 944 456 augmentum.
974 426 976 451 ,

147 464 176 518 Et
191 467 250 516 bane
269 463 384 514 materiam
403 461 482 514 dieunt
501 462 634 515 secundario
652 463 767 527 pertinere
783 465 813 514 ad
833 463 945 514 veritatem

147 539 252 588 humane
270 539 371 598 nature,
389 537 443 600 quia
464 549 510 586 non
527 533 649 599 requiritur
664 535 693 584 ad
708 535 810 598 primum
824 549 879 586 esse
895 533 946 583 indi·

147 609 224 671 vidui,
238 609 277 660 sed
288 607 317 657 ad
328 607 477 670 qrrantitatem
486 608 545 672 ejus.
556 609 606 674 tam
619 605 674 657 norb
685 605 771 669 siquid
785 606 850 656 atiud
864 605 946 657 aduenit

147 693 177 732 ex
191 679 310 741 atimemo,
324 692 369 728 noo
380 678 480 742 pertinet
491 679 520 729 ad
532 679 650 730 veritatem
660 679 770 728 bumana
781 681 890 738 naturae,
903 690 947 741 pro

147 750 196 816 prid
213 752 334 816 loquendo.
350 751 394 800 Sed
412 751 455 800 boo
476 750 545 800 etiam
562 754 598 800 est
614 749 788 800 inconveniens.
807 749 890 803 Primo
906 749 946 812 qui-

148 824 212 883 dem,
226 823 281 886 quia
293 823 343 872 bueo
353 819 430 885 opinio
443 819 530 884 judicat
543 821 571 870 de
585 820 679 872 materia
688 833 813 884 corporum
826 820 948 874 vivendum

148 896 176 946 ad
190 896 281 946 modum
299 906 421 957 corporum
434 892 623 956 inanimatorum,
642 892 665 941 in
678 891 761 955 quibus
774 891 820 942 etsi
834 892 870 942 sit
885 891 948 942 ιιιιιι

149 967 176 1016 ad
190 966 343 1029 generandum
361 963 434 1014 simile
448 963 472 1012 in
483 963 574 1028 speeie,
588 967 681 1014 nonest
695 966 774 1018 tamen
787 962 867 1014 virtus
882 963 907 1014 in
922 963 948 1012 ets

149 1037 175 1087 ad
190 1037 345 1100 generandum
355 1035 439 1099 aliquid
450 1034 494 1090 sibi
506 1035 581 1084 simite
593 1033 719 1084 secunddm
730 1033 892 1086 individuum.
904 1037 947 1093 Quo

149 1108 239 1171 quidem
260 1107 329 1156 uirtus
346 1107 370 1156 in
391 1106 524 1171 corporibus
539 1105 669 1156 virentibus
684 1109 720 1156 est
740 1104 817 1157 virtus
833 1107 948 1158 nutritiva,

148 1179 210 1231 Nihil
220 1192 273 1242 ergo
285 1191 325 1242 per
335 1177 442 1227 virtutem
453 1176 586 1227 nutritivam
597 1177 718 1227 adderetur
726 1177 868 1241 corporibus
879 1179 949 1228 viren-

148 1250 220 1311 tibus,
236 1249 256 1300 si
269 1249 401 1300 alimentum
412 1247 435 1298 in
450 1249 570 1298 ueritatem
582 1251 670 1298 nature
683 1247 786 1311 ipsorum
800 1262 852 1299 non
863 1262 950 1301 oonrer·

148 1323 242 1372 teretur.
263 1320 382 1384 Seenudd,
399 1319 452 1384 quia
464 1319 538 1369 virtus
556 1319 631 1369 uotiua
646 1333 697 1382 quae
710 1322 745 1381 est
755 1319 780 1368 in
796 1321 906 1386 semine,
922 1326 949 1370 ed

147 1393 250 1457 quedam
266 1393 385 1457 impressio
400 1389 501 1440 derivata
518 1391 545 1441 ab
559 1391 635 1442 anima
649 1391 796 1455 generantia,
813 1391 879 1443 ment
892 1392 950 1456 sopri

148 1465 234 1516 dietum
249 1469 284 1517 est
299 1464 353 1529 (qu.
369 1466 428 1526 tte,
448 1467 491 1512 art.
507 1463 547 1526 1).
563 1463 627 1513 Unde
640 1476 687 1512 non
700 1466 778 1526 potest
792 1476 849 1514 esse
866 1463 951 1528 majori

147 1535 238 1586 uirtutis
254 1535 280 1588 iu
293 1535 394 1602 agendo,
406 1533 474 1598 qutm
485 1533 536 1598 ipsa
549 1533 651 1584 animat
664 1547 708 1598 qne
720 1533 850 1585 derivatur.
863 1537 891 1586 Si
905 1551 950 1597 erpo

148 1622 177 1658 en
188 1609 272 1660 uirtute
284 1607 377 1658 seminis
393 1606 446 1658 rere
459 1607 555 1656 assumit
568 1607 643 1670 aliqua
653 1605 746 1656 materia
757 1605 860 1658 formam
871 1614 949 1660 namra

147 1677 264 1741 humanae,
287 1677 357 1728 multo
380 1679 453 1742 magis
478 1677 553 1733 anima
574 1677 598 1727 in
618 1678 784 1728 nutrimentum
803 1681 950 1746 conjunctum

146 1749 231 1814 poterit
244 1763 320 1800 reram
337 1749 431 1800 formam
452 1754 538 1806 naturae
553 1751 659 1800 humanae
671 1749 804 1812 imprimere
818 1765 863 1815 per
878 1757 950 1818 poteo-

147 1821 203 1872 tiam
218 1821 357 1872 nutritivam.
370 1822 461 1886 'dertid,
473 1822 527 1886 qnia
537 1821 674 1873 nutrimento
687 1821 806 1885 indigetur
817 1837 870 1874 non
884 1824 950 1876 sotim

149 1895 177 1944 ad
191 1899 352 1958 augmentum,
364 1894 465 1959 alioquin
474 1894 594 1946 terminato
605 1897 728 1957 augmento
739 1896 903 1949 necessarium
913 1909 951 1945 non

149 1971 222 2030 esset,
241 1967 279 2018 sed
299 1965 410 2018 etiamad
431 1967 604 2022 restaurandum
619 1965 675 2014 ittud
689 1965 750 2028 quod
769 1966 907 2049 deperditur
919 1980 950 2030 per

149 2041 260 2091 actionem
274 2039 355 2090 caloris
367 2039 486 2092 naturalis
494 2040 545 2090 Non
556 2042 633 2090 autem
643 2041 704 2089 esset
712 2039 868 2106 restauratio,
878 2039 953 2090 sistit

149 2113 209 2177 quod
226 2125 255 2162 en
272 2100 379 2162 alimento
397 2112 530 2173 generatur,
547 2107 702 2160 sumederet'
697 2122 721 2158 rn
734 2109 815 2159 locum
834 2110 953 2176 deperditi

150 2185 213 2234 Unde
228 2181 288 2234 sieut
306 2183 328 2234 id
345 2183 405 2248 quot
418 2179 491 2246 primo
504 2181 590 2244 inerat,
602 2185 638 2231 est
651 2181 679 2230 de
692 2179 790 2230 ueritate
809 2185 902 2234 natura
917 2185 955 2231 tru-

150 2269 237 2316 manae‚
249 2255 282 2304 ita
291 2258 316 2304 et
326 2253 348 2304 id
358 2253 417 2317 quod
426 2268 455 2303 er
465 2253 575 2304 alimento
582 2219 713 2314 'generatum
725 2251 754 2300 Et
763 2251 818 2303 ideo
827 2254 952 2304 seeundum

149 2325 205 2376 alios
219 2325 338 2376 dicendum
352 2329 401 2388 est,
412 2323 471 2388 qudd
485 2324 618 2374 alimentum
630 2320 683 2373 rere
698 2323 845 2374 convertitur
857 2325 885 2374 in
898 2327 954 2374 reri-

150 2401 219 2446 tatem
230 2399 337 2448 humanae
348 2400 443 2458 nutrire,
454 2396 477 2445 in
489 2399 597 2458 quantum
607 2393 661 2444 rerd
671 2393 753 2458 accipit
764 2395 870 2458 speciem
882 2397 954 2447 earnis

150 2473 173 2517 et
184 2469 256 2529 ossis,
270 2473 293 2518 et
305 2467 438 2550 hujusmodi
452 2467 559 2530 portium.
574 2467 602 2515 Et
619 2467 663 2516 boe
676 2469 710 2515 est
727 2468 789 2530 qnod
807 2468 867 2519 dicit
880 2469 955 2518 Pbdo

150 2541 249 2604 sophns'
243 2553 268 2590 m
279 2541 308 2590 ll.
321 2542 358 2590 De
369 2555 455 2592 dormo
466 2539 541 2604 (text.
555 2539 610 2603 tu),
622 2538 683 2602 quod
695 2555 710 2585 u
721 2538 860 2590 alimentum
874 2542 954 2592 nutrit

149 2613 294 2694 inquantum
306 2616 341 2664 est
355 2611 468 2676 potentia
472 2625 532 2661 earo
545 2628 559 2658 o
974 2612 976 2667 ι

182 2685 215 2734 dd
230 2685 327 2748 primum
342 2698 404 2747 ergo
402 2685 529 2752 dieendum
538 2683 620 2747 ,quod
638 2683 746 2734 Dominos
758 2697 807 2734 non
821 2685 880 2736 dioit
894 2687 976 2757 qudi

150 2758 222 2806 toturn
236 2756 314 2818 quod'
309 2769 333 2804 ιιι
348 2769 373 2804 os
386 2755 456 2805 intrat
463 2769 526 2818 ,per
539 2768 655 2806 secessum
666 2755 795 2816 emittatur,
787 2759 850 2807 sed
864 2760 976 2831 oportet

150 2823 211 2886 qudo
221 2826 247 2875 de
258 2823 359 2886 quolibet
367 2823 416 2874 cibo
427 2825 529 2889 aliquid
523 2839 638 2890 rmpumm
647 2839 689 2890 per
699 2839 816 2879 secessum
826 2827 976 2883 emittatur,

150 2895 191 2942 Vel
205 2896 291 2957 potest
296 2892 362 2956 diui,
367 2895 427 2956 quod
440 2896 549 2960 quiequid
564 2910 593 2947 ex
606 2897 713 2949 alimento
726 2901 871 2962 generatur,
875 2904 976 2964 potest
