1984 3309
210 164 242 200 ms
258 158 330 200 mirra
348 162 448 199 nonnus
458 162 646 213 raonoorrona,
662 162 715 200 ero.
814 153 864 201 'st

314 311 318 325 '
356 337 515 391 rnmcuuus
530 338 571 388 ru.

81 467 175 512 Utra'rm
191 466 276 509 anima
287 464 417 509 rationalis
434 464 466 507 sit
475 463 619 520 producturi
635 464 684 508 Deo
692 464 835 511 immediati.

88 596 123 645 Ad
138 593 237 645 tertium
256 593 290 643 sic
312 592 450 656 proceditur.
465 591 561 643 Videtur
577 591 638 656 qudd
657 593 735 643 anima
750 592 867 645 rationalis

53 668 143 717 nonsit
158 666 273 731 producta
287 662 515 723 incommodius,
537 665 576 714 sed
598 664 749 715 mediantibus
767 665 864 728 angelis.

52 739 124 803 llajor
138 739 205 789 enim
218 738 274 787 ordo
283 738 319 786 est
330 736 355 785 in
368 734 522 799 spiritualibus
533 735 601 801 qnam
611 735 807 799 incorporalibus.
818 737 866 786 Sed

53 822 151 873 corpora
166 807 279 859 interiora
293 807 450 871 producuntur
462 818 505 869 per
517 820 613 871 corpora
625 807 756 871 superiora,
772 812 798 857 ut
813 808 866 858 llio

54 882 133 943 upside
155 879 352 942 dicir‚1tl.cap.
376 878 413 927 De
430 878 483 927 dio.
505 879 608 927 Nomia.
628 879 688 941 Ergo
706 883 730 929 et
749 879 866 929 inferiores

56 953 163 1015 spiritus,
178 952 222 1017 qui
238 950 385 1001 suntanimar
400 950 536 1010 rationales,
554 950 710 1013 pmduountnr
719 964 762 1015 per
775 951 867 1015 spiritus

58 1024 187 1087 superiores
200 1062 206 1083 ‚
218 1023 260 1087 qni
275 1023 329 1071 sunt
340 1021 424 1085 angeli.

89 1100 110 1145 2.
131 1098 269 1157 Praeterea,
287 1093 339 1143 linis
355 1106 430 1142 rerum
444 1094 566 1157 respondet
584 1093 710 1158 principi03
728 1095 788 1145 llens
803 1094 864 1145 enim

56 1172 88 1219 cst
101 1166 249 1232 principium
263 1168 286 1215 et
300 1164 352 1214 linis
371 1176 453 1213 rerum.
466 1166 526 1226 Ergo
536 1167 561 1214 et
572 1165 648 1215 exitus
661 1179 736 1215 rernm
751 1165 764 1215 'a
777 1165 864 1229 princi-

56 1240 106 1304 pio,
123 1238 256 1303 respondet
271 1234 398 1286 reductioni
415 1250 491 1285 rerum
504 1235 529 1285 in
545 1236 622 1286 linem.
644 1237 690 1287 Sed
706 1237 783 1286 intima
801 1238 867 1287 redn-

56 1316 137 1361 uuutnr
146 1324 193 1376 per
204 1309 289 1373 prima,
298 1310 325 1357 ut
334 1306 455 1371 Dionysius
466 1306 521 1357 dicit
529 1307 579 1375 (lib.
590 1309 715 1357 Deecctes.
724 1309 862 1370 Hierorolr„

56 1396 105 1447 cap.
120 1382 164 1448 5).
181 1382 244 1445 Ergo
258 1384 282 1429 et
294 1378 373 1429 inllma
385 1378 513 1443 procedunt
526 1378 551 1429 in
564 1394 615 1429 esse
626 1394 667 1443 per
680 1378 767 1443 prima,
782 1380 868 1430 scilicet

57 1455 138 1506 animae
152 1468 199 1519 per
217 1453 321 1517 angelos.

86 1530 109 1576 3.
126 1528 260 1588 Preterea,
275 1523 402 1589 perlectum
416 1526 452 1573 est
465 1524 527 1588 quod
540 1527 617 1588 potest
631 1522 674 1573 sibi
688 1521 762 1573 simile
779 1523 866 1585 lacere,

56 1602 79 1647 ul
89 1597 176 1650 dicitur
186 1598 212 1647 in
224 1596 263 1645 lv,
277 1595 427 1659 Meropopc,
438 1608 488 1661 cap.
500 1598 523 1658 3,
532 1596 593 1645 elll.
604 1596 641 1644 De
650 1595 752 1653 ocimo,
761 1597 818 1645 text.
828 1599 867 1645 st.

57 1670 99 1720 Sed
115 1668 253 1735 spirituales
272 1667 405 1717 substantio
425 1671 479 1717 sunt
500 1665 573 1717 multo
590 1664 662 1731 magis
677 1666 783 1730 periectas
800 1667 868 1731 quim

57 1742 201 1807 corporales.
218 1737 276 1791 Cirnr
294 1751 347 1800 ergo
368 1738 564 1803 corpora-iaciant
581 1736 626 1788 sibi
648 1738 731 1788 similia
744 1735 867 1789 secuudum

58 1814 180 1876 speciem,
193 1809 268 1861 multd
281 1810 355 1873 magis
369 1810 445 1874 angeli
458 1814 567 1873 poterunt
580 1810 653 1861 tacere
667 1810 752 1875 aliquid
764 1809 824 1860 inlr-a
841 1824 866 1860 se

59 1884 187 1935 secundum
205 1881 307 1947 speciem
318 1886 413 1951 nature,
426 1881 513 1933 scilicet
522 1883 620 1931 animam
630 1882 771 1933 rationalem.

88 1957 133 2007 Sed
152 1956 236 2005 contra
254 1955 304 2013 est,
320 1954 380 2015 quod
399 1952 483 2003 dicitur
497 1955 566 2010 Gen„
588 1954 621 2016 ll,
639 1953 700 2018 qndd
715 1970 728 2000 o
744 1955 804 2003 lteos
817 1954 868 2017 ipse

60 2024 183 2091 inspirarit
198 2025 223 2074 iu
237 2024 321 2075 lacicm
330 2024 429 2075 hominis
440 2026 579 2089 spiraculum
592 2025 681 2075 niteat

92 2102 256 2165 (ssoncumro.
263 2094 357 2146 -cum
368 2097 442 2147 anima
452 2096 569 2148 rationalis
581 2111 628 2147 non
639 2096 713 2162 possit
726 2095 819 2161 produci
827 2111 869 2161 per

60 2168 278 2221 transmutationem
293 2168 390 2233 alian'us
400 2164 517 2232 materia,
527 2169 567 2219 sed
583 2168 656 2219 solirm
669 2182 710 2233 per
721 2168 867 2229 creationem,

59 2242 118 2293 solus
142 2244 220 2291 autem
241 2242 303 2291 Dens
325 2240 399 2303 possit
413 2252 504 2303 creare,
519 2252 612 2291 necesse
627 2244 663 2290 est
680 2239 779 2289 animam
801 2238 869 2289 ratio

62 2314 136 2365 nalem
152 2311 247 2377 produci
258 2312 271 2361 'a
284 2312 330 2361 Deo
342 2310 497 2376 immediate.)

92 2384 234 2449 Respondeo
248 2384 384 2445 dicendum,
398 2380 562 2447 quodquidam
581 2387 706 2447 posuerant
719 2382 779 2447 quod
795 2383 869 2447 angeli

64 2454 190 2507 secnnddm
207 2454 270 2519 qudd
281 2458 403 2519 operantur
418 2454 443 2505 in
455 2454 538 2505 virtute
553 2456 607 2518 dei,
621 2458 715 2505 cansam
732 2455 819 2505 animas
829 2469 870 2505 ra-

64 2530 168 2579 tionales.
190 2527 234 2577 Sed
252 2528 296 2577 hoo
311 2530 347 2577 est
365 2526 457 2577 omnino
469 2527 610 2593 impossihile
625 2526 675 2579 etl
698 2528 741 2577 lide
760 2527 868 2577 alienum.

64 2602 186 2653 distensum
200 2602 237 2649 est
253 2596 314 2649 enim
330 2596 390 2663 qudd
404 2598 480 2648 anima
494 2600 611 2649 rationalis
624 2613 670 2649 nou
684 2601 761 2665 potest
774 2599 869 2662 produci

65 2672 107 2722 nisi
125 2686 167 2739 per
191 2671 338 2721 creationem.
361 2670 428 2721 Solus
444 2674 520 2723 aulem
543 2672 602 2721 lleus
614 2675 691 2733 potest
708 2683 798 2732 creare,
816 2670 870 2733 quia

67 2746 136 2795 solins
151 2744 221 2809 primi
231 2744 319 2809 agentis
332 2748 368 2793 cst
380 2756 446 2806 agere
461 2743 522 2793 nullo
533 2743 706 2808 prraesupposilo‚
714 2741 764 2791 cium
780 2756 870 2804 semper

66 2828 133 2878 egens
146 2816 271 2867 secundnm
283 2817 447 2879 praesupponat
458 2813 541 2877 aliquid
553 2814 566 2864 a
578 2816 650 2879 primo
661 2817 756 2878 agento,
767 2818 793 2862 nt
801 2811 870 2875 sopri

68 2886 167 2941 habitum
176 2888 222 2939 est.
239 2887 304 2945 Quod
323 2888 399 2942 mrtem
411 2884 457 2949 agit
468 2884 553 2948 admito
566 2899 595 2937 err
605 2886 682 2951 aliquo
692 2883 869 2948 prosupposito,
