1984 3309
140 147 185 194 sto
319 155 386 200 rsus
402 152 618 204 1‚ounsr.cxnr,
633 153 689 190 nur.
707 151 769 194 viu..

139 244 214 296 mure,
226 230 329 282 obsolute
344 234 368 280 et
383 230 540 280 uniuersaliter
556 229 733 288 ourionis,
750 227 794 278 sed
804 225 931 276 tnmiueme

139 302 238 366 periculo
247 299 326 352 salutis
335 301 515 353 bocvultllnde
524 300 596 362 magis
605 302 641 350 est
650 300 696 352 buo
705 297 861 348 voluntarium
870 293 931 360 puin

140 373 331 433 involuntarium,
348 376 375 423 ut
387 372 471 421 ibidem
486 371 576 422 dicitur.
591 369 711 434 sicigitur
725 370 802 434 angeli
815 371 933 434 perornet

140 459 218 509 poenas
231 444 364 507 bominum,
376 443 535 501 uniuersulitrr
550 447 574 494 et
585 441 687 494 absoluit
700 442 830 504 loquendo,
845 453 890 490 nou
898 453 933 490 vo

140 517 202 579 lunt3
212 517 293 566 volunt
310 519 387 566 tanen
400 513 459 578 qubd
475 514 537 565 circu
549 516 593 566 hoo
605 513 665 566 ¹ordo
679 512 765 564 diuinae
781 513 882 576 justitio
894 525 934 562 ser-

140 591 219 651 vetur,
234 587 356 645 seorundbm
370 600 438 652 quum
452 587 542 651 quidem
559 587 634 650 poeuis
651 585 791 648 subduntur,
807 589 832 636 ot
845 597 933 650 peusin

139 659 309 722 permittuntur.
780 709 783 712 .

172 731 205 780 ild
221 728 320 793 primurn
335 730 529 794 ergodioeudurn,
542 729 602 792 quod
614 730 708 780 verbum
722 729 778 779 illud
793 729 862 786 lsuiae
870 733 935 794 potest

141 801 238 864 intelligi
248 803 276 852 de
288 802 388 866 angelis,
399 803 423 852 id
431 806 466 852 est
474 801 560 850 nuntiis
567 800 718 864 bzoouiaequi
727 802 845 852 fleverunt
853 805 935 866 propter

141 873 211 923 verba
231 870 354 935 Rnbsuois,
369 874 397 924 de
417 872 499 936 quibus
514 872 610 930 babetur
628 874 701 936 loni„
720 872 835 922 xxxvii.
858 874 886 922 lit
903 873 935 921 bot

142 945 267 996 secundbm
280 945 399 995 litteralem
410 957 511 995 sensum.
524 943 654 999 Secundini
664 942 719 994 verb
729 943 896 1007 *ulegorionrffi
907 957 937 993 on

144 1016 189 1077 geli
200 1016 264 1080 pacis
274 1020 328 1066 sunt
336 1017 435 1080 apostoli
446 1021 470 1077 et
479 1015 652 1080 praerliontores,
663 1015 775 1078 odilloni
786 1027 830 1079 pro
846 1014 937 1081 peooub

144 1086 270 1135 bominum.
288 1087 312 1136 Si
327 1087 382 1139 verb
394 1086 518 1138 seoundiuu
538 1100 629 1138 sensnm
648 1086 800 1150 anagogicum
813 1090 937 1152 exponetur

144 1156 172 1206 de
182 1157 270 1220 angelis
277 1157 351 1220 bonis,
359 1158 575 1222 tunometspboriou
586 1158 728 1221 eritlocntio,
739 1159 767 1208 ud
777 1159 938 1221 iunguntur

144 1229 204 1290 quod
220 1229 294 1294 angeli
308 1230 388 1280 volunt
402 1229 428 1280 in
441 1229 565 1286 uniuersali
580 1229 698 1282 bominum
709 1229 814 1280 salutem.
829 1229 872 1280 Sio
886 1229 938 1280 enin

145 1299 192 1348 lteo
202 1303 225 1348 et
235 1299 321 1362 angelis
333 1301 466 1367 hujusmodi
477 1300 594 1364 passiones
607 1300 768 1354 attribuuntur.

176 1371 211 1420 dd
222 1372 345 1421 secuudum
362 1373 427 1435 patet
440 1371 522 1421 solutio
534 1385 580 1434 per·
589 1384 615 1422 eu
624 1385 676 1434 qun
687 1370 745 1422 dictu
755 1366 827 1422 suut-

177 1443 211 1492 td
228 1443 317 1507 tortium
336 1442 468 1507 dicendum,
487 1443 549 1507 quod
569 1448 616 1494 taur
629 1441 806 1508 inpoenitentia
826 1445 938 1498 bominum

145 1514 214 1578 quim
232 1515 257 1564 in
275 1519 384 1578 peccato,
402 1519 478 1567 munet
496 1530 542 1566 unu
563 1515 620 1568 ratio
641 1515 716 1578 gaudii
735 1516 839 1579 angelis,
861 1517 939 1568 soilioo

146 1585 249 1649 impletio
262 1585 347 1636 ordinis
358 1587 441 1637 divine
453 1585 613 1650 providentis.

177 1657 211 1706 dd
223 1662 328 1720 quartum
343 1658 477 1720 dicendum,
493 1658 555 1722 qudd
571 1659 646 1722 rugeli
664 1659 814 1710 ducunturiu
834 1659 939 1723 judicium

52 1727 55 1730 ’
147 1741 188 1791 pro
201 1727 300 1792 pereatis
313 1731 445 1791 hominurn,
457 1744 504 1781 nou
514 1729 578 1794 quasi
590 1729 635 1792 rei,
647 1731 686 1780 sed
696 1730 760 1793 quusi
771 1734 844 1782 testes
856 1733 887 1782 ud
895 1744 940 1782 rou-

116 1858 134 1880 *
147 1801 283 1852 viucendum
296 1803 400 1856 homines
413 1805 441 1857 de
450 1817 529 1855 eornm
539 1804 639 1867 busitu

427 1921 589 2001 uurrounus
603 1948 660 1999 uru.

206 2053 291 2099 Utrum
300 2055 366 2098 iuter
375 2055 472 2110 appeloit
482 2055 555 2111 possit
565 2059 616 2100 esee‘
621 2065 701 2112 proquo
712 2066 752 2098 seu
768 2055 896 2100 discordia.

181 2165 215 2214 dd
233 2166 337 2217 morum
349 2164 383 2214 sio
394 2164 530 2227 proceditur.
542 2163 636 2214 Videtur
648 2163 709 2227 quod
722 2163 783 2214 inter
796 2165 892 2228 angelos
903 2175 944 2212 rou

149 2236 221 2298 possit
230 2249 279 2286 esso
289 2249 366 2300 pugna
375 2248 417 2285 sen
425 2235 544 2285 discordia.
555 2234 641 2285 tlioitur
648 2235 710 2285 euim
723 2235 851 2292 Jod,.xxv
863 2250 870 2284 ι
881 2233 943 2292 «Qui

150 2304 206 2354 iuoii
224 2307 365 2358 concordiam
380 2306 406 2356 iu
421 2306 590 2356 sublimibus.»
603 2306 649 2356 Sed
664 2318 742 2370 pugne
754 2305 879 2370 opponitur
895 2317 944 2354 oon·

150 2376 313 2439 corboniso
325 2379 350 2428 in
363 2377 499 2429 sublimibus
512 2378 599 2441 augelis
609 2390 654 2428 uon
671 2381 707 2428 est
719 2387 805 2440 pugna.

181 2451 205 2495 2.
219 2449 343 2511 emero,
353 2449 394 2499 ubi
404 2453 440 2499 est
449 2449 550 2512 perfecta
565 2449 662 2502 oburitur
675 2453 699 2498 et
706 2448 768 2514 jusu
777 2449 889 2512 prolatio,
901 2459 941 2495 nou

149 2522 226 2581 protest
234 2531 289 2569 esse
296 2532 380 2583 pugna.
392 2521 436 2570 sed
445 2521 489 2570 boo
496 2523 570 2572 toturn
578 2520 646 2572 estin
653 2519 749 2584 angelis.
760 2521 819 2582 Ergo
829 2519 851 2569 iu
861 2517 944 2580 angelis

151 2602 197 2639 uon
209 2593 244 2639 est
255 2604 340 2653 pugna.

183 2666 206 2709 3.
220 2662 345 2723 Praeterei,
359 2663 380 2712 si
393 2663 468 2728 angeli
483 2662 589 2712 dicuntur
604 2676 705 2728 pugnare
715 2677 757 2728 pro
771 2664 805 2714 eis
818 2675 875 2728 quos
893 2674 943 2710 ous-

151 2732 255 2792 todiunt,
270 2732 363 2782 necesse
379 2732 485 2796 estquod
498 2747 557 2784 unus
572 2735 665 2796 angelus
677 2734 753 2786 foveat
765 2748 832 2784 uuum
842 2735 942 2796 partem,

150 2808 174 2851 et
191 2803 248 2852 alius
259 2802 333 2851 etiarn.
348 2803 393 2852 sed
405 2801 425 2852 si
436 2817 482 2855 uua
497 2817 550 2866 pars
561 2805 631 2856 babo
642 2805 771 2868 justitiam,
786 2809 873 2856 oonstu
886 2802 943 2866 qubd

152 2872 195 2922 ulia
208 2885 261 2934 purs
270 2872 351 2922 babent
362 2872 507 2935 injustitiam.
518 2875 578 2938 Ergo
588 2875 691 2940 sequitur
699 2876 761 2940 qudi
769 2876 863 2939 adpotus
875 2875 944 2928 bonus
