1984 3309
144 154 190 201 tat
358 158 418 199 raus
434 160 457 209 r,
473 157 565 204 onmes.
583 156 629 208 ov,
644 155 699 196 aas.
716 157 734 194 1.

143 239 205 290 entia
217 237 343 302 completa,
356 235 410 286 edm
423 249 470 285 noo
479 233 620 294 subsistant,
634 235 673 284 sed
686 233 805 297 quodlibet
816 243 893 284 eornm
906 237 940 283 est

142 310 228 374 aliquid
243 308 304 359 entis
319 324 324 357 :
340 308 373 358 sie
390 305 453 357 eninr
469 319 512 355 eus
529 305 624 366 dieitur,
640 305 693 369 quia
710 319 738 356 eo
752 305 837 370 aliquid
850 307 892 355 est.
911 305 939 354 m

142 386 217 432 tamen
231 395 258 431 eo
271 381 338 430 modo
350 392 396 442 quo
407 382 470 437 sunt,
481 390 530 437 nou
542 376 634 428 omnino
645 377 671 426 in
683 377 781 428 nihilum
799 375 936 439 rediguntur,

142 467 188 503 oon
199 452 252 517 quia
261 451 337 514 atiquo
352 463 404 514 pars
413 462 490 500 uorum
501 453 611 512 remanet,
626 449 666 500 sed
680 451 798 500 remanent
808 447 942 512 inpotentia

142 523 242 574 materiae
253 524 288 572 ret
298 518 408 584 subiecti.

408 831 582 912 onasum
600 837 655 902 aa.
676 919 678 926 Α

176 993 210 1036 De
229 993 361 1036 matutinos
378 993 551 1035 ereaturarum
567 987 659 1038 dDeo,
674 989 703 1032 io
724 991 774 1032 outo
794 988 917 1034 articulos

496 1061 587 1106 diviso.

160 1203 261 1252 ‚Deinde
273 1201 461 1252 considerandum
472 1203 507 1250 est
523 1200 551 1250 de
567 1199 666 1249 seeundo
684 1199 767 1250 eiieotu
776 1199 947 1262 gubernationis

143 1275 227 1324 diuinae
238 1312 244 1335 ,
254 1274 293 1337 qui
307 1276 342 1324 est
354 1273 449 1322 mutatio
463 1274 624 1320 ereaturarum.
636 1271 664 1319 Ei
678 1269 766 1336 primo,
777 1271 805 1320 de
819 1272 946 1322 mutatione

142 1351 293 1398 ereaturarum
308 1345 320 1394 i
334 1346 387 1396 neo.
403 1341 508 1395 Seeuudd
518 1381 524 1404 ‚
535 1343 565 1392 ,de
580 1341 705 1393 mutatione
718 1341 786 1392 unius
796 1346 907 1394 creaturae
919 1344 944 1394 ab

142 1418 201 1468 aliis.
447 1415 451 1418 ’

173 1491 201 1539 Et
221 1490 281 1539 cirea
299 1491 343 1541 hoe
361 1484 492 1553 queruntur
510 1489 570 1536 osto.
587 1487 613 1534 10
630 1484 710 1535 Utrum
730 1486 793 1536 Deus
816 1485 947 1537 immediati

141 1562 213 1625 possit
223 1574 314 1611 mouere
327 1559 445 1610 materiam
454 1559 482 1607 ad
491 1558 594 1608 sormam.
606 1561 632 1606 20
643 1555 722 1606 Utrum
732 1557 865 1607 immediate
876 1558 948 1624 possit

142 1645 232 1683 mouere
251 1631 342 1696 aliquod
361 1644 450 1694 corpus.
466 1633 493 1677 3⁰
506 1627 585 1694 Uirium
598 1627 672 1692 possit
684 1641 778 1694 provere
793 1627 945 1680 intellectum.

143 1708 170 1757 d⁰
183 1701 263 1752 Utrum
277 1703 349 1765 possit
360 1715 450 1752 movere
469 1701 616 1750 uoluntatem.
633 1705 659 1748 5⁰
674 1697 751 1749 Uirium
766 1701 827 1750 Deus
840 1706 946 1765 operetur

143 1773 240 1824 inomni
255 1777 371 1836 operante.
383 1778 410 1822 60
423 1771 503 1822 Uirium
515 1771 588 1834 possit
601 1771 685 1834 aliquid
701 1771 775 1822 insere
789 1767 875 1835 preater
886 1775 947 1822 ordi·

144 1859 197 1894 nem
211 1845 278 1894 rebus
291 1843 394 1893 inditum.
412 1849 437 1892 7⁰
451 1841 529 1895 Utrium
543 1841 618 1892 omnia
634 1855 684 1905 qnae
698 1841 730 1892 sic
745 1843 804 1892 oeus
822 1843 890 1908 tacit,
904 1844 949 1894 sint

145 1915 260 1977 nimaepla.
275 1919 302 1964 8⁰
315 1917 347 1966 De
360 1915 490 1965 diuersitate
504 1913 670 1964 miraculorum.

438 2058 598 2127 narremus
612 2075 630 2124 ι,

201 2203 287 2247 Utrdor
303 2202 367 2246 Deras
380 2200 452 2257 possit
466 2199 602 2244 immediati
616 2193 708 2243 aremare
722 2199 851 2244 materiam
861 2199 894 2245 ud

484 2263 597 2316 formam.

174 2382 207 2432 dd
221 2381 320 2445 primum
329 2381 364 2432 sie
372 2381 502 2446 proceditur
512 2380 554 2445 (t).
565 2381 658 2431 Videtur
669 2381 730 2444 quod
741 2382 801 2431 Deus
813 2395 865 2434 non
872 2386 947 2448 possit

143 2451 275 2503 immediate
296 2465 386 2503 ruovere
402 2452 520 2504 maesiam
537 2453 564 2502 ad
580 2453 685 2504 formum.
704 2452 767 2504 Sient
783 2453 847 2504 enim
867 2458 949 2520 probat

144 2522 296 2586 Philosophus
312 2522 336 2572 in
346 2524 393 2572 mr.
410 2523 546 2587 Metopdpe.
562 2523 570 2586 (
579 2527 635 2572 test.
649 2522 706 2586 it),
722 2541 736 2570 «
750 2523 847 2576 tonnam
864 2527 889 2578 iu
905 2529 948 2577 trae

144 2594 240 2650 materia
251 2593 309 2644 nihil
320 2594 394 2644 tacere
408 2598 497 2658 potest,
511 2595 555 2644 nisi
568 2595 642 2644 torma
651 2608 702 2658 pun
719 2594 788 2645 estin
798 2597 897 2648 materia
912 2616 918 2645 :
933 2615 946 2644 n

144 2668 198 2729 quia
208 2683 222 2713 u
232 2665 305 2715 simite
319 2665 374 2714 facit
388 2665 432 2716 sibi
443 2666 517 2723 simite
529 2666 553 2718 in
567 2665 671 2716 materia.¹
685 2681 700 2712 rr
718 2667 763 2716 sed
778 2669 844 2718 Deus
856 2675 948 2724 nonest

144 2736 217 2786 torma
229 2737 254 2785 iu
264 2734 366 2785 materia.
377 2737 436 2800 drgo
447 2750 494 2786 nou
505 2740 581 2800 potest
590 2750 683 2788 causare
696 2737 792 2788 formam
803 2738 828 2788 in
842 2741 945 2792 materia.

179 2878 210 2939 pp
225 2881 258 2924 uo
272 2879 308 2927 un
318 2881 387 2932 eoam
401 2855 687 2942 rotra‚qu.1to‚arr.a.
