1984 3309
206 198 238 234 ou
253 195 392 237 marrona
406 196 582 238 murcianum
598 198 615 238 a
630 199 686 238 ono.
802 189 845 238 tad

47 272 150 324 faciendis
157 272 204 338 (1).
224 289 238 320 u
252 275 297 324 Sed
310 275 388 332 eadem
403 275 521 339 potentia,
537 272 622 326 scilicet
636 275 686 339 dei,
700 275 757 326 dont
771 275 847 327 omnia

46 344 159 395 miracola.
174 345 234 408 Ergo
245 360 315 395 unum
328 359 374 396 uon
387 349 423 396 est
438 345 513 409 majus
528 345 581 396 alio.

75 422 98 467 2.
114 419 242 480 Praeterea,
253 417 355 483 potentia
364 418 405 468 liei
417 421 453 468 est
463 417 560 468 infinita.
575 417 621 470 Sed
634 419 748 470 indultum
762 420 846 483 impio

46 487 224 552 portiouahiliter
237 490 328 540 excedit
342 503 410 540 omne
421 490 517 540 limitum.
534 491 592 552 Ergo
605 504 651 540 non
665 490 737 554 magis
754 495 789 542 est
801 491 846 540 mi-

47 561 139 610 randum
157 560 219 624 quid
232 560 303 611 faciat
317 563 379 611 hune
396 561 505 611 allectum
520 560 588 625 qulm
610 562 689 626 illum;
704 575 758 626 ergo
776 577 845 613 urium

46 632 178 683 miraculum
191 645 239 682 uon
250 636 285 682 ast
295 632 370 696 majos
381 633 462 682 altero.

75 704 120 754 Sed
134 707 214 754 contra
231 708 280 767 est,
296 705 356 767 quod
369 703 478 754 Dominus
488 704 556 766 dicit,
571 707 653 769 donae,
673 706 740 769 xlv,
750 707 778 756 de
790 719 845 770 ope·

45 778 105 827 ribus
125 773 269 825 miraculosis
289 776 405 838 loquens:
422 792 440 825 a
451 776 524 837 opera
537 789 587 840 quau
606 790 648 840 ego
666 777 740 839 facio,
755 782 778 828 et
796 777 846 842 ipse

45 848 124 911 faciet,
138 851 163 897 ct
175 847 264 911 majora
277 847 359 896 luorum
369 846 445 899 faciet.
456 863 470 892 n
650 912 653 916 ι

76 921 234 983 (corausto.
247 945 280 956 -
296 917 453 980 lfiraculorum
473 933 545 970 unum
565 919 609 970 alio
630 921 703 986 majus
720 935 771 974 esse
791 935 846 972 cou-

44 991 125 1054 tingit,
138 1003 184 1041 uon
198 987 325 1041 secuudum
339 989 530 1053 comparationem
544 991 572 1042 ad
587 990 685 1042 divinam
700 991 844 1056 potentiam,

43 1062 84 1112 scd
99 1061 127 1111 ad
142 1062 276 1112 facultatem
291 1063 393 1122 namra,
409 1068 521 1124 quamnim
536 1063 608 1126 magis
621 1077 672 1114 eam
685 1065 797 1129 excedit.)

74 1135 208 1205 Respondeo
223 1133 345 1184 dicendum
353 1170 362 1202 2
375 1132 436 1196 quod
446 1134 504 1184 nihil
517 1139 594 1200 potest
612 1136 656 1186 dici
669 1136 802 1189 miraculum
817 1151 846 1190 ex

43 1205 209 1272 comparatione
226 1203 337 1270 potentia
352 1205 452 1270 dirinae3
467 1206 521 1270 quia
533 1208 689 1274 qiaodcumque
703 1208 799 1273 factum,
809 1209 845 1259 di·

42 1280 101 1329 vinar
116 1278 227 1342 potentiae
249 1279 419 1341 comparatum,
437 1282 472 1328 est
491 1278 624 1344 minimum,
644 1282 767 1332 secundum
787 1281 844 1332 illud

43 1352 111 1404 faoi..
124 1351 164 1400 XL
176 1365 183 1396 ε
197 1367 212 1397 «
222 1349 283 1398 Ecce
293 1353 374 1411 gentes
384 1349 450 1412 quasi
463 1351 525 1400 stilla
536 1351 617 1413 situlae,
628 1355 651 1401 et
661 1353 727 1416 quasi
741 1366 844 1402 momen·

43 1427 90 1473 tum
105 1425 194 1473 micam
210 1424 320 1486 reputatae
333 1425 396 1471 suot.
408 1437 422 1467 »
438 1423 482 1472 Sed
497 1423 578 1473 dicitur
591 1423 675 1487 aliquid
689 1423 843 1473 mr'roculuoa

42 1508 83 1557 per
102 1493 296 1558 conparationem
312 1494 341 1542 ad
360 1493 493 1544 facultatem
510 1500 596 1546 naturae
615 1507 684 1558 quam
704 1496 800 1546 excedit.
816 1496 845 1558 lft

43 1567 91 1616 ideo
101 1565 228 1618 secmddm
241 1563 303 1629 qudd
316 1564 387 1626 magis
397 1566 487 1634 excedit
501 1565 631 1617 facultatem
643 1571 746 1632 nature,
760 1581 844 1618 secun·

41 1637 92 1688 dim
104 1637 232 1700 docmajm
243 1635 378 1685 miraculum
387 1636 476 1686 dicitm.
487 1639 583 1688 Excedit
594 1641 668 1690 autem
680 1638 762 1703 aliquid
773 1640 843 1690 facul·

39 1714 108 1760 tatem
121 1713 209 1759 naturae
222 1705 344 1772 tripliciter
359 1724 364 1757 :
379 1708 430 1758 lluo
444 1711 511 1760 modo
523 1714 633 1773 quantum
648 1711 675 1760 ad
691 1710 841 1766 substantiam

42 1782 106 1846 faoti3
114 1783 176 1832 sicui
184 1781 243 1845 quod
254 1782 299 1830 duo
307 1793 400 1846 corpora
409 1781 455 1831 sint
464 1782 540 1846 simul,
549 1783 587 1831 uel
594 1781 655 1846 quod
665 1783 698 1833 sol
708 1784 842 1845 retrocedat,

42 1856 81 1901 aot
93 1853 155 1917 quod
167 1866 251 1917 corpus
263 1853 388 1901 humanum
402 1853 555 1919 glorificetur3
568 1855 627 1916 quod
647 1855 709 1904 nullo
726 1855 792 1904 modo
803 1867 843 1904 na-

41 1925 172 1975 turalacere
181 1927 273 1990 potest:
284 1926 307 1973 et
315 1922 358 1973 ista
367 1927 446 1974 tenent
458 1938 572 1975 summum
581 1924 674 1988 gradum
684 1925 708 1973 iu
720 1921 842 1975 miraculis.

43 1995 148 2046 Sconndd
166 1995 252 2059 aliquid
266 1994 356 2045 excedit
367 1994 499 2046 facultatem
517 1999 619 2058 nature,
634 2009 679 2044 uon
692 1999 801 2059 quantum
815 1997 844 2046 ad

38 2066 65 2115 id
78 2067 137 2130 quod
150 2067 192 2128 fit,
209 2067 250 2117 sed
264 2068 373 2130 quantum
391 2067 420 2116 ad
437 2068 460 2117 id
476 2067 557 2130 inquo
571 2066 614 2126 fd;
630 2065 687 2116 sicut
702 2065 844 2116 resuscitatio

41 2143 191 2203 mortuorum,
208 2143 231 2189 et
244 2136 380 2188 illuminatio
394 2151 522 2201 caecorum,
537 2141 561 2188 et
575 2132 677 2200 similia3
695 2141 769 2202 potest
783 2137 843 2187 enim

39 2216 123 2261 natura
142 2223 237 2261 musam
254 2210 341 2273 vitam,
356 2211 396 2259 sed
414 2222 460 2260 nou
483 2211 591 2270 mortuo,
606 2213 629 2259 et
645 2212 719 2274 potest
735 2211 843 2272 praestare

37 2285 127 2348 visum,
136 2284 180 2336 sed
194 2296 242 2333 non
256 2294 334 2332 caeco:
350 2285 374 2332 et
388 2282 436 2332 liaeo
448 2285 529 2332 tenent
542 2281 664 2333 meandum
675 2281 750 2332 locum
762 2281 787 2332 in
800 2279 844 2331 mi-

43 2355 134 2406 raculis
150 2355 228 2406 Tertio
239 2354 306 2403 modo
319 2353 411 2404 excedit
421 2353 507 2416 aliqud
517 2353 649 2404 facultatem
660 2357 759 2417 nature,
772 2367 842 2417 quan-

42 2432 90 2476 tum
102 2427 236 2481 admodum
254 2429 279 2475 et
296 2425 398 2475 ordinem
412 2424 511 2475 faciendi
522 2443 528 2488 ;
543 2425 602 2476 sicut
612 2425 663 2475 ciui
675 2424 757 2488 aliquis
769 2426 843 2477 subiti

39 2512 83 2562 per
101 2499 210 2550 rumdam
232 2498 333 2548 diuinam
353 2497 446 2550 ileliae
466 2501 558 2548 curatur
577 2499 661 2560 ubsque
682 2498 799 2548 truncatione
820 2504 843 2550 et

39 2576 152 2622 consueto
164 2584 275 2636 processu
285 2573 372 2623 natura
386 2571 410 2619 iu
420 2569 519 2633 tadbus3
533 2573 556 2620 et
567 2568 618 2618 edm
629 2568 703 2618 statim
716 2583 753 2620 aer
767 2570 843 2620 diuina

37 2643 124 2694 virtute
142 2645 166 2694 in
185 2641 276 2708 pluvias
290 2641 399 2692 densatur
417 2641 502 2705 absque
522 2640 661 2690 naturalibus
677 2641 770 2704 causis,
785 2640 843 2690 sicut

38 2715 126 2764 factum
141 2719 179 2766 est
194 2713 223 2764 ad
241 2725 322 2778 preces
335 2713 448 2763 Samuelis
463 2717 486 2763 et
500 2713 555 2763 Elim
570 2716 609 2762 :et
620 2712 751 2775 hujusmodi
763 2716 843 2762 tenerit

39 2785 146 2837 intimam
161 2789 240 2839 locum
259 2785 284 2834 in
303 2785 423 2837 miraculis
440 2785 552 2852 eraeliltet
570 2789 646 2846 tamen
663 2786 741 2836 horum
759 2784 844 2834 habeut

80 2931 110 2995 (fi
124 2932 255 2983 immutatis
265 2934 383 3006 paulisper
396 2934 487 2994 uerbis,
500 2933 574 2990 Epist.
584 2935 632 2996 Ill,
647 2934 707 2980 circa
717 2903 825 2982 medium.
