1984 3309
193 140 224 176 na
239 138 300 176 nouo
316 137 417 176 sommus
430 139 473 184 our
488 140 531 178 asu
548 137 689 178 remorsus.
795 131 840 178 tta

54 217 86 266 est
97 213 150 279 (qu.
164 218 204 279 97,
217 219 260 266 art.
274 215 313 278 εις
324 215 361 266 rui
374 215 515 280 corruptioni
526 229 643 268 omnnem
652 217 742 280 poterat
753 217 841 281 pomus

54 289 116 338 bomo
127 301 169 350 per
178 299 242 338 mum
253 286 364 337 ciborum.
377 287 439 337 loter
453 301 482 338 ea
491 287 546 338 verb
563 301 613 352 qua
628 287 729 340 extenua
739 301 840 339 eorrum-

54 363 120 423 punt,
132 359 274 424 praecipuum
282 359 373 410 ridetur
390 373 440 410 essa
455 360 631 425 distemperatus
643 373 699 411 aer:
713 363 772 412 unda
788 363 842 414 buia

53 432 184 498 mrruptioui
197 433 294 484 maxima
311 432 436 484 occurritur
448 447 490 497 per
503 433 638 497 temperiem
652 433 719 484 aeris.
734 435 760 484 ln
775 447 841 498 para·

54 505 98 554 diso
108 508 183 554 autem
193 507 312 568 utrumque
323 503 451 568 iuvenitur3
464 505 517 568 quia
529 505 565 568 (ut
574 503 725 556 damascenus
735 505 774 558 obi
785 519 840 570 sup.

54 575 113 639 dicit)
124 581 159 627 εει
173 577 236 627 loeus
256 593 271 624 c
285 580 410 640 temperato
429 579 454 627 et
465 577 600 628 tenuissimo
618 580 641 628 at
658 578 777 642 purissimo
790 591 842 628 aare

53 647 217 712 circumfulgens
222 686 231 712 ,
245 648 331 713 plantis
343 661 437 711 semper
446 648 532 700 floridis
545 651 755 700 demulcentium
770 650 842 699 mani,

54 718 128 770 tastum
142 724 179 771 εει
195 721 256 784 qnod
274 720 394 784 paradisus
411 724 446 771 est
463 721 528 772 locus
548 721 687 772 conveniens
707 720 842 772 habitationi

53 790 149 844 bonane
164 793 290 844 secundnm
304 792 384 856 prima
398 792 571 843 immortalitatis
585 795 678 844 emtum.

80 864 111 914 ld
124 865 221 928 mimum
231 877 287 928 argo
298 864 432 925 dicandum,
444 863 507 928 qudd
517 865 598 915 caelum
612 879 745 930 empyreum
757 869 793 916 εει
805 879 843 916 su·

54 946 147 995 premam
162 936 314 1001 corporalium
325 936 427 986 locorum
434 974 443 1000 ‚
457 940 480 986 ει
492 939 528 986 εει
541 939 605 986 astra
617 949 708 986 omnam
725 936 843 986 mutabili·

54 1006 275 1072 utammqmntum
284 1007 313 1057 ad
322 1007 420 1071 primum
428 1009 510 1058 bomm
520 1011 555 1058 εει
562 1013 626 1059 ιεεεε
634 1021 747 1072 congruns
756 1011 842 1059 aratura

54 1078 160 1142 augebam
167 1079 223 1143 quia
234 1079 443 1141 sicutltugua‘tinus
453 1080 509 1130 dicit
518 1080 590 1139 inlll.
598 1083 633 1129 lle
643 1081 734 1129 Tainia.
743 1096 751 1128 :
760 1097 775 1128 o
784 1082 843 1132 baua

54 1148 106 1211 regit
122 1156 249 1203 mmmmm
264 1151 403 1216 corporalem
422 1165 463 1216 per
476 1152 617 1215 spiritualem
630 1167 663 1200 :n
682 1152 742 1201 unde
757 1165 842 1204 conre-

55 1220 113 1272 niens
124 1226 160 1274 eat
171 1223 236 1288 quod
247 1223 370 1286 spiritualis
385 1227 465 1273 natura
477 1222 509 1274 sit
522 1233 592 1288 supra
602 1236 693 1274 omnam
704 1225 843 1287 corporatam

55 1294 284 1358 consummatorem
296 1294 430 1358 presidens.
445 1297 560 1356 Quantum
573 1298 649 1346 autem
663 1297 690 1344 ad
704 1297 841 1360 moundum,

54 1367 150 1418 mumma
162 1367 235 1418 statum
248 1365 410 1426 beatitudinis,
423 1368 463 1430 qui
474 1371 510 1418 εει
521 1368 625 1416 firmatus
637 1367 663 1416 in
672 1379 761 1416 mmma
774 1369 844 1418 stabi·

54 1433 116 1487 lule.
130 1437 167 1488 Sia
182 1437 255 1501 igitur
269 1437 333 1487 locus
347 1436 493 1487 beatitudinis
509 1437 613 1500 congruit
624 1437 704 1498 angelo
720 1439 843 1487 secundum

55 1511 146 1558 naturam
158 1523 240 1572 auam3
256 1509 316 1559 unde
326 1508 359 1557 ibi
371 1512 460 1559 oreatus
470 1513 514 1558 εει.
530 1509 580 1559 Non
593 1511 670 1558 autam
683 1509 786 1571 congruit
799 1511 841 1560 bo·

55 1577 233 1632 mimsacundum
244 1592 309 1630 suam
317 1582 429 1644 natumm,
438 1593 492 1630 cum
499 1592 546 1630 non
553 1578 673 1643 presideat
681 1579 723 1629 toti
733 1581 844 1644 corporali

54 1656 151 1704 amatura
166 1666 210 1718 por
228 1651 321 1701 modum
340 1650 525 1715 gubernationis3
542 1652 582 1702 sed
600 1651 708 1714 competit
728 1652 749 1702 ei
772 1652 843 1702 solum

53 1723 128 1776 ratium
139 1722 299 1776 beatitudinis.
311 1725 377 1774 Unde
391 1737 437 1775 non
451 1727 488 1775 εει
504 1723 614 1788 positast
627 1723 777 1788 principioin
793 1725 845 1775 coeli

53 1807 165 1861 empyreo,
180 1797 222 1848 sed
237 1795 292 1844 illuc
302 1795 471 1847 transferendus
485 1799 535 1846 erat
549 1796 572 1844 in
585 1799 645 1845 statu
658 1795 733 1846 linaiis
746 1796 844 1846 beatitu-

55 1865 115 1918 dinis.
742 1911 743 1918 ,

80 1939 251 1992 domomum
266 1939 408 2001 dicendum,
424 1939 485 2003 quod
505 1939 622 1990 ridiculum
642 1943 677 1991 εει
694 1939 768 1990 dicare
785 1938 845 2002 qubd

53 2010 172 2064 tumeam
181 2011 251 2063 alienu
260 2011 373 2077 spirituali
382 2011 515 2064 substantia
527 2012 557 2062 sit
565 2011 716 2076 aliquisloous
726 2011 843 2074 naturalis3

54 2084 87 2132 sad
96 2098 134 2148 per
141 2085 318 2150 congruentiam
328 2085 448 2148 quamdam
457 2083 540 2147 aliquis
552 2083 656 2148 specialis
665 2085 727 2134 locus
736 2086 844 2134 creatura

54 2154 154 2217 spiritnali
166 2155 309 2208 attribuitur,
322 2156 441 2206 Paradisus
454 2155 514 2206 eninr
529 2155 641 2206 terrestris
656 2159 705 2206 erat
715 2155 777 2204 locus
790 2168 852 2206 con·-

54 2238 126 2286 groena
137 2228 242 2290 bomini,
253 2231 277 2278 at
286 2231 396 2293 qnantum
411 2229 439 2278 ad
453 2229 553 2278 animam
564 2231 588 2278 ει
598 2230 706 2291 quantum
717 2225 745 2276 ad
756 2239 844 2290 corpus,

54 2298 192 2364 inquantum
207 2299 296 2351 scilicet
308 2299 334 2349 in
344 2298 420 2349 anima
433 2302 481 2349 orat
494 2299 531 2350 uis
542 2297 695 2364 precariandi
708 2311 789 2361 corpus
802 2300 846 2349 hu-

53 2384 135 2423 manum
147 2373 162 2424 b
176 2372 342 2435 corruptiona3
356 2371 417 2434 quod
435 2384 482 2421 non
499 2371 640 2434 competebat
653 2369 678 2418 in
696 2367 746 2418 aliia
760 2369 846 2420 anima·

53 2440 104 2493 libus
113 2459 120 2492 :
128 2447 152 2494 ει
161 2444 232 2506 ideo,
241 2448 267 2493 ut
282 2442 506 2496 bamasoenusdiait
519 2446 527 2503 t
538 2442 577 2493 ubi
590 2456 641 2506 sup.
651 2441 669 2505 )‚
683 2439 729 2488 «in
744 2441 845 2504 paradiso

54 2513 130 2564 nubum
146 2511 339 2567 irrationabilium
353 2511 449 2565 habitat,
464 2531 477 2562 n
492 2514 558 2566 Licet
579 2528 608 2565 ex
621 2513 716 2578 quadam
731 2512 845 2576 dispensa-

54 2583 108 2635 tione
118 2587 228 2637 animalia
242 2586 328 2637 lumint
339 2585 395 2636 illuc
408 2586 519 2637 divinitus
532 2588 626 2638 adducta
639 2585 668 2640 ad
676 2585 754 2648 Adam,
765 2587 789 2636 at
799 2599 846 2634 aar·

55 2667 103 2716 nans
114 2655 169 2709 illuc
180 2657 303 2709 accesserit
315 2669 357 2722 par
366 2658 521 2722 operationem
534 2657 627 2709 diaboli.

80 2730 111 2780 ld
121 2731 217 2782 tortium
231 2744 285 2795 ergo
299 2730 434 2795 dicandum,
445 2731 505 2796 qudd
517 2745 563 2782 non
575 2733 667 2794 propter
681 2730 724 2778 boo
736 2727 798 2778 loeus
811 2729 846 2776 ast

55 2797 136 2866 lursba,
145 2803 201 2866 quia
211 2807 299 2855 nonest
308 2803 340 2853 ibi
347 2805 463 2854 hominnm
471 2803 580 2854 habitatio
589 2805 641 2866 post
650 2804 778 2866 paccatum
788 2799 846 2848 siant

55 2869 115 2922 etiarn
124 2887 171 2926 non
182 2875 270 2927 trustra
282 2876 329 2927 tuit
342 2877 429 2928 bomini
440 2877 548 2928 attributa
560 2875 715 2928 immortalitas
725 2871 843 2936 madan,
