1984 3309
141 204 257 250 ouonono
270 205 318 244 nrm
332 204 459 244 murrum
474 207 550 246 amu
565 205 669 260 nouum,
684 207 736 246 uro.
793 197 837 248 let

42 284 116 333 sident
127 295 190 332 uunc
197 319 207 346 ,
221 295 289 347 mum
300 295 344 333 nos
359 283 384 334 in
399 283 475 334 tuturo
488 287 643 348 expectamus.
656 285 699 335 Sed
713 288 769 335 tuuc
779 299 839 336 unus

42 357 109 406 homo
121 368 168 405 non
179 355 316 406 illuminabit
327 356 410 419 alium,
422 357 546 406 secuudum
558 357 614 407 illud
629 359 732 414 terem..
747 358 818 408 XXXI
831 373 836 408 :

44 429 117 478 «Non
128 427 283 478 dooehitultra
292 427 329 477 uir
341 428 469 492 proximum
478 442 553 493 suum,
563 432 587 480 et
594 427 630 479 vir
639 429 730 482 tratrem
742 444 816 482 saum.
826 447 840 480 n

43 500 102 562 Ergo
109 498 178 549 etiam
188 513 251 549 uunc
262 514 323 550 uuus
336 500 430 564 angelus
443 512 488 550 non
503 501 616 551 illuminat
628 501 708 552 alium.

72 575 96 619 2.
111 573 244 633 preterea,
255 571 339 635 triplex
351 576 388 622 est
399 572 477 621 lumen
491 571 516 622 iu
530 571 628 642 ancolim
643 576 742 636 nature,
755 575 778 622 et
792 585 842 636 pm·

43 643 90 704 tiae
100 643 219 706 etgloriae.
228 642 275 693 Sed
284 641 842 710 angelusillnminatunlumiuenaturuhcreaute‚

43 713 127 764 lumine
141 714 219 778 gratie
228 714 242 764 h
250 713 398 778 justificante,
411 715 498 765 lumino
507 715 583 778 glorie
592 709 755 768 a'ueatluoaute
766 732 772 766 ε
783 717 843 781 quod

42 791 114 836 toturn
127 787 172 837 Dei
182 791 229 837 est.
244 788 373 849 lingonum
388 799 434 837 uon
449 786 562 838 illuminat
576 787 653 839 aliurn.

72 861 99 909 a.
112 861 240 921 muca,
254 859 331 909 lnrnen
347 861 385 910 est
404 859 476 910 forma
489 859 593 922 quodam
608 861 699 912 mentis.
715 862 761 912 sed
780 875 844 912 mens

42 930 159 982 mhonelis
174 931 189 980 a
202 932 252 982 solo
267 931 314 981 ileo
331 931 440 980 formatur
455 931 518 982 nulla
532 931 667 998 interposita
688 937 803 998 creatura,
819 937 844 984 ut

42 1002 285 1066 Augustinuodicitiu
298 1002 339 1053 lih.
352 1003 576 1065 exstinetam.
591 1007 636 1069 (qu.
652 1005 700 1070 ιιι).
716 1005 775 1070 lingo
785 1019 844 1058 uuus

42 1075 137 1140 angelus
150 1087 198 1125 non
210 1073 325 1124 illuminat
337 1076 437 1125 mentem
451 1075 551 1126 alterius.

73 1147 117 1197 Sed
132 1149 214 1197 contre
230 1149 266 1197 est
277 1151 292 1207 ,⁴
302 1146 362 1210 quod
381 1146 438 1196 dicit
452 1147 575 1218 Dionysius
592 1147 659 1210 vill,
675 1161 726 1212 cap.
748 1149 842 1200 coelest.

41 1218 114 1283 hier„
123 1218 185 1283 quod
203 1217 303 1282 «augeh
318 1219 422 1269 secunde
436 1218 570 1270 hierarchis
590 1225 715 1283 purgantur
727 1224 751 1272 et
764 1220 845 1271 illumi-

42 1295 125 1342 nantur
133 1294 158 1343 et
167 1290 320 1356 perficiuntur
333 1305 374 1356 per
385 1291 478 1354 angelos
490 1291 570 1355 primu
584 1291 726 1342 hierarchiae.
744 1309 757 1339 o

72 1362 342 1425 (Coretum-Unus
352 1363 447 1424 angelus
457 1361 526 1412 alitum
538 1361 651 1412 illuminat
666 1361 810 1426 inquantum
823 1363 846 1414 oi

41 1435 161 1486 nentatem
179 1447 250 1498 quum
267 1433 550 1497 marcomannicum
567 1434 634 1498 lacit3
649 1433 686 1483 uel
699 1434 846 1486 confortando
902 1439 905 1446 '

42 1507 114 1570 ipsius
124 1507 278 1567 intellectum,
292 1504 330 1555 nel
342 1518 371 1557 en
379 1510 446 1570 parte
457 1503 610 1556 similitudinis
620 1505 654 1556 nei
667 1505 798 1574 intellectae.
807 1505 826 1568 )·

73 1578 213 1642 Respondeo
229 1577 364 1640 dicendum,
376 1576 438 1640 qudd
457 1589 517 1627 nnus
531 1578 624 1639 augelus
638 1576 750 1627 illuminat
768 1577 845 1628 alium.

44 1651 76 1698 ld
89 1649 158 1717 cuins
167 1648 307 1699 euidentiam
316 1648 506 1699 'considerandum
518 1651 553 1698 est
567 1647 626 1712 qudd
635 1649 713 1698 lumen
722 1650 846 1700 secundum

42 1721 102 1784 quon
119 1721 149 1772 ad
164 1721 304 1772 intellectum
322 1721 436 1786 pertinet,
456 1720 514 1769 nihil
531 1723 567 1770 est
580 1720 638 1771 aliud
657 1719 723 1784 quim
743 1721 847 1784 quaedam

43 1793 200 1844 manifestatio
214 1792 332 1855 ueritatis,
343 1791 467 1843 secuudum
477 1791 533 1841 illud
542 1792 578 1840 ud
588 1791 688 1857 Epicu,
702 1793 738 1842 V:
752 1810 766 1840 «
775 1793 847 1842 Omne

44 1866 104 1928 quod
115 1865 286 1926 manifestatur,
297 1865 375 1916 lumen
389 1867 426 1914 est
441 1879 447 1910 ι
464 1879 478 1911 u
493 1864 557 1914 Unde
572 1863 699 1917 illuminare
714 1862 770 1913 nihil
786 1865 848 1914 aliud

44 1940 79 1985 est
88 1936 157 2000 putrn
172 1935 379 1986 manifestationem
390 1934 473 1999 agnito
483 1933 585 1985 sentens
600 1934 753 1998 altitudime,
768 1948 848 1987 secun·

44 2009 97 2056 dum
114 2021 184 2071 quem
200 2009 292 2058 modum
312 2009 432 2072 hpostolus
452 2006 508 2058 dicit
527 2009 560 2055 od
580 2006 681 2070 Ephes,
700 2007 728 2055 lll
743 2021 749 2054 r
766 2005 848 2055 «Mihi

44 2083 148 2129 omnium
164 2081 295 2128 sauctorum
314 2079 410 2129 minimo
424 2080 476 2130 data
493 2081 529 2128 est
547 2075 619 2142 pratia
638 2076 846 2140 hominumiras

45 2163 138 2213 omnes,
155 2163 208 2214 qne
227 2150 257 2200 sit
277 2150 417 2215 dispensatio
436 2148 572 2201 sacramenti
589 2147 715 2198 absconditi
732 2147 849 2200 lsaeculis

45 2223 69 2271 iu
83 2224 138 2273 ileo.
152 2239 167 2271 o
186 2222 226 2273 Sic
238 2222 309 2285 igitur
321 2237 379 2272 unns
393 2222 489 2285 angelus
501 2219 583 2271 dicitur
593 2219 721 2270 illuminare
734 2217 811 2280 ulium,
824 2218 849 2268 in

46 2299 154 2356 quantun
176 2294 198 2344 ei
211 2293 345 2346 manilestat
356 2293 482 2344 ueritatem
498 2297 565 2356 quam
577 2291 626 2356 ipse
645 2291 766 2355 cognoscit.
784 2291 848 2341 Unde

46 2366 169 2431 llionpsius
188 2365 245 2416 dicit
257 2367 310 2429 Vll,
322 2379 372 2430 cap.
393 2364 454 2416 Coel.
469 2363 545 2424 litem,
560 2361 621 2428 quod
633 2380 650 2411 u
658 2363 765 2427 'theologi
777 2362 845 2427 plane

47 2441 176 2488 monstrent
194 2437 323 2488 scelestium
337 2435 514 2488 substantiamm
530 2435 620 2486 ordines
633 2435 646 2502 tt
660 2434 771 2500 supremis
784 2447 850 2485 men-

47 2508 110 2558 tihus
130 2510 208 2560 doceri
227 2508 318 2559 deificas
336 2509 452 2559 scientius.
466 2523 481 2555 o
497 2507 555 2557 Cium
573 2512 649 2558 autem
663 2507 691 2557 ad
709 2506 849 2557 intellectum

47 2582 91 2632 duo
105 2587 253 2646 concurrunt,
265 2581 289 2632 'ru
299 2583 350 2646 ejus
363 2581 509 2647 operatione,
519 2584 549 2631 ut
557 2581 624 2644 suprh
641 2579 738 2630 diximus
744 2617 752 2644 ‚
765 2579 852 2630 scilicet

48 2653 121 2704 uirtus
130 2654 288 2717 intellectiva,
301 2656 324 2704 et
335 2653 460 2704 similitudo
471 2653 505 2703 rei
518 2653 651 2714 intellectu,
664 2653 787 2702 secundnm
799 2652 849 2700 haec

48 2726 94 2776 rluo
108 2740 168 2777 unus
189 2726 284 2790 augelus
306 2725 372 2777 alteri
389 2725 510 2776 ueritatem
531 2729 606 2774 notam
626 2723 742 2774 notificare
764 2725 849 2786 potest.

50 2797 127 2850 Primo
136 2798 248 2863 quidem,
262 2796 403 2847 tortilicando
417 2797 524 2846 uirtutem
538 2795 701 2846 intellectivam
712 2795 772 2858 ejus.
787 2793 850 2840 Sicut

49 2868 112 2918 euim
121 2870 194 2920 uirtus
210 2867 387 2934 imperfectioris
397 2867 497 2931 corporis
512 2867 649 2917 confortatur
662 2879 692 2916 cx
705 2864 781 2916 situati
799 2873 852 2940 pro-

50 2938 175 3004 pinquitate
188 2939 334 3006 perfectioris
351 2939 470 3004 corporis,
484 2941 510 2990 ut
529 2937 605 2992 minus
617 2937 715 2989 caldum
727 2931 810 2985 crescit
827 2941 850 2980 ro
