1984 3309
123 81 171 127 tlte
271 88 348 128 onius
365 88 494 136 secusne,
510 87 604 133 oum.
621 88 679 137 xm,
697 87 753 126 nes.
770 88 789 126 1.

122 166 231 229 conequi
248 166 331 228 finem,
346 167 404 229 quod
421 168 456 217 cet
468 164 562 229 erepsit
571 164 727 228 intendentis3
743 165 785 215 seul
797 164 861 227 nune
871 176 920 215 eon·
962 187 964 190 ·

122 237 263 301 cupiscentie
274 238 342 287 tinem
356 236 452 287 natiueli
466 236 595 300 instinctu,
606 239 729 287 moventur
739 238 768 287 nel
782 237 851 287 linem
862 238 922 302 qmsi
962 229 964 252 ¹

124 310 152 360 ab
166 308 210 361 elio
222 313 298 375 mete,
312 309 372 361 sieut
385 312 408 360 et
425 313 509 363 cetera
522 322 574 372 qne
588 312 710 360 moventur
725 309 870 364 naturaliter.
962 313 964 354 Ι

465 476 580 494 ⁸*

384 616 553 693 titutum
571 620 659 685 XIII.

124 758 157 803 Dc
171 756 285 805 electione
305 766 389 805 eorum
403 766 455 815 qoec
473 758 532 873 {luet
549 754 582 800 nel
602 756 688 814 fiscon
702 756 733 801 ie
749 760 923 805 monticulos
962 763 964 778 ¹

491 828 566 873 ineo.

155 956 324 1017 consequenter
336 950 524 1003 considerandum
537 953 573 1000 est
584 950 614 1001 ne
626 950 715 1001 actibus
733 951 865 1004 uoluentis
870 954 922 1017 ,qui

123 1031 177 1077 sent
192 1026 216 1075 iu
227 1026 394 1089 computatione
405 1025 434 1075 ecl
447 1038 474 1074 ee
488 1027 606 1088 quesnel
623 1024 653 1073 sel
663 1022 746 1088 lluem3
758 1026 785 1074 ct
800 1030 859 1075 sunt
868 1030 920 1087 tres,

122 1097 218 1160 eligere,
235 1096 361 1147 consentire
375 1100 400 1146 et
416 1096 458 1146 nti.
474 1094 615 1147 Electionem
633 1098 711 1145 aulem
727 1097 843 1159 precedit
854 1097 922 1149 cossi·

122 1168 188 1219 lium.
205 1167 280 1219 Primo
295 1180 349 1230 sego
363 1167 555 1218 considerandum
570 1168 647 1217 estete
661 1166 792 1231 electione;
809 1171 921 1229 secundm

123 1241 151 1292 ele
167 1239 274 1300 eonsilio;
291 1239 367 1300 tenuo,
380 1239 408 1289 dc
423 1252 550 1303 consensu3
564 1243 659 1302 cuuto,
670 1239 700 1289 (le
712 1253 769 1290 usu.

155 1312 218 1363 Circe
235 1310 372 1363 electionem
387 1314 524 1373 «queruntur
542 1323 583 1360 sex
604 1314 653 1359 :1⁰
665 1311 740 1375 Cujus
761 1313 876 1375 potentie
896 1312 921 1361 sit

123 1386 201 1445 uetus,
220 1387 294 1433 utrum
305 1381 429 1433 uoluntatis
443 1382 481 1432 uel
494 1380 597 1432 minuis
611 1385 638 1431 2⁰
651 1380 732 1433 Utrum
749 1383 921 1435 electiocenne

124 1454 173 1507 nint
183 1455 254 1507 brute
268 1454 412 1505 animalibus.
425 1457 451 1501 3⁰
462 1452 541 1503 Utrum
554 1454 635 1503 electio
649 1452 680 1503 sit
692 1453 769 1503 solum
781 1468 866 1507 corum
878 1468 920 1519 que

123 1532 178 1577 sunt
167 1528 221 1577 tad
235 1527 317 1587 finem,
326 1526 404 1577 velet'
398 1539 443 1575 uem
452 1526 587 1589 quandoque
598 1525 661 1576 linis.
671 1528 698 1575 t⁰
709 1524 792 1575 Utrum
804 1528 886 1579 electio
896 1527 920 1576 sit

124 1602 211 1651 tentum
219 1613 297 1651 eornm
306 1612 357 1662 quoe
369 1582 410 1663 fier
421 1611 463 1649 nes
472 1601 579 1662 aguntus
590 1600 616 1647 5⁰
625 1597 708 1648 Utrum
717 1598 803 1650 electio
816 1601 920 1652 sitsolun

123 1670 272 1737 possibilium
288 1676 316 1720 6⁰
330 1668 408 1720 Utrum
419 1670 488 1720 home
503 1682 531 1719 eu
543 1668 679 1720 necessitate
692 1668 764 1733 eliget
778 1672 819 1723 uel
832 1670 906 1723 liuere

427 1805 590 1857 telleneus
604 1806 624 1855 l.

217 1904 302 1951 Utrism
312 1904 393 1949 electio
402 1904 434 1949 sit
444 1904 513 1948 nctus
521 1903 666 1958 voluntatis,
676 1904 715 1949 vel
724 1906 840 1952 rationis.
928 1942 933 1949 .

156 2006 309 2071 ltprimum
314 2004 346 2055 sic
360 2003 461 2085 precellit
462 2019 488 2054 ur
503 2005 547 2069 (l).
557 2003 725 2071 Videtnnqeted
736 2004 820 2057 electio
836 2006 921 2057 nonsit

124 2081 188 2131 ectus
198 2076 333 2140 uoluntatis,
343 2076 383 2127 set
396 2079 432 2126 rai
433 2076 499 2127 ionis.
512 2076 600 2127 Electio
616 2074 678 2126 enim
688 2076 837 2128 collationem
848 2091 921 2143 quane-

124 2150 176 2207 deun
195 2151 313 2217 importet,
327 2162 371 2217 quse
389 2162 460 2199 nunno
477 2148 543 2215 elteri
557 2146 684 2213 prefertur.
703 2149 751 2200 Sed
767 2149 874 2229 conterre
892 2151 921 2201 cet

124 2224 227 2275 nationis.
243 2227 301 2289 Ergo
313 2223 394 2275 electio
405 2226 440 2273 est
453 2226 487 2272 net
488 2222 556 2275 ienis

156 2301 179 2345 2.
191 2297 304 2347 Praeterea
310 2294 475 2360 ‚ejusdcmest
488 2294 621 2360 syllogizare
632 2297 655 2345 et
668 2294 815 2347 concludere.
831 2295 921 2361 selegi·

125 2380 176 2417 uere
191 2367 285 2417 eulem'
279 2382 303 2416 nn
315 2366 466 2432 operabilibus
478 2370 515 2417 cst
528 2365 630 2417 sotionis.
644 2366 703 2417 Cum
714 2366 786 2431 igilur
801 2366 883 2418 electio
894 2366 919 2417 sit

124 2436 188 2503 quusi
206 2438 321 2488 conclusio
343 2434 556 2501 inoperehittlus,
574 2439 601 2487 ut
619 2437 701 2488 dicitur
718 2436 744 2487 in
759 2439 810 2489 Vll.
829 2438 920 2491 Eilesse

122 2509 214 2560 uidetur
228 2508 289 2573 quod
302 2510 332 2560 sit
345 2513 408 2560 ectus
423 2508 528 2561 untionis.

157 2586 178 2633 3.
198 2582 325 2645 preterea,
340 2582 468 2647 ignorantia
486 2591 533 2633 non
552 2581 652 2647 pertinet
666 2582 696 2632 nd
711 2583 865 2647 voluntatens,
882 2582 917 2632 sed

159 2698 190 2763 (1)
205 2704 238 2748 De
257 2702 294 2747 luis
309 2700 379 2748 etiem
393 2704 412 2750 1.
438 2708 510 2762 pest,
562 2736 567 2747 .
583 2693 690 2761 ecfert
708 2702 735 2757 ὃς
751 2709 776 2749 et
790 2705 826 2763 n,
842 2702 913 2749 Soloi,

124 2764 178 2809 dist.
190 2764 234 2825 ll,
247 2777 288 2822 qu.
300 2764 329 2824 1,
343 2770 386 2809 eut.
398 2764 425 2819 2;
436 2772 507 2823 etqu.
552 2766 686 2825 ,deverlt.,
702 2772 746 2812 ert.
758 2766 801 2821 153
815 2764 912 2813 etinlll

125 2827 218 2879 Etlic„
231 2830 286 2875 lect.
299 2826 324 2888 6,
337 2828 383 2874 col.
396 2826 423 2882 ile
439 2830 514 2875 ettilo.
526 2830 574 2892 Vl,
587 2829 643 2877 tect.
655 2828 685 2892 ἰ,
696 2830 760 2879 clueo
771 2827 846 2877 tuem.
