1984 3309
349 156 385 195 nu
399 153 584 198 senseramus.
825 149 872 197 tta

63 231 173 282 motivum
188 244 240 282 esse
256 232 455 297 proportionatum
476 231 556 283 mobili
574 235 598 283 ct
611 231 713 283 activum
731 232 836 298 pusiam
849 237 873 284 et

61 302 111 366 ipsa
126 303 232 367 potentia
247 303 342 367 passim
355 304 472 368 propriam
490 304 603 357 relicuom
621 304 691 355 babet
705 304 828 355 exordiae
844 305 873 357 ed

62 389 127 424 suum
144 375 255 425 activum.
269 375 328 436 Quia
336 375 411 439 'igitur
422 380 457 426 est
472 376 567 426 alterins
581 376 671 439 generis
689 376 872 443 apprelmrosum

59 461 106 509 per
119 446 278 495 intellectum
296 450 321 497 et
338 446 522 511 apprehensum
537 462 585 512 per
601 460 714 503 mm,
730 462 874 513 consequeus

62 523 96 571 est
108 518 172 584 qubd
185 519 303 584 appetitus
315 519 473 573 intellectivus
483 520 514 569 sit
527 519 572 571 aba
585 519 713 585 potentini
726 520 847 572 sensitivo.

90 592 123 641 ad
134 591 235 655 primum
247 605 304 654 ergo
318 591 453 650 dicendum,
463 588 524 656 qubd
533 590 653 657 appetibili
664 604 711 641 non
723 591 811 643 accidit
821 606 872 645 csse

62 664 234 728 apprehensum
247 676 395 727 percensum
408 662 447 713 uel
461 664 602 713 intellectum
609 700 618 726 ,
633 662 673 713 sed
690 673 731 729 per
742 678 768 715 se
780 662 801 714 ei
818 678 872 715 oon·

62 736 130 785 scuit.
144 737 206 785 Nam
219 734 347 799 appetibile
357 750 404 785 non
420 739 498 786 mouet
512 735 656 801 appetitum,
667 733 712 785 nisi
725 735 870 800 inquantum

64 810 95 856 est
114 808 305 872 apprehensum
323 808 385 857 unde
404 806 539 862 differentia
554 808 705 873 apprehensi
718 812 772 859 sunt
791 822 833 873 per
847 822 871 859 se

64 878 198 929 differentiae
209 875 353 941 appetibilis.
367 878 430 929 Unde
439 879 549 943 polentiae
559 878 690 943 appetitiva
702 876 872 943 distinguuntur

65 949 188 1001 mumdum
195 949 355 1002 differentiam
363 948 637 1016 apprehensomru,sicut
646 948 771 1001 secundum
780 950 872 1021 propria

68 1021 159 1087 objecta.
533 1024 538 1031 “

95 1096 128 1146 bd
139 1095 268 1146 seeundum
281 1094 403 1145 dicendum
410 1132 419 1158 ‚
433 1094 494 1157 quta
507 1094 622 1161 appetitus
635 1095 760 1161 naturalis,
776 1096 822 1149 etsi
837 1096 872 1148 ie-

65 1170 123 1217 ratur
133 1168 159 1217 in
173 1182 213 1218 res
225 1181 279 1230 qnae
292 1170 347 1217 sunt
359 1171 424 1217 anua
437 1165 536 1217 animam
552 1166 696 1233 singulares,
707 1168 781 1219 ierim
795 1172 872 1221 lamen

63 1238 85 1289 iu
102 1254 141 1290 eas
158 1237 287 1291 secundum
306 1239 409 1302 aliquam
423 1238 534 1289 rationem
550 1239 715 1303 universalem3
738 1241 799 1291 sicul
819 1239 871 1291 cium

63 1311 147 1377 appelit
159 1310 250 1375 aliquid
264 1310 319 1375 qnia
334 1314 370 1361 est
378 1311 472 1361 bonum
485 1312 550 1363 Unde
565 1312 717 1377 Philosophus
730 1312 786 1363 dicit
794 1312 820 1363 in
831 1327 872 1363 sua

63 1384 193 1435 ulderico
208 1382 285 1449 (tent.
298 1388 328 1432 57
341 1388 364 1433 et
378 1381 594 1449 58),qubdodinu1
605 1386 741 1449 potestesse
755 1385 783 1434 de
794 1384 871 1450 aliquo

64 1455 194 1519 uniuersali,
207 1453 267 1519 puta
281 1453 333 1504 cbm
351 1454 404 1505 odio
418 1456 529 1507 babemus
538 1470 606 1506 omne
619 1457 733 1508 latronum
745 1462 825 1521 penus.
837 1456 871 1509 Si-

68 1527 145 1578 mililcr
161 1528 237 1579 ctiam
249 1540 292 1591 per
307 1526 436 1591 appetitum
449 1526 615 1577 intellectivam
629 1528 737 1591 appetere
750 1540 873 1591 possumus

66 1596 222 1651 immaterialia
230 1598 307 1660 bona,
319 1612 372 1662 quae
383 1611 464 1649 sensus
479 1612 526 1649 non
543 1598 707 1663 apprehendit,
723 1598 783 1657 sicut
798 1598 872 1654 scicn-

65 1668 253 1733 lamentates,
269 1674 293 1720 ct
307 1670 352 1720 alia
363 1670 503 1734 hujusmodi.

90 1743 233 1795 antemium
245 1742 383 1805 fficendum,
395 1740 455 1807 qubd
471 1742 530 1793 sicut
544 1742 626 1793 <licitur
642 1740 666 1792 in
679 1742 718 1793 ill.
734 1742 772 1793 De
782 1745 872 1793 ane'mn

61 1816 124 1879 (bxi.
140 1820 172 1865 57
186 1820 213 1865 ct
223 1814 274 1879 58),
290 1814 392 1879 «opinio
405 1812 691 1877 universalisnonmouet,
701 1812 747 1864 nisi
757 1814 872 1865 meamne

60 1886 204 1951 particulari3
224 1905 240 1934 u
257 1889 282 1936 et
294 1885 399 1937 simililer
413 1886 527 1951 appetitus
542 1886 646 1953 superior
665 1888 741 1937 movet
756 1884 872 1937 mediante

59 1959 172 2011 interiori.
187 1960 216 2009 ru
231 1958 284 2009 ideo
298 1962 393 2012 nonest
407 1958 451 2012 alia
462 1958 500 2009 ris
513 1959 599 2011 motiva
612 1967 755 2023 consequens
769 1958 872 2009 intellec·

60 2035 105 2081 tum
119 2035 144 2083 ct
157 2044 266 2082 sensnm.

417 2152 520 2167 m

302 2311 634 2406 consuaserunt

183 2468 220 2515 De
234 2466 409 2515 sensualitate,
423 2466 452 2510 iu
465 2468 513 2511 trec
526 2465 645 2535 articulos
658 2464 749 2515 dioilo.

89 2601 178 2655 Deinde
195 2600 393 2652 considerandum
407 2601 442 2648 est
453 2600 481 2650 de
493 2598 652 2651 sensualitate.

90 2674 156 2725 Circa
172 2686 244 2737 qnam
260 2675 393 2736 queruntur
409 2670 454 2721 tria
471 2686 476 2719 :
493 2674 519 2719 l⁰
539 2668 616 2721 Utrbm
636 2668 770 2723 sensualitas
788 2672 817 2725 sit
835 2670 871 2723 uis

62 2746 186 2810 appetitiva
195 2743 297 2795 tantum
305 2748 332 2793 2⁰
340 2742 421 2794 Utrbnr
432 2741 545 2794 dividatur
555 2742 690 2793 sensualitas
699 2742 722 2792 iu
732 2741 868 2793 irascibilem

62 2821 83 2866 el
93 2814 315 2881 concupiscibilem,
328 2812 389 2864 sicut
400 2813 425 2863 in
438 2814 540 2864 diuersas
551 2814 674 2878 potentias.
685 2818 712 2865 3⁰
723 2814 803 2865 Uirium
812 2812 870 2863 iras·

63 2889 133 2941 ubilis
145 2894 172 2943 el
184 2886 379 2954 cwcuuissibilie
390 2885 500 2941 modunl
516 2885 607 2945 ruteni.
