1984 3309
133 116 181 165 'tte
280 121 356 163 nnuuu
371 118 606 174 smuunmum.
621 118 668 172 m,
683 116 788 161 ann.u1.

162 202 326 263 (Cououusuo.
343 228 374 239 —
384 202 462 251 Potest
479 199 604 251 uoluntatis
618 198 717 249 intentio
730 196 800 248 sinui
816 195 844 249 'n
855 197 922 248 inuita

130 274 198 335 ferri,
207 276 233 325 ut
248 273 317 324 finem
334 272 439 322 ultimum
449 275 473 323 et
486 270 629 335 proximum,
643 273 668 321 et
679 284 756 321 unum
764 269 831 321 attasi
842 268 924 335 ptati-

132 346 229 411 gendo.)

161 418 296 481 Respondeo
306 416 439 479 dicendum,
449 414 512 479 cuod
524 414 600 479 atiquo
612 416 659 467 duo
669 418 770 479 possum
778 414 853 479 tonui
860 411 925 477 iunii

130 490 186 539 citer
199 505 205 537 :
216 488 253 538 vel
270 487 372 539 ordinata
384 486 538 551 adinvicem,
551 486 587 537 uel
599 488 627 537 ud
640 485 743 538 inuicem
759 500 807 538 non
820 486 924 538 cnunc.

130 560 190 610 Etsi
203 559 295 624 quidem
307 559 446 611 adinvicem
464 558 550 610 inerint
564 559 680 622 ordinata,
691 558 846 610 manifestum
861 560 924 609 oeten

129 630 251 695 maniacis
262 630 271 696 (
278 633 322 681 art.
334 629 382 695 t),
396 629 456 694 quud
466 632 535 683 mono
546 633 624 695 potest
635 630 703 679 simut
717 630 791 681 muita
804 630 924 681 intentm

128 705 171 753 Est
189 703 250 753 enim
271 702 389 755 mandere
410 715 457 753 nun
477 702 552 753 sotum
572 702 625 752 tinis
644 701 734 763 uttuni,
748 706 777 752 ut
798 702 886 753 nictunu
899 704 927 749 ot

131 774 188 839 (art.
199 776 244 837 t),
258 776 298 825 sed
311 774 380 825 etiam
393 773 445 824 fluis
461 773 546 835 medii,
558 773 628 824 sinunt
643 777 722 824 nutem
738 771 928 835 intenditaiicuis

129 850 153 895 et
166 846 234 897 linem
249 846 376 911 proximum
391 848 414 895 et
429 845 547 908 numum,
558 844 617 895 sicut
631 844 803 896 confectionem
817 844 927 895 medicine

129 920 154 968 et
169 917 299 969 sanitatem.
311 916 336 966 Si
347 920 424 967 autem
437 916 578 982 accipiantur
590 918 635 968 duo
645 916 674 966 nd
687 916 793 967 inuicem
807 930 858 968 non
872 914 927 966 onii·

130 994 194 1051 nuta,
206 988 239 1039 sio
252 989 320 1039 etiam
335 989 403 1038 simul
411 990 478 1039 homo
489 992 565 1053 potest
573 989 639 1053 plura
649 988 770 1039 intendere
783 1004 790 1037 :
801 989 866 1054 quod
873 991 927 1053 natet

130 1074 158 1111 eu
169 1061 212 1110 hoc
220 1058 280 1124 quid
290 1061 358 1110 nomo
366 1072 438 1109 uuum
448 1059 513 1111 alteri
522 1059 642 1123 procttgn,
652 1059 707 1123 qnia
716 1060 803 1110 meiius
812 1059 927 1115 estnon

129 1131 188 1181 inter
201 1130 257 1180 alius
269 1133 345 1181 autem
355 1131 497 1181 conditiones
510 1131 593 1195 quibus
603 1130 689 1195 aliquid
703 1134 740 1184 est
757 1132 845 1183 melius
858 1132 928 1189 alono,

129 1211 175 1253 una
185 1204 219 1252 est
230 1200 289 1267 quid
299 1203 324 1253 ad
336 1202 399 1267 plura
408 1202 484 1266 ualet3
497 1206 521 1253 et
533 1203 567 1252 ste
578 1201 698 1253 manifeste
705 1204 778 1254 horno
788 1202 862 1255 simul
872 1204 929 1269 plura

130 1274 237 1325 intendit.

162 1348 195 1397 td
209 1346 306 1413 priunum
323 1359 377 1411 crgo
392 1344 526 1411 dicendum,
543 1345 604 1411 quod
614 1345 756 1409 Augustinus
768 1347 882 1413 intelligi
893 1348 928 1396 ho

131 1419 214 1471 nninem
231 1432 276 1470 non
286 1430 353 1484 posse
365 1417 431 1467 simul
440 1417 511 1467 Deum
525 1421 549 1467 et
562 1420 705 1468 commodum
715 1420 849 1483 temporale
863 1420 930 1469 inten-

130 1493 198 1555 dere,
210 1492 269 1541 sicnt
281 1492 375 1541 ultimos
389 1490 457 1555 fines;
475 1490 528 1553 quia
539 1493 564 1539 ut
580 1488 648 1555 sunni
664 1492 785 1541 ostensum
798 1496 836 1543 est
846 1493 928 1559 (qni,

131 1567 173 1613 ant.
191 1562 233 1627 o),
246 1575 291 1613 non
306 1564 401 1626 possunt
412 1574 464 1611 esse
479 1561 556 1625 plures
566 1562 625 1612 fines
639 1557 714 1611 ultimi
727 1561 799 1613 unius
811 1563 916 1615 hominu.

161 1638 194 1685 Aut
206 1635 329 1686 secundum
343 1634 476 1699 dicendum,
490 1632 551 1699 qnod
564 1633 634 1686 unius
647 1638 724 1685 motus
737 1640 839 1699 possunt
848 1650 880 1688 ex
891 1648 929 1686 uun

131 1709 194 1771 purte
211 1718 261 1756 esse
279 1706 356 1770 plures
372 1705 477 1767 termini,
496 1706 517 1755 si
531 1718 591 1756 unus
607 1704 636 1755 ad
652 1704 722 1755 alium
744 1707 884 1772 ordinetun;
897 1707 930 1757 sed

131 1780 175 1827 duo
190 1776 281 1826 termini
292 1775 428 1827 adinvicem
439 1790 485 1827 non
499 1777 597 1828 ordinati
607 1790 636 1827 eu
646 1781 693 1827 unu
700 1782 768 1842 purte
779 1778 854 1832 unius
864 1785 931 1832 motus

132 1862 238 1913 essenon
253 1851 356 1913 possunt.
367 1849 410 1899 Sed
424 1852 501 1899 umen
513 1848 701 1900 considerandum
710 1854 759 1913 est,
769 1851 836 1915 qu'od
845 1852 931 1917 inquot

133 1926 221 1973 nonest
231 1934 302 1971 uuunu
313 1920 439 1971 secundum
454 1934 511 1982 rem,
522 1924 595 1985 potest
604 1920 713 1985 accipiat
722 1935 799 1971 unum
810 1924 931 1975 secundun
967 1913 969 1986 i

131 1995 250 2046 nationem.
260 1993 360 2043 Intentio
370 1995 446 2043 autem
455 1996 489 2043 est
498 1995 574 2044 mutus
583 1992 844 2060 voluntatisinaliqnid
854 2010 932 2061 praen-
967 1989 969 2122 Ι

131 2068 233 2118 dinatum
247 2066 271 2117 in
282 2065 383 2129 ratione,
399 2064 457 2115 sicut
471 2064 556 2115 dietum
569 2069 605 2116 est
617 2067 668 2127 (unt.
685 2068 710 2129 t,
724 2066 754 2116 ad
766 2067 818 2132 2)=
835 2068 931 2130 ntideo,
967 2129 969 2138 Ι

131 2152 159 2189 ea
173 2152 223 2204 quoe
240 2141 293 2191 sunt
310 2138 386 2203 plures
408 2136 534 2188 secundum
547 2150 596 2188 nenn
617 2139 716 2202 possunt
735 2138 811 2203 accipi
830 2144 859 2189 ut
878 2153 932 2191 unus
967 2149 969 2192 1

130 2212 240 2262 terminus
256 2209 403 2273 intentionis,
418 2212 486 2274 prout
504 2213 558 2261 sunt
574 2223 645 2259 ununn
659 2209 788 2262 secundum
808 2214 931 2274 nationen;
967 2205 969 2278 i

131 2284 167 2333 vel
180 2284 233 2347 quia
246 2282 321 2348 aliqua
336 2283 380 2333 duo
392 2285 531 2331 concurrunt
542 2284 571 2331 ad
582 2281 741 2345 integrandum
752 2282 842 2347 aliquid
855 2298 931 2343 unum,
967 2281 969 2328 ἱ

131 2354 191 2404 siout
208 2354 235 2403 ad
251 2354 371 2405 sanitatem
387 2356 524 2404 concurrunt
537 2353 598 2404 calor
610 2357 634 2403 et
645 2353 716 2417 tuigus
730 2363 931 2418 commensurata3
967 2355 969 2390 ¹

131 2426 168 2476 vel
178 2425 230 2489 quia
239 2425 313 2489 aliqua
325 2428 369 2477 duo
379 2426 421 2476 sub
434 2438 480 2475 uno
492 2425 607 2475 communi
618 2425 772 2490 continentur,
785 2430 850 2491 quod
861 2434 934 2494 potest

131 2498 242 2548 intentum
262 2510 325 2561 esse,
341 2497 395 2561 puti
409 2497 528 2561 acquisitio
540 2497 590 2547 uini
602 2499 626 2548 et
637 2499 710 2549 uestis
727 2500 880 2552 continentur
894 2503 934 2552 sut

131 2568 207 2634 luc'nu,
223 2568 281 2619 siout
293 2570 335 2619 sub
348 2570 445 2633 quodam
463 2570 578 2637 wmnnuni
596 2585 602 2619 :
618 2570 679 2621 unde
689 2571 870 2637 nihilpnoiuibet
880 2577 934 2639 quio

132 2642 169 2693 ille
183 2642 223 2706 qui
238 2641 337 2692 intendit
349 2641 452 2704 lucrum,
466 2642 533 2693 simul
545 2645 597 2695 haeo
607 2644 651 2694 duo
662 2642 775 2694 intendat.
967 2697 969 2700 ,

163 2716 197 2765 Ad
221 2714 312 2765 tertium
335 2713 469 2779 dicandum¹
483 2714 544 2778 quon
565 2714 666 2765 sieutin
691 2716 765 2779 primo
789 2718 877 2769 dictum
899 2724 933 2769 est
967 2741 969 2752 ·

134 2785 166 2846 (1.
177 2790 247 2850 pant,
259 2801 298 2849 qu.
312 2790 340 2834 85
346 2822 355 2848 ,
367 2788 409 2837 ant.
421 2786 449 2851 t)
456 2825 464 2851 ,
480 2786 590 2852 contingit
600 2786 667 2837 simul
680 2788 747 2852 plura
756 2788 897 2854 intelligere,
910 2793 933 2842 iu

131 2860 241 2919 quantum
254 2861 309 2910 suut
319 2856 394 2921 aliquo
407 2858 474 2911 unedo
483 2872 563 2911 unum.
