1984 3309
134 146 165 185 mr
176 145 292 187 uourrara
306 146 334 184 ur
348 144 445 183 narrari
454 145 540 183 araur.
555 140 653 183 aaruurr
667 143 761 181 auur.
799 134 845 181 909

44 226 202 278 consideretur
215 228 241 274 ul
251 226 287 274 eal
299 238 359 273 uuus
372 222 459 273 unitate
472 225 558 273 nature
572 225 595 272 et
607 234 653 271 uon
664 218 753 271 uuilale
765 220 844 280 meris,

45 299 79 349 sic
101 310 173 349 uuum
193 298 341 361 eumdemque
365 299 439 345 aetum
459 295 545 345 bouum
563 296 586 344 el
609 292 691 343 malum
714 306 764 343 esse
786 290 846 342 nihil

45 372 120 421 velat.
137 368 145 431 l

76 442 215 505 Respeulee
224 439 357 504 dicandum,
369 438 430 503 quia
439 438 496 489 nillil
506 439 610 503 prohibet
620 436 706 500 aliquid
713 448 766 486 esse
774 450 846 486 uuum

44 514 171 566 secuudum
185 513 244 575 qued
254 512 322 563 ealiu
333 525 379 562 uno
389 524 484 576 genere,
495 515 519 561 el
531 524 582 562 esse
596 510 713 575 multiplex
723 508 846 558 secuudum

44 586 107 650 quod
125 584 223 635 refertur
239 584 267 633 ad
284 584 344 633 aliud
357 596 428 646 genus
442 600 448 630 ε
461 584 518 633 sieut
536 583 667 646 superficies
686 578 793 630 continua
811 583 848 629 esi
899 602 904 611 ·

42 672 89 708 una
104 657 229 707 seeundum
242 656 302 718 qurod
317 654 472 705 consideratur
482 654 507 703 in
521 666 603 717 genere
614 651 757 716 quantitatis3
768 654 846 701 tamen

42 735 78 781 esi
94 728 214 791 multiplex
228 728 350 778 seeundum
360 726 420 789 quui
429 724 526 776 refertur
539 726 567 775 ad
577 737 650 787 genus
658 723 755 783 tuleris,
766 724 787 773 si
797 735 846 787 par·

44 803 87 852 lim
109 800 140 851 sil
152 800 202 849 alba
213 803 238 849 el
252 798 333 864 parlim
348 797 419 861 nigra.
435 798 464 846 aa
476 797 600 849 ewardum
614 796 658 845 hec
670 794 728 844 nihil
742 794 847 859 prohibei

44 875 149 937 aliquem
163 874 237 921 aulum
257 882 307 921 esse
320 881 391 920 urum
403 870 527 921 seeundum
542 868 602 932 quod
618 866 714 917 refertur
728 866 757 915 aul
776 877 848 927 genua

44 943 165 1007 naturale,
177 944 216 1006 qui
232 946 310 993 lamen
324 956 370 993 ron
380 946 415 993 eei
427 956 487 993 unus
501 942 624 992 mundum
637 938 702 1001 qued*
710 937 807 987 refertur
820 938 848 986 ad

44 1032 120 1083 geuue
137 1016 218 1077 meris,
231 1016 289 1067 siaul
302 1018 326 1067 el
339 1016 352 1066 e
364 1026 488 1076 converse,
500 1017 527 1064 ul
539 1014 624 1064 dietum
638 1014 675 1061 est
687 1011 739 1075 (ari.
752 1011 785 1071 3).
794 1009 848 1058 lm·

44 1090 134 1142 bulalio
148 1088 207 1139 enim
218 1088 325 1139 ceuliuua
340 1091 442 1138 estunue
451 1086 646 1137 aelusseeuulum
654 1096 731 1147 penae
739 1083 848 1144 nulum,-

44 1164 123 1228 polesl
142 1163 219 1210 lamen
236 1158 366 1223 contingere
385 1159 445 1223 quod
467 1158 514 1209 sini
534 1157 610 1221 plures
628 1155 752 1205 secuudum
773 1166 850 1218 penus

47 1233 147 1290 moris,
163 1231 183 1280 si
203 1233 300 1281 ululatur
314 1229 448 1280 ambulantis
461 1230 581 1289 voluutas,
595 1239 646 1290 que
662 1228 697 1276 esi
713 1224 850 1290 principium

44 1309 144 1356 aelurum
157 1302 283 1353 moralium.
299 1302 323 1353 Si
336 1316 389 1366 ergo
405 1300 529 1367 accipiatur
541 1312 601 1352 uuus
617 1302 679 1347 acius
694 1299 764 1360 prout
776 1298 812 1354 esi
825 1294 852 1343 in

45 1391 140 1443 penore
155 1376 243 1432 morie,
260 1371 398 1441 impossibile
413 1373 518 1436 estquod
533 1371 563 1421 sil
575 1371 649 1420 benus
662 1372 686 1418 el
698 1366 771 1416 malus
787 1363 852 1415 boni·

47 1453 96 1501 lale
111 1451 136 1499 el
149 1447 235 1497 malit-ia
251 1446 342 1509 morali3
359 1446 379 1496 si
394 1449 469 1496 lamen
486 1445 517 1495 sii
530 1455 589 1493 uuus
603 1441 701 1490 unitate
717 1440 817 1487 naluroe
830 1440 853 1487 el

47 1537 98 1575 non
118 1522 222 1571 unitate
240 1522 333 1580 morie,
346 1522 420 1583 polest
434 1530 486 1569 esse
496 1518 570 1567 benus
580 1518 604 1565 el
615 1513 695 1563 malus.

79 1596 116 1646 Ad
129 1592 230 1659 primum
243 1605 298 1656 erge
312 1592 445 1653 dicendum,
461 1589 571 1655 puerile
587 1588 662 1648 melus
677 1582 798 1635 eenlmuus
812 1581 853 1645 qui

46 1666 156 1734 procedit
169 1678 198 1715 ex
207 1665 295 1715 diversa
311 1664 447 1724 mentione,
456 1662 510 1711 licei
519 1661 548 1711 erl
557 1670 618 1709 unus
633 1656 730 1707 unitate
742 1656 850 1711 nuluroe,

48 1752 98 1791 nen
114 1740 153 1788 eet
166 1740 242 1786 lamen
255 1748 315 1785 unus
328 1736 427 1785 unitate
437 1734 529 1783 morie.

80 1810 118 1861 Ad
132 1810 256 1861 seeundum
275 1807 409 1869 dieendum,
419 1805 480 1869 quea
498 1803 592 1855 aetieet
609 1800 684 1867 paeeie
697 1799 803 1865 peruueu
825 1798 853 1848 al

47 1894 127 1948 genua
143 1880 215 1931 moria
225 1878 249 1929 in
262 1882 372 1943 quantum
387 1878 474 1928 hulieni
487 1876 598 1927 relieuem
610 1871 732 1923 reluulerii
746 1885 752 1919 :
766 1873 789 1919 el
802 1870 853 1919 ideo

48 1952 182 2007 secundiani
188 1950 250 2017 quil
257 1952 343 2003 diversa
354 1950 470 2001 voluntale
475 1949 580 1999 dieantur
585 1943 722 2005 voluntaria,
729 1939 854 2004 ewardum

47 2030 94 2078 hee
111 2026 166 2075 sunl
176 2024 220 2074 duo
232 2022 359 2085 moraliter3
369 2024 392 2072 el
402 2022 478 2085 polest
492 2030 520 2069 ex
530 2029 576 2068 una
587 2020 651 2081 parte
665 2014 738 2066 inesse
751 2012 853 2067 honum,

49 2103 74 2149 el
88 2094 175 2149 exalia
187 2095 294 2145 malum.
425 2087 431 2099 “
629 2114 632 2117 ·

45 2170 54 2191 ¹
83 2170 119 2221 Ad
138 2167 232 2217 tertium
250 2166 386 2229 dicendum,
402 2164 463 2229 puli
481 2166 545 2215 aelus
561 2159 622 2212 uerri
634 2159 659 2209 iu
678 2159 788 2222 querulum
804 2167 856 2218 pre-

49 2243 117 2295 eedil
131 2252 162 2291 er
172 2242 289 2291 voluntale
306 2240 380 2301 serui,
391 2252 438 2290 aen
450 2241 486 2289 esi
499 2239 564 2288 aelus
578 2232 662 2285 domiui
669 2268 677 2295 ,
694 2231 733 2281 eed
746 2226 818 2279 eelim
831 2225 856 2275 iu

49 2318 168 2385 querulum
177 2312 315 2377 proeeliiex
323 2312 430 2362 mandale
440 2307 611 2362 deminituule
619 2304 652 2361 eie
662 2315 709 2357 nou
717 2300 773 2356 laeli
781 2298 856 2369 ipsum

50 2389 142 2446 anulum
157 2385 216 2436 ruala
229 2385 335 2436 uoluntas
349 2384 417 2435 servi.

408 2620 520 2642 W
