1984 3309
268 200 299 237 υἱ
313 198 477 240 nnowcmoun
493 200 616 239 wulm-
796 191 842 238 351

38 274 71 325 rir
80 276 153 327 tuerit
164 274 240 326 lanus
253 290 283 327 er
295 276 441 341 limatorum,
456 290 486 328 ex
497 279 578 330 eodem
588 278 667 329 debuit
676 278 727 329 deri
738 278 842 342 imbra,

37 352 59 396 et
70 362 118 399 non
133 362 165 399 ex
178 348 239 398 uiro.

66 425 88 469 a.
101 421 235 482 Fraterno,
250 422 331 473 muller
343 423 402 473 lacta
416 426 450 475 est
460 424 485 473 in
495 424 636 488 adjutorium
646 423 697 474 viro
708 424 738 474 ad
750 438 843 488 penma-

37 492 183 543 tionsmsed
191 492 266 543 nimia
274 494 429 558 propinquitas
437 495 509 547 reddit
516 508 637 562 porsonam
646 496 675 546 ad
681 496 725 545 boc
731 496 843 559 ineptam.

37 565 97 615 Unde
105 578 223 629 persona
236 566 369 630 propinqus
383 566 397 617 l
410 567 555 618 matrimonio
567 568 732 628 excluduntur,
743 571 770 615 ut
779 571 844 631 patet

38 637 125 690 lenit„
138 636 224 687 XVlll.
241 638 301 700 llrgo
311 638 393 689 mulier
403 652 447 689 non
460 640 538 689 debuit
553 638 603 689 lieri
615 652 645 689 ex
660 638 718 689 viro.

63 708 108 759 Sed
120 712 205 759 eontra
214 712 261 771 est,
270 710 330 773 quod
338 710 419 760 dicitur
431 710 509 761 decli.
518 712 581 760 llvll
589 726 595 760 z
604 726 621 757 ιι
632 709 725 761 Graasb
733 722 763 760 er
770 710 821 774 ipso
826 728 841 758 ιι

37 778 133 841 (scilicet
141 780 209 842 uiro)
227 796 241 826 ιι
252 779 389 843 adjutorium
404 782 477 831 simile
489 780 532 831 sibi
541 799 555 828 ιι
567 780 671 845 (scilicet
682 781 824 846 mulierem.)

66 850 230 911 (Coucnmro.
239 877 271 887 -
281 851 310 899 llt
322 850 358 900 vir
366 852 502 916 principium
514 853 584 902 tonus
600 852 686 916 speciei
698 856 758 903 esset
765 890 773 916 ,
784 853 842 903 sicut

38 919 91 971 bem
102 922 178 972 totius
191 921 306 984 universi,
321 922 437 973 mulierem
449 938 477 973 ex
490 925 540 975 uiro
551 924 645 974 formari
658 924 758 988 decuit.)

67 991 204 1056 despondeo
225 992 347 1043 dicendum
357 1031 365 1056 ‚
380 994 438 1057 qudd
460 994 600 1045 conveniens
619 994 663 1045 fuit
683 996 801 1046 molieram
817 995 841 1045 in

39 1064 107 1125 prima
117 1078 198 1115 rerum
214 1063 359 1115 institutione
373 1078 402 1115 ex
416 1066 467 1116 viro
484 1066 576 1116 formari
589 1066 661 1130 magis
674 1066 743 1131 qu‘am
755 1066 779 1115 in
792 1068 842 1120 aliis

39 1135 180 1189 animalibus.
196 1135 277 1187 Primb
288 1136 379 1200 quidem
386 1174 395 1201 ‚
409 1142 435 1189 ιιι
447 1140 472 1189 iu
484 1139 529 1188 boc
543 1139 650 1201 quadarn
662 1139 761 1203 dignitas
774 1139 843 1202 primi

39 1208 131 1259 bominis
147 1212 296 1270 servaretur,
312 1213 338 1259 ul
354 1210 478 1260 secundnm
497 1209 538 1260 llei
550 1209 724 1261 similitudinem
743 1214 842 1261 essolet

38 1278 80 1341 lpse
94 1280 242 1345 principium
256 1280 326 1330 totius
341 1294 388 1331 suae
403 1282 499 1347 speciei,
513 1281 573 1331 siout
585 1282 644 1331 lleus
658 1286 693 1333 cst
706 1281 842 1345 principium

39 1351 101 1401 totius
118 1352 234 1403 urriversi.
252 1352 316 1402 Unde
334 1356 358 1403 et
371 1354 458 1403 Paulus
470 1353 526 1404 dicit
537 1354 691 1416 lctsllllll,
705 1351 765 1416 quon
781 1353 843 1403 llcus

39 1424 111 1475 «lecit
124 1438 156 1475 ex
167 1437 217 1474 uno
229 1436 299 1474 ornne
308 1436 381 1487 ponus
393 1426 519 1475 bominum.
532 1443 546 1471 ιι
557 1424 663 1475 Secundo
670 1461 679 1487 ,
689 1429 716 1477 ιιι
724 1424 761 1473 rir
769 1423 843 1485 inagis

37 1494 139 1558 diligeret
146 1494 282 1556 mulierem,
291 1498 314 1545 et
323 1495 346 1545 oi
358 1496 533 1561 inseparabilius
541 1497 676 1555 adhereret,
684 1496 738 1545 durn
748 1507 843 1557 eognos-

36 1568 92 1617 oer'et
101 1581 155 1619 eam
164 1580 197 1617 ex
205 1580 231 1617 se
241 1580 293 1617 esse
303 1568 445 1631 productam.
455 1570 520 1619 Unde
531 1568 613 1619 dieitur
625 1568 697 1623 Gen..
706 1568 735 1627 ll,
745 1568 775 1614 2:
786 1583 800 1613 ιι
810 1567 842 1616 lle

36 1639 182 1703 presumpta
190 1642 236 1692 est.
248 1639 400 1697 Quamobrem
408 1639 521 1703 relinquet
528 1641 597 1691 homo
606 1642 694 1702 patrem
703 1641 729 1688 ot
735 1641 841 1698 matrem,

36 1714 56 1757 et
68 1711 196 1763 adhaerebit
209 1710 278 1760 uxori
291 1724 346 1761 suan.
357 1727 371 1757 ιι
387 1712 414 1761 Ει
428 1712 472 1762 boc
481 1712 582 1763 maximin
592 1711 747 1762 necessarium
759 1709 804 1759 luit
817 1710 841 1759 in

35 1782 106 1843 specie
118 1785 238 1845 bumana,
256 1781 282 1831 in
294 1795 339 1845 qua
353 1796 403 1833 mas
417 1786 440 1833 et
452 1783 546 1833 toembra
560 1785 705 1834 commanent
717 1795 758 1846 per
769 1786 841 1831 totanr

37 1856 110 1906 iilam.
125 1857 192 1915 Quod
209 1869 258 1905 nou
269 1853 383 1917 confingit
395 1855 420 1904 in
435 1855 487 1905 aliis
503 1854 649 1905 animalibus.
663 1854 757 1915 Tertib,
769 1854 841 1917 qnia,

36 1931 58 1975 ιιι
71 1928 227 1991 Philosophus
248 1926 305 1977 dicit
315 1926 340 1975 in
354 1926 412 1976 Vlll.
427 1927 523 1984 Ellis„
535 1940 584 1977 mas
597 1930 621 1976 et
633 1926 729 1977 immina
741 1927 841 1989 conjun-

35 2002 112 2053 aunan
127 1998 153 2048 in
169 1998 319 2060 bominibus,
336 2011 382 2048 non
400 1999 473 2049 solum
491 2002 583 2063 propter
596 1997 758 2048 necessitatem
771 2009 842 2059 genc-

35 2070 140 2131 rationis,
149 2074 177 2120 ut
187 2071 213 2120 in
226 2070 280 2120 aliis
293 2069 445 2134 animalibns3
456 2070 496 2121 scd
508 2070 578 2129 etiam
590 2073 684 2134 propter
692 2066 841 2118 domesticam

35 2142 113 2207 utam,
124 2144 209 2207 inqua
221 2146 278 2192 sunl
287 2141 363 2206 aliqua
377 2155 447 2206 opera
459 2142 504 2192 uiri
517 2146 542 2192 et
551 2142 664 2203 immina,
680 2143 705 2190 et
715 2140 741 2189 in
753 2152 799 2203 qua
807 2139 842 2189 vir

36 2218 66 2262 est
83 2217 154 2279 caput
172 2212 288 2266 mulieris.
311 2214 375 2263 Unde
395 2215 559 2265 conuenienter
574 2227 603 2264 ex
625 2213 675 2262 uiro
691 2212 787 2263 formata
806 2214 844 2260 est

35 2286 134 2347 lomina,
143 2286 206 2336 siout
215 2298 245 2335 ex
258 2299 300 2335 suo
310 2285 433 2349 principio.
446 2288 531 2345 Quarta
539 2284 594 2336 verb
603 2284 661 2334 ratio
669 2285 842 2333 estSacrameu·

36 2357 90 2406 talis.
107 2356 234 2419 liguratur
247 2357 312 2415 eninr
326 2370 368 2421 per
382 2357 441 2407 banc
454 2354 516 2419 quod
528 2355 629 2407 Ecclesia
642 2354 657 2405 a
669 2355 759 2405 cbristo
773 2353 843 2403 sumit

36 2430 178 2495 principium.
188 2431 254 2481 Unde
261 2430 390 2495 ‚Apostolus
399 2429 454 2492 dicit
460 2431 489 2480 ad
497 2429 598 2493 ltpbec„
608 2428 640 2477 ll:
652 2444 665 2474 ιι
673 2427 842 2477 Sacramentum

37 2502 73 2551 boc
87 2516 198 2565 magnum
211 2506 266 2565 est3
281 2515 325 2565 ego
339 2504 416 2554 autem
429 2502 481 2553 dico
491 2502 518 2551 in
531 2501 621 2552 cbristo
634 2503 658 2548 et
669 2498 693 2548 in
704 2497 814 2548 Ecclesia.
827 2514 841 2545 ι

62 2575 90 2623 Et
101 2587 147 2638 per
159 2574 205 2623 boc
215 2575 281 2638 patet
295 2572 416 2636 responsio
430 2574 459 2623 ad
467 2573 578 2635 primum.

62 2646 94 2695 ld
105 2646 234 2695 aemndum
247 2644 382 2706 dicendum,
391 2643 452 2703 qubd
463 2642 559 2692 materia
567 2645 603 2691 est
610 2654 641 2691 ox
652 2654 698 2705 qua
708 2639 793 2703 aliquid
804 2639 839 2700 nu

38 2720 109 2767 natica
123 2718 204 2765 autem
217 2719 298 2767 creata
318 2714 389 2765 habel
407 2714 583 2765 determinatum
592 2712 741 2777 principium,
754 2716 779 2761 et
789 2724 841 2759 cum

37 2787 62 2833 sit
71 2786 223 2839 determinata
229 2789 261 2837 ad
271 2800 355 2847 unum,
364 2786 432 2837 etiam
440 2786 512 2836 habet
521 2784 694 2834 determinatum
703 2794 840 2847 processum.

38 2858 93 2909 lude
107 2872 138 2911 ax
150 2859 306 2911 determimta
322 2859 419 2909 materia
433 2856 540 2921 producit
559 2856 644 2919 aliquid
657 2855 682 2905 iu
693 2853 843 2905 determinata

37 2931 116 2992 specio.
129 2931 175 2983 Sed
186 2930 262 2983 uinus
273 2928 370 2991 divina,
382 2928 433 2980 olum
444 2929 475 2980 sit
489 2926 593 2991 inlicita,
605 2929 682 2991 potest
690 2926 752 2975 idem
762 2936 844 2973 secun
