1984 3309
125 149 155 195 to
305 158 365 193 rans
382 158 403 205 1,
421 154 618 204 consumunt,
637 154 692 191 anu.
711 154 745 192 rr.

156 233 290 297 despondeo
304 231 440 291 dicendum,
455 229 515 293 quod
527 231 588 281 circa
599 232 643 281 lroc
653 230 744 281 ridetur
755 244 806 284 esse
821 234 933 296 qaedam

124 303 245 355 diversitas
261 302 321 353 inter
338 301 445 353 Basilium
461 306 486 353 ot
499 302 692 366 chrysostomum.
705 301 765 353 llicit
776 302 840 354 enim
853 306 935 369 Chry-

125 379 237 425 sostomus
251 388 297 425 non
310 388 362 425 esse
376 374 421 424 nisi
435 388 506 425 unum
516 375 614 437 eoelum3
627 378 651 425 et
663 376 724 438 qnod
738 375 854 439 pluraliter
870 376 935 429 dici-

124 450 160 497 tur
173 463 178 497 :
192 464 206 495 o
216 447 273 507 Coeli
291 447 436 506 coelorum»
451 446 494 497 linc
508 450 544 497 est
560 450 654 510 propter
663 446 827 511 proprietatem
844 447 934 511 lingua

124 520 230 582 hebraee,
241 519 266 569 in
275 532 320 581 qua
331 522 465 571 consuetum
475 521 510 569 est
520 521 546 569 ut
556 518 637 569 colum
646 516 719 569 solium
729 516 847 582 pluraliter
854 519 934 582 signi-

123 592 216 654 ficetur,
230 590 289 641 sicut
303 592 358 640 sunt
367 588 436 641 etiam
449 590 521 639 mulla
532 588 625 640 nomina
637 588 663 640 in
672 590 743 641 latirm
755 604 806 653 qum
817 588 934 655 singulari

123 668 209 714 curent.
227 661 322 728 Basilius
338 665 415 712 autem
433 664 457 712 et
478 662 631 711 llamascenus
647 674 746 725 sequens
762 676 832 725 eum,
846 662 934 713 dicunt

124 735 200 798 plures
210 747 260 785 esse
271 734 349 785 coelos.
363 734 408 785 Sed
421 734 472 785 hnc
483 731 605 783 diversitas
619 731 691 795 magis
700 736 736 783 ost
745 732 770 783 in
787 746 842 785 roca
856 734 933 798 quien

122 805 147 857 in
158 820 193 857 re.
203 807 260 857 Nam
269 806 444 870 chrysostomus
457 820 536 855 annm
549 804 638 855 ooelom
648 804 752 856 nominat
759 808 833 856 totum
844 818 933 870 corpna

123 880 183 941 quod
197 882 232 929 est
242 881 399 942 supratcrram
411 880 434 927 et
444 890 534 940 aquam,
545 890 599 925 nam
609 876 742 927 elitmaves
750 890 802 941 qne
814 877 932 929 rotantia

123 962 189 1012 aare,
208 949 313 1001 dicuntur
325 952 417 1012 propter
437 950 480 1001 lsoc
499 946 611 997 onlnem
625 947 690 997 eoeli.
704 947 750 998 Sed
764 947 819 1010 quia
836 947 864 998 in
882 950 933 1001 isto

123 1033 216 1083 corpore
234 1024 288 1071 sunt
299 1021 376 1069 multae
389 1019 560 1081 distinctiones,
577 1022 669 1083 propter
678 1020 723 1068 lios
735 1018 832 1068 Basilius
848 1022 932 1083 posuit

122 1092 198 1155 plures
209 1092 287 1141 coelos.
301 1092 336 1141 nd
350 1089 519 1143 distinctionem
537 1103 593 1152 ergo
605 1091 716 1141 caelorum
727 1090 843 1140 sciendam
853 1128 860 1151 ,
872 1106 931 1143 oon·

122 1162 266 1213 siderandum
283 1166 317 1212 est
332 1161 392 1225 qnod
405 1160 495 1211 coelom
516 1160 635 1224 tripliciter
652 1160 734 1212 dicitur
750 1160 776 1210 iu
790 1161 931 1225 seripturis.

122 1232 259 1296 Quandoque
273 1232 335 1282 enim
352 1232 434 1283 dicitur
446 1230 538 1296 proprii
550 1235 574 1281 et
589 1232 738 1295 mtmaliter3
756 1235 780 1283 et
793 1232 827 1281 sic
843 1233 932 1285 dicitur

121 1302 211 1352 eoelnm
224 1316 305 1367 corpus
318 1302 408 1365 aliquod
419 1302 515 1353 sublime
528 1306 553 1353 et
569 1300 708 1352 luminosum
724 1307 778 1353 actu
791 1302 829 1353 vel
843 1307 932 1368 poten-

121 1373 167 1437 tia,
179 1376 202 1425 et
214 1372 385 1439 incorruptibile
398 1388 440 1439 per
450 1377 562 1425 naturam.
575 1374 604 1423 lit
617 1374 743 1426 secundnm
753 1376 798 1424 hoc
808 1380 932 1438 ponuntur

120 1448 167 1497 trus
175 1447 244 1497 coeli:
261 1447 359 1511 primurn
369 1446 471 1497 totaliter
479 1445 589 1510 lucidum,
597 1446 747 1511 quodrocrnt
757 1460 930 1511 empyreum,-

121 1518 245 1569 sacundnm
257 1518 357 1569 totaliter
372 1517 524 1583 impiarum,
539 1518 600 1581 quod
614 1520 697 1567 vocant
709 1516 799 1566 coelnm
813 1531 931 1582 oqmnm

121 1592 147 1639 et
164 1589 357 1654 crystallinum
370 1588 464 1639 tertium
481 1588 566 1652 partim
581 1588 720 1653 diaphanum
734 1592 758 1639 et
769 1588 853 1652 partim
867 1588 931 1640 luci-

121 1664 176 1715 dum
190 1668 256 1727 actu,
266 1666 326 1728 quod
339 1666 421 1714 vocant
433 1660 523 1712 coelum
536 1662 681 1728 sidereum
690 1667 715 1715 et
723 1662 831 1714 dividitur
839 1661 866 1716 in
874 1668 932 1715 octo

121 1738 237 1799 spherus,
252 1735 339 1787 scilicet
356 1736 380 1784 in
397 1736 510 1799 spheram
528 1736 645 1786 stellamm
662 1734 773 1799 lixarum,
794 1737 818 1785 et
838 1739 933 1799 septem

122 1808 223 1872 sphaeras
231 1808 381 1879 manentum,
392 1820 443 1869 quen
453 1810 550 1870 possunt
560 1806 607 1858 dici
617 1810 706 1871 septem
720 1806 774 1857 coeli
786 1806 823 1857 rel
837 1810 931 1870 septem

121 1880 225 1943 sphera.
244 1876 348 1929 Secundi
364 1876 447 1929 dicitur
459 1876 600 1943 coelomper
613 1878 811 1943 participationem
830 1878 933 1944 alicujus

121 1950 265 2018 proprietatis
275 1948 372 1999 eoelestis
383 1948 497 2013 corporis,
509 1948 598 2001 scilicet
607 1949 755 2000 sublimitatis
768 1952 792 1999 et
804 1948 930 2001 luminosi-

122 2020 176 2073 tatis
189 2026 242 2071 actn
258 2021 297 2071 rel
313 2020 423 2084 potentia.
440 2020 468 2069 Et
480 2018 514 2070 sic
527 2024 600 2071 totum
618 2021 673 2071 illud
691 2020 804 2085 spatium,
817 2022 879 2083 quod
892 2026 932 2073 est

123 2094 151 2143 ab
162 2093 227 2157 aquia
244 2104 316 2157 usque
330 2094 358 2141 ad
373 2093 450 2143 orbem
461 2091 534 2155 lnnae,
547 2092 701 2142 damascenus
713 2090 769 2156 (lio.
783 2091 806 2139 ll
816 2089 850 2139 de
862 2092 931 2144 Fide

122 2164 232 2221 orthod..
240 2176 290 2228 cap.
303 2162 342 2227 6),
350 2163 414 2229 ponit
422 2178 502 2214 noum
508 2163 608 2227 emtum,
618 2165 740 2215 nominans
749 2163 929 2216 illudoereum.

121 2236 152 2285 Et
164 2234 196 2285 sic
207 2232 331 2285 secundinm
346 2248 398 2285 eum
415 2238 467 2285 sunt
480 2238 528 2285 tres
541 2235 607 2297 culi,
621 2250 733 2292 oeream,
746 2234 890 2295 sidereum,
902 2242 931 2288 et

123 2308 184 2357 aliud
200 2306 330 2370 ruperim,
355 2307 382 2357 de
402 2320 447 2371 quo
468 2306 603 2370 intelligitur
619 2305 680 2370 qudd
702 2306 823 2371 llpostolus
842 2307 931 2371 legitur

124 2396 138 2425 «
153 2381 230 2441 raptus
244 2388 316 2441 usque
333 2379 361 2428 ad
377 2380 470 2429 tertium
490 2377 582 2428 coelum.
598 2393 612 2425 o
627 2378 671 2428 Sed
684 2378 739 2442 qnia
749 2380 811 2428 istud
827 2378 930 2443 spatium

122 2447 224 2499 continet
234 2449 279 2497 duo
290 2448 410 2512 elementa,
424 2448 511 2498 scilieet
522 2449 582 2511 ignis
593 2452 616 2499 et
626 2449 695 2515 aeris,
708 2453 732 2499 et
741 2450 767 2500 in
777 2453 873 2513 utroque
887 2464 929 2501 eo-

122 2533 172 2569 rnm
188 2522 283 2569 vocatur
299 2518 402 2585 superior
415 2523 438 2569 et
453 2517 549 2569 inferior
558 2518 635 2585 regim
645 2520 698 2572 ideo
710 2520 773 2572 istud
786 2522 869 2573 coelum
882 2524 930 2575 lla-

122 2589 195 2641 lmnus
206 2590 326 2653 distinguit
338 2591 363 2641 in
377 2595 486 2654 qimtnor,
501 2604 630 2655 supremam
647 2592 765 2656 regionem
777 2592 839 2656 ignis
853 2594 929 2645 nomi-

122 2676 180 2713 nans
190 2663 279 2713 coetnrn
291 2664 402 2727 tydeum,
410 2660 544 2712 interiorem
552 2660 607 2715 verd
616 2664 734 2728 regionem
746 2663 836 2715 coelum
844 2664 929 2731 olym-

121 2736 194 2799 pium
209 2736 237 2785 an
250 2734 368 2786 altitudine
386 2733 505 2796 cujusdam
519 2735 621 2798 montis,
635 2736 675 2799 qui
689 2739 782 2785 vocatur
803 2737 925 2802 Olympus.

122 2807 256 2870 Supremam
264 2804 318 2856 verd
325 2804 442 2869 regionem
452 2804 512 2854 aeris
520 2807 610 2857 vocarit
616 2807 706 2857 emtum
714 2806 851 2857 oeldareum
858 2823 928 2873 prop-

121 2880 158 2927 ter
165 2876 375 2936 inflammationem,
385 2874 514 2926 inferiorem
524 2876 578 2928 vend
586 2878 702 2941 regionem
709 2878 801 2929 emtum
810 2892 925 2931 sermm.
