1984 3309
131 146 176 196 tres
322 151 383 190 eras
400 153 423 201 1,
440 149 532 196 ouem.
549 148 613 199 cxv,
629 147 685 187 aar.
701 148 736 186 rr.

129 229 180 282 olm
198 231 309 293 ponantur
323 227 450 280 immobiles
467 229 514 278 tet
532 225 565 276 sic
578 227 712 289 sequeretur
727 223 793 289 qubd
810 237 861 276 mou
875 230 932 276 emet
967 282 969 287 ,

129 303 203 365 alium
216 299 310 351 variatio
324 299 384 350 circe
399 297 569 362 generationem
578 302 602 348 ot
616 297 786 360 oomnptionem
800 297 932 348 interiorum
967 308 969 311 ·

129 385 256 437 corporum.
274 372 339 429 Quod
356 374 418 434 patet
434 383 483 422 esse
501 371 590 420 fabum
609 369 674 420 Unde
691 367 819 419 mcuudlrm
833 368 933 420 Pbiloso

129 447 213 508 pbrm,
228 444 252 494 in
269 443 298 497 ll.
319 447 354 494 De
369 446 490 506 peruerse,
506 455 599 493 necesse
613 446 649 492 cst
666 454 750 506 ponere
766 441 864 504 aliquod
876 440 935 505 prim

129 515 214 580 ulpium
230 515 329 566 activum
342 515 439 579 mobile,
454 516 514 579 quod
526 528 567 578 per
577 526 641 564 suam
655 513 803 577 presentiam
818 515 845 562 et
856 513 934 563 absen-

129 587 184 638 tiam
203 591 280 640 causet
295 587 428 638 rerimalern
449 589 511 638 circa
528 586 698 650 generationem
718 589 743 636 et
758 585 929 649 corruptionem

129 658 260 710 interiorum
273 672 401 723 corporum.
414 660 441 708 llt
455 657 588 722 hujusmodi
600 660 654 706 sant
667 669 763 719 corpora
775 655 892 706 celestis.
905 657 931 704 lit
967 642 969 751 i

130 731 194 792 ideo,
209 731 315 795 quiequid
330 731 355 780 in
374 730 424 781 istis
436 729 582 780 interioribus
594 731 687 792 perrorat
702 732 727 778 et
747 732 826 778 moret
841 729 873 777 ad
884 741 933 791 spe-
967 754 969 793 p

57 841 60 848 .
130 802 203 866 ciem,
228 807 263 853 cst
284 803 341 854 siem
360 802 535 852 instrumentum
556 800 657 852 coelestis
677 799 794 864 corporis,
808 799 932 850 meuudbm
967 796 969 879 l

130 874 190 936 quod
203 874 283 924 dicitur
296 875 320 923 in
331 875 360 924 ll.
376 873 471 938 repere.
490 872 640 936 (temtos),
650 870 712 935 qood
727 872 825 920 «bomo
839 876 932 934 geucrol
967 882 969 927 ι

130 945 247 998 bominem
260 947 362 998 ciselo
737 971 740 978 ·
967 930 969 1001 i

161 1019 196 1068 ro
214 1018 306 1068 eorum
325 1017 459 1080 ocellum,
475 1015 537 1081 quoa
556 1028 649 1079 orpora
667 1013 769 1066 emesa
782 1013 931 1064 memsuis
967 1004 969 1067 l

131 1089 263 1152 emporibus
276 1101 321 1138 non
333 1091 387 1140 sunt
398 1087 479 1138 similia
491 1086 640 1141 umbedine
650 1085 753 1150 speciei,
764 1087 807 1139 sed
819 1085 847 1135 in
859 1099 931 1150 quam
967 1080 969 1147 ξ

132 1161 179 1210 tom
195 1171 235 1208 sua
248 1159 374 1210 universali
391 1159 474 1209 virtute
489 1158 606 1210 mutirent
621 1158 647 1207 in
663 1155 815 1220 se‘quicqnid
828 1156 855 1206 in
871 1157 931 1207 inle-
967 1150 969 1181 ³

131 1227 227 1278 rioribus
246 1233 372 1291 generatur.
398 1229 525 1282 secundnm
548 1241 618 1293 quem
634 1229 726 1280 modum
746 1227 846 1278 dioimm
865 1229 931 1279 mam

131 1301 207 1352 emole
220 1314 270 1352 esse
285 1300 433 1352 lleosimilie.
714 1333 720 1337 -
967 1320 969 1329 ·

163 1373 315 1435 loquantum
329 1372 461 1432 dicendum,
474 1371 536 1434 qubd
548 1372 648 1424 actiones
667 1384 789 1435 corporum
804 1372 930 1423 celesbom

132 1445 282 1497 diversimode
298 1444 437 1508 recipiuntur
451 1444 476 1494 io
490 1443 634 1496 interioribus
647 1444 794 1508 corporibus,
807 1445 931 1496 secundum

132 1517 245 1568 diversam
260 1517 360 1568 materiae
377 1515 557 1579 dispositionem.
570 1515 689 1578 confingit
704 1519 782 1566 eutem
796 1519 931 1581 quandoque

132 1587 192 1652 quod
207 1589 299 1638 mamma
313 1588 437 1651 oonoeptds
451 1589 546 1641 bomani
559 1602 606 1639 noo
616 1592 652 1639 est
663 1588 772 1651 disposito
789 1589 892 1640 tolebmr
906 1590 930 1638 ad

132 1660 283 1710 mascnlinum
293 1660 931 1726 serum,undeperiimlormatocimmasculum,psrtim

132 1729 157 1780 in
174 1729 298 1780 loeminam.
319 1731 383 1780 Unde
399 1735 422 1782 et
435 1731 479 1782 boe
494 1731 647 1782 introducitur
661 1731 691 1780 ab
708 1731 837 1794 dommo
851 1734 882 1783 ad
897 1746 931 1782 re

132 1801 261 1866 pellendum
280 1801 443 1853 divinationem
458 1816 510 1865 qum
528 1803 555 1853 lit
566 1816 608 1866 per
625 1807 698 1866 astra3
718 1803 772 1867 quia
784 1805 883 1854 elleotus
895 1817 930 1854 as·

132 1877 218 1924 borum
229 1874 345 1924 variantur
355 1873 424 1924 etium
434 1874 459 1928 in
468 1873 535 1924 rebus
548 1874 663 1936 corporeis
669 1873 811 1937 ‚semodium
821 1875 931 1928 oirormn

134 1943 235 1998 meterie
249 1944 430 2010 dispositionem.

428 2089 587 2139 linteolus
600 2089 638 2139 ll.

165 2195 250 2242 Utrum
262 2209 360 2254 corporo
374 2191 534 2241 scelestissimi
546 2209 619 2241 consa
633 2196 793 2241 bumanorum
802 2201 908 2242 octenos.

166 2304 199 2354 ld
217 2308 321 2368 quartum
339 2307 373 2357 sic
389 2305 518 2371 proceditur
527 2305 571 2369 (ll.
587 2304 683 2355 Videtur
699 2303 762 2368 qnod
774 2319 871 2370 oorpora
885 2320 931 2356 cm·

134 2376 200 2426 testie
211 2376 257 2427 siut
273 2391 340 2427 eausa
353 2380 504 2429 bumanorum
520 2382 620 2427 actuum.
636 2378 736 2440 Corpora
745 2377 807 2427 enim
822 2379 929 2437 eoelestia,

134 2446 184 2498 ebm
201 2447 356 2498 moueantord
365 2446 519 2511 spiritualibus
534 2449 682 2512 substantiis,
692 2448 751 2498 sicut
766 2449 836 2514 sopri
850 2450 931 2500 dictum

134 2523 168 2570 esr
181 2518 236 2583 (qu.
248 2522 303 2582 ¹llo,
319 2523 360 2570 ort.
376 2523 390 2568 l
405 2523 429 2570 et
441 2525 454 2568 e
465 2523 483 2581 r,
496 2523 567 2582 mour
579 2519 604 2570 in
614 2520 698 2570 merore
712 2532 790 2570 mrum
804 2521 871 2585 quasi
887 2522 932 2571 rus
967 2510 969 2539 ³

135 2593 260 2640 tremente.
271 2591 314 2642 Sed
328 2592 372 2642 illm
385 2590 518 2642 substantioe
531 2591 728 2656 spiritualessuut
741 2592 872 2657 superiores
884 2592 929 2642 ani·
967 2588 969 2607 '

169 2753 199 2818 (l)
215 2760 248 2803 llo
265 2758 300 2802 bis
318 2759 388 2802 etiem
402 2759 426 2804 in
442 2761 470 2818 2,
486 2761 514 2817 Ξ,
532 2770 572 2817 qu.
590 2759 635 2819 95,
649 2765 693 2806 art.
706 2760 733 2814 ὅς
749 2766 773 2808 et
786 2770 825 2818 qu.
842 2760 884 2818 lo,
901 2761 925 2806 de
967 2726 969 2757 Ι

135 2819 212 2875 malo,
227 2825 271 2864 art.
286 2819 302 2862 ‘l
310 2851 316 2876 ,
331 2819 358 2864 od
377 2819 471 2876 argum
488 2822 534 2876 id,
555 2827 580 2868 et
591 2823 718 2879 Quodltlr„
731 2826 787 2886 ΧΠ,
801 2830 846 2870 ort.
865 2823 892 2879 ὃς
907 2829 928 2868 ct
967 2862 969 2875 ,

136 2885 204 2936 super
216 2881 258 2926 lib.
268 2881 310 2926 sl.
320 2879 465 2938 recepere,
478 2885 532 2930 leet.
543 2884 567 2944 ³,
582 2886 628 2931 col.
639 2885 655 2929 5
668 2891 693 2932 st
704 2885 729 2930 e.
