1984 3309
125 233 209 282 trustra
225 230 250 280 iu
267 230 374 294 operibns
388 228 442 278 Dei.
458 229 517 292 drgo
531 228 601 278 etiam
616 227 637 278 si
652 228 721 278 bomo
734 237 781 277 non
797 229 929 291 peccasset,

127 303 211 354 inisset
220 302 304 362 coitus,
315 302 422 366 adonem
433 300 550 352 distinctio
564 313 660 350 sexuum
671 298 799 350 ordinatur.

159 378 292 437 Praeterea,
309 375 381 429 Gen„
399 375 437 436 ll,
453 373 536 423 dicitnr
552 389 556 421 :
574 389 588 418 «
601 371 681 422 Mulier
697 375 731 421 erl
747 372 808 422 lacta
825 373 853 422 ln
866 371 933 436 adju-

127 447 211 498 torium
228 447 280 496 viri.
292 463 307 494 »
322 447 367 497 Sed
380 459 425 496 non
440 446 468 495 ad
482 445 544 494 aliud
557 443 602 494 nisi
613 443 641 493 ad
653 444 834 507 generationem,
845 459 899 509 qne
909 444 933 492 dt

127 533 167 583 per
177 517 277 582 coitum,
292 519 346 582 qnia
357 519 385 567 ad
399 516 516 582 quodlibet
529 515 591 566 aliud
604 529 662 580 opus
678 515 853 567 convenientius
866 517 933 580 adju-

127 591 176 641 vari
192 595 269 655 posset
282 591 319 640 uir
329 603 370 653 per
382 589 457 638 uirum
469 602 536 652 quam
555 602 597 652 per
606 587 732 638 foeminam.
750 588 812 650 drgo
831 587 859 638 in
872 591 932 639 stato

127 662 263 713 innocentie
278 663 362 712 luisset
375 659 491 725 generatio
507 674 548 724 per
562 659 659 710 coitum.

160 734 462 800 (Coumns10.-llembra
471 731 583 782 naturalia
593 731 621 781 ad
631 731 801 797 generationem
811 733 931 798 deputata,

128 806 183 857 satis
193 804 306 856 declarant
314 806 407 855 instato
415 803 552 854 innocentie
562 799 730 868 generationem
739 803 840 853 suturam
852 804 931 866 luisse,

127 892 174 928 non
189 891 230 942 per
246 876 430 927 solamvirtntem
440 875 549 938 diuinam,
563 875 601 925 sed
611 889 652 939 per
663 873 850 938 conjunctionem
864 875 934 926 maris

129 954 152 1000 el
164 949 270 1012 immine,
285 949 368 1012 absque
383 947 443 998 omni
454 950 533 997 tamen
548 946 651 997 libidinis
667 945 774 1010 morbo.)

131 1069 135 1078 ,
160 1021 295 1086 Respondes
310 1021 445 1083 dicendum,
457 1018 518 1083 qudd
537 1020 628 1084 qnidam
649 1019 797 1084 antiquorum
815 1021 935 1072 doctorum

129 1092 299 1143 considerantes
315 1091 502 1155 concupiscentie
524 1091 665 1155 foeditatem,
692 1105 743 1154 que
765 1090 887 1144 inuenitur
912 1094 935 1142 in

130 1165 191 1215 coitu
207 1165 232 1214 in
246 1164 289 1214 isto
303 1168 377 1223 stetu,
391 1165 517 1229 posuerunt
535 1163 596 1226 qnod
613 1163 637 1213 ln
655 1168 716 1214 statu
732 1163 873 1216 innocentie
890 1179 935 1216 non

130 1236 210 1290 ruism
222 1235 337 1298 generatio
348 1249 389 1300 per
398 1236 491 1287 coitum.
503 1235 566 1288 Unde
577 1235 699 1300 Gregorius
707 1237 826 1302 Npssenns
843 1238 900 1288 dicit
914 1238 936 1287 in
976 1257 977 1270 u

129 1308 169 1358 lib.
182 1307 316 1373 quemfecit
327 1308 355 1358 de
366 1307 468 1371 homine,
479 1309 539 1371 qnod
550 1307 575 1356 in
586 1306 690 1374 paradiso
702 1309 768 1358 aliter
779 1307 865 1368 luisset
879 1310 937 1360 mul-

128 1380 255 1446 tiplicatum
280 1392 351 1442 genus
375 1381 515 1443 humanum,
538 1379 596 1430 sicut
621 1379 764 1444 multiplicati
787 1385 842 1430 sunt
862 1380 936 1444 angeli

129 1453 214 1516 absque
231 1451 368 1515 concubitu,
380 1466 421 1516 per
440 1450 595 1515 operationem
615 1451 697 1502 divinae
717 1451 819 1502 uirtutis.
834 1455 867 1506 Et
884 1455 938 1506 dicit

130 1523 190 1588 qudd
203 1525 451 1588 Deusantepeccatum
460 1523 515 1573 lecit
524 1541 538 1571 u
548 1524 673 1573 masculum
685 1527 708 1574 ct
718 1523 847 1588 bominum,
863 1545 875 1574 u
890 1542 936 1578 res-

130 1596 217 1660 piciens
229 1597 257 1645 ad
264 1597 355 1646 modum
362 1592 525 1660 generationis,
535 1595 575 1660 qui
583 1596 672 1649 tuturus
683 1600 731 1646 erat
739 1600 793 1660 post
801 1603 934 1661 peccatum,

130 1669 196 1731 cujus
209 1669 269 1718 Deos
283 1669 392 1732 praescius
405 1673 462 1718 erat.
476 1669 520 1719 Sed
533 1669 577 1718 hoc
594 1681 641 1718 non
656 1667 738 1718 dicitur
753 1669 934 1722 rationabiliter.

130 1741 162 1789 Ea
171 1741 231 1789 enim
241 1754 291 1803 qnae
301 1745 354 1790 sunt
362 1741 473 1791 naturalia
485 1739 582 1800 bomini,
593 1753 667 1804 neque
676 1741 849 1806 subtrahuntur,
860 1757 936 1808 neque

131 1813 212 1861 dantur
224 1811 311 1861 bomini
324 1827 364 1876 per
379 1816 509 1878 peccatum.
525 1811 668 1866 Manifestum
682 1819 717 1862 est
731 1815 808 1863 autem
819 1817 884 1876 qnod
895 1818 935 1866 ho-

130 1883 188 1934 mini
199 1884 324 1934 secundum
344 1884 465 1934 animalem
478 1883 562 1946 vitam,
575 1887 643 1946 ornant
657 1883 726 1933 ctiam
743 1887 796 1934 ante
811 1889 936 1948 peceatum

131 1957 237 2019 habebat,
251 1956 355 2020 utsupra
367 1956 453 2006 dictum
466 1959 501 2006 est
516 1955 565 2020 (qu.
579 1959 617 2018 97,
632 1957 675 2006 art.
689 1955 721 2017 3),
733 1957 835 2008 naturale
846 1963 885 2008 cst
898 1973 935 2023 ge·
976 2003 977 2022 ,

131 2043 211 2081 nerare
229 2024 385 2093 permitam,
401 2030 459 2079 sicut
472 2033 496 2078 et
510 2026 597 2078 caeteris
617 2026 751 2078 animalibus
772 2029 894 2093 perlectis.
908 2033 935 2080 Et

131 2104 176 2152 boc
189 2103 303 2153 declarant
321 2102 431 2152 naturalia
445 2102 547 2152 membre
564 2101 593 2150 ad
610 2102 671 2150 branc
688 2114 754 2150 nsum
772 2101 894 2165 deputata.
908 2105 936 2152 Et
976 2101 977 2148 ἑ

131 2173 183 2225 idco
198 2188 244 2225 non
256 2178 290 2225 est
300 2174 434 2234 dicendum,
447 2172 507 2237 qndd
517 2186 571 2223 usus
585 2173 667 2223 horum
676 2172 827 2222 membrorum
842 2178 935 2224 natura·
976 2155 977 2232 l

131 2247 187 2296 lium
207 2261 254 2296 non
271 2245 351 2296 luisset
373 2250 423 2296 ante
441 2237 576 2310 peccatum,
594 2245 653 2294 sicut
670 2248 693 2294 et
706 2247 840 2295 caeterorum
860 2260 936 2298 meru-
976 2281 977 2312 ,

131 2320 231 2370 brorum.
245 2321 302 2370 Sunt
315 2319 384 2383 igitur
394 2318 419 2367 in
431 2319 493 2368 coitu
507 2319 551 2368 duo
565 2317 728 2368 consideranda
738 2319 866 2368 secundum
878 2334 936 2386 prae-
976 2325 977 2392 J

131 2394 220 2442 sentem
236 2394 327 2441 statum.
349 2392 440 2453 Unum,
457 2391 516 2452 qnod
531 2393 617 2441 nature
632 2393 679 2450 est,
698 2389 785 2439 scilicet
800 2391 936 2456 conjunctio
976 2399 977 2428 1

132 2461 203 2512 maris
218 2466 241 2511 et
259 2462 358 2512 immine
372 2462 401 2510 ad
414 2461 577 2524 generandum.
593 2461 618 2510 ln
634 2460 698 2512 omni
711 2461 773 2510 enim
787 2465 935 2524 generatione
976 2525 977 2530 Ἰ

131 2533 253 2597 requiritur
265 2533 337 2582 virtus
351 2533 425 2582 activa
437 2537 461 2582 et
473 2532 581 2598 passiva,
595 2533 655 2583 unde
670 2531 722 2582 clam
735 2533 760 2584 in
774 2535 897 2602 omnibus,
914 2536 935 2585 in
976 2577 977 2586 ,

131 2604 213 2670 quibus
228 2607 264 2656 est
273 2604 388 2656 distinctio
400 2618 505 2670 sexuum,
519 2605 592 2656 virtus
603 2603 678 2656 activa
689 2605 718 2655 sit
734 2604 849 2671 inmane,
864 2609 935 2661 uirtus

127 145 172 192 tad
319 153 380 190 runs
391 154 410 201 1,
423 151 516 197 oum.
530 149 621 200 xcvrn,
635 149 691 188 eur.
706 150 732 186 n.
753 121 756 124 ’

135 2755 240 2800 ocreatis
251 2753 396 2811 aequorum
408 2756 441 2798 oet
455 2751 498 2817 (rb
512 2756 558 2801 τῶν
573 2744 678 2822 dyptico
691 2751 857 2824 πολίτευμα),
874 2765 899 2802 ut
911 2761 933 2800 et

132 2827 239 2871 imitatio
255 2823 297 2888 (τὸ
316 2822 439 2890 μίμημα),
456 2823 519 2877 Quod
539 2824 632 2881 perinde
655 2837 682 2870 ac
701 2825 721 2870 si
739 2827 821 2884 angelo
837 2829 931 2885 primunr

133 2897 249 2943 bominem
260 2901 406 2952 compararet
416 2896 440 2941 iu
451 2895 559 2952 paradiso
573 2897 719 2944 existentem.
