1984 3309
140 218 171 267 tt
331 222 391 261 unns
407 224 428 273 1,
446 220 540 267 cuasa.
558 221 620 267 m,
637 220 693 257 aar.
711 220 745 257 ιιι.

138 302 245 351 uniuersa
264 314 304 363 per
323 299 443 349 circuitum
463 297 539 361 pergit
554 296 655 361 spiritus.
674 312 689 343 n
710 296 807 347 Basilius
817 298 895 352 ‘verb
922 304 972 370 (in

137 380 261 426 rueram„
272 372 345 420 Hom.
360 369 406 433 lll)
418 373 441 419 et
453 371 608 421 llamaecenns
620 368 670 433 (nbi
682 367 759 431 supra)
773 376 890 422 asserunt
904 390 971 426 eor-

139 456 195 507 pora
213 441 314 493 coelestia
334 455 381 505 non
394 454 446 501 esee
462 440 569 491 animata.
586 440 726 503 Augustinus
742 438 798 489 uerb
813 442 862 491 snb
880 445 972 498 dubio

139 514 269 577 dereliquit,
281 514 305 563 iu
313 517 416 563 neutram
428 516 517 576 partem
527 511 656 570 declinans,
670 515 696 560 ut
706 510 802 573 patetin
817 511 850 560 ll.
864 518 974 580 Super

140 586 202 636 Gen.
213 585 300 634 cdlii.
316 584 372 634 etin
382 583 541 633 Enetirtdio.
557 582 600 633 Ubi
616 582 686 632 etiam
699 582 764 644 dicit,
776 583 839 645 quod
854 584 878 634 si
899 595 972 639 sunt

140 656 239 707 animata
256 654 358 706 crelestia
370 666 464 718 corpora
471 690 480 716 ,
489 653 606 717 pertinent
616 653 645 702 ad
660 653 791 702 meletatem
807 656 972 716 angelornm

140 740 220 779 eorum
234 726 324 777 anime.
335 727 362 776 ln
370 727 413 775 hac
423 728 500 774 autam
514 724 648 788 opinionum
658 724 799 786 diuersitate,
813 728 842 773 ut
861 731 973 782 ueritas

140 798 283 863 aliquatenus
290 798 429 856 innotescat,
439 796 628 847 considerandum
639 799 676 845 est
687 797 748 859 quod
759 796 814 845 unic
826 798 928 851 animae
944 811 974 853 et

111 875 115 885 '
140 869 241 934 corporis
259 882 306 919 non
326 872 362 919 est
379 870 472 932 propter
490 880 585 931 corpus,
603 868 645 917 seu
664 872 757 931 propter
771 869 895 933 animam3
913 889 973 925 non

140 941 204 991 enim
213 941 286 991 forma
293 942 428 1004 estprcpter
437 938 564 1001 materiam,
572 938 613 987 seul
620 938 633 988 e
641 938 761 988 ccnrersb.
771 940 861 989 Natura
873 949 971 995 autem

141 1016 165 1063 et
176 1013 248 1063 uirtus
262 1012 345 1063 anime
355 1009 533 1075 deprehenditur
540 1023 570 1059 ex
584 1009 635 1073 ejus
651 1010 798 1074 operatione,
812 1024 869 1072 quae
881 1018 974 1068 etiam

141 1084 306 1148 quodammodo
326 1087 362 1133 est
382 1082 434 1131 tinia
446 1082 507 1145 ejus.
522 1081 641 1131 luuenitur
653 1084 727 1131 autem
744 1095 827 1145 corpus
843 1090 975 1139 nostrum

142 1155 293 1206 necesarium
304 1155 332 1206 ad
342 1154 439 1218 aliquam
450 1152 709 1217 operatieucmanimae,
716 1166 767 1216 quae
775 1152 900 1207 mediante
913 1174 976 1209 eor-

142 1240 198 1291 pore
214 1230 346 1290 exercetur3
361 1226 422 1276 sicut
441 1228 505 1289 patet
520 1224 546 1273 in
564 1224 674 1288 operibus
692 1223 775 1274 anime
790 1225 926 1281 sensitivae
948 1238 976 1282 et

142 1297 267 1349 nutritive.
278 1298 342 1349 Unde
350 1310 443 1347 neeesse
452 1298 487 1346 est
494 1296 554 1346 tales
562 1296 649 1346 animas
657 1296 737 1345 unias
746 1308 797 1346 esse
807 1300 974 1367 impeditae,

143 1372 235 1433 propter
252 1382 304 1419 suas
322 1368 475 1432 operationes.
492 1367 533 1418 ma
545 1370 621 1417 autem
637 1366 713 1431 aliqua
729 1367 972 1437 operariorum,

73 1442 76 1449 '
143 1454 194 1503 que
209 1453 253 1491 non
272 1444 391 1491 exercetur
405 1452 502 1502 corpore
519 1438 645 1500 mediante3
658 1440 699 1489 sen
717 1443 793 1487 tarnm
809 1450 838 1487 ex
853 1454 972 1507 corpore

143 1510 235 1575 aliquod
243 1511 406 1561 adminiculum
415 1510 455 1559 tali
464 1509 592 1573 operationi
602 1510 734 1572 exhibetur3
745 1509 806 1559 sicut
816 1522 974 1579 percorpus

143 1580 281 1633 exhibentur
299 1582 381 1633 animas
400 1583 509 1631 humanm
524 1582 700 1644 phantasmata,
716 1580 798 1643 quihus
815 1579 916 1644 indiget
938 1590 972 1638 aul

142 1652 325 1716 intelligendum.
341 1652 407 1703 liade
420 1652 491 1701 etiam
506 1652 576 1701 talem
585 1652 687 1701 animam
699 1664 793 1702 necmse
811 1655 849 1700 est
861 1661 974 1720 corpori

144 1723 205 1774 uniri
213 1728 306 1787 propter
314 1736 379 1774 suam
388 1723 557 1788 operationem,
565 1722 619 1773 licet
628 1724 745 1785 contingat
754 1723 829 1785 ipsam
838 1731 970 1787 separari.

144 1793 288 1845 Manifestum
295 1798 331 1844 est
341 1798 427 1856 autem,
438 1794 500 1856 quod
508 1792 585 1843 anima
595 1794 696 1846 coelestis
708 1793 868 1857 corporisncn
879 1804 973 1858 potest

144 1866 228 1916 habero
242 1865 384 1930 operationes
394 1864 512 1915 nutritivae
525 1864 622 1929 anime,
632 1880 685 1930 que
694 1870 749 1916 sunt
758 1864 855 1927 nutrire,
867 1881 971 1932 augere

144 1939 169 1986 et
182 1948 291 1999 generare
303 1953 309 1999 ;
323 1936 455 2001 hujusmodi
466 1936 529 1987 eninr
539 1937 686 2001 operationes
694 1950 742 1987 nun
754 1940 893 1999 competunt
905 1956 970 1993 eor-

144 2008 196 2071 pori
206 2007 371 2073 incorruptibili
380 2021 420 2071 per
431 2011 543 2057 naturam.
556 2007 668 2058 Similiter
673 2008 742 2058 etiam
751 2020 796 2057 nec
804 2010 972 2071 operationes

145 2077 228 2131 anime
238 2078 352 2129 sensitiva
363 2078 453 2142 corpori
461 2077 551 2129 caelesti
559 2078 710 2138 conveniunt,
717 2078 773 2142 quia
781 2091 864 2130 omncs
873 2095 975 2137 seusus

145 2150 269 2201 fundantur
277 2164 346 2214 supra
358 2154 453 2212 mutum,
462 2148 503 2213 qui
516 2154 552 2201 est
562 2151 744 2214 apprehensiuus
756 2150 897 2214 qualitatum
913 2159 974 2209 ele-

145 2222 291 2271 mentarium.
306 2222 388 2272 Omnia
399 2222 467 2273 etiam
480 2235 566 2285 organa
577 2222 730 2286 potenbarum
742 2222 915 2276 seuutiuarum
929 2244 973 2280 re-

146 2292 239 2356 quirunt
257 2293 430 2362 determinatam
448 2293 619 2358 proportionem
629 2296 754 2344 secundum
768 2294 971 2351 commistionem

146 2364 245 2426 aliquam
259 2364 464 2429 elementorum,i
478 2378 577 2428 quoram
589 2369 673 2415 natura
686 2378 780 2428 corpora
796 2365 906 2418 caelestia
920 2386 972 2435 po-

145 2438 230 2483 nuntur
243 2439 337 2486 remota.
351 2438 495 2500 Relinquitur
504 2449 569 2499 ergo,
581 2437 642 2501 quod
653 2437 681 2486 de
690 2436 862 2500 operationibus
874 2441 974 2494 animae

145 2504 208 2555 nulla
219 2510 295 2569 potest
308 2513 436 2572 competere
448 2508 531 2559 anime
546 2508 642 2571 coelesti,
657 2508 704 2557 nisi
720 2508 781 2570 aue,
792 2507 932 2571 intelligere
946 2522 976 2564 et

146 2588 246 2627 mouere.
264 2579 321 2627 Nam
333 2582 452 2643 appetere
468 2578 619 2641 consequitur
636 2592 744 2638 sensum,
759 2583 784 2627 et
795 2578 970 2648 intellectum,

147 2652 171 2697 et
180 2662 232 2697 cum
242 2652 338 2713 utroque
351 2652 477 2701 ordinatur.
485 2650 615 2704 Intellectus
628 2654 707 2701 autem
717 2651 829 2713 operatio,
840 2649 899 2701 cium
915 2668 970 2705 non

147 2725 279 2770 exerceatur
289 2735 331 2784 per
341 2735 432 2785 corpus,
446 2735 492 2771 nou
506 2722 594 2785 indiget
607 2735 702 2786 corpore
718 2721 764 2771 nisi
773 2721 798 2769 in
809 2726 930 2783 quantum
947 2729 975 2776 ei

147 2802 281 2852 persensus
296 2792 450 2843 ministrantur
468 2794 635 2855 phantasmata.
649 2793 801 2857 operationes
813 2797 894 2842 autem
907 2809 971 2846 sen-

147 2861 220 2913 sitivae
233 2864 467 2927 auimae,curporibus
476 2865 608 2916 caelestibus
614 2879 662 2915 non
669 2866 823 2926 conueniunt,
831 2868 858 2914 ut
867 2866 965 2928 dictum

148 2938 192 2985 est.
211 2935 249 2985 Sic
263 2936 332 2997 igitur
348 2940 440 3000 propter
458 2937 613 3001 operationem
627 2938 801 2990 intellectualem
816 2937 896 2987 anima
913 2958 966 2991 cm-
