1984 3309
189 164 219 203 os
234 154 340 203 omens
357 166 449 205 sueres
464 154 551 207 omnus
566 171 593 209 m
609 170 728 211 ιοιιιιιιι.
830 147 859 209 tit

45 238 187 305 intelligunt
196 243 245 309 ipsa
257 245 374 295 elementa
385 245 465 295 mnudi
473 246 516 297 sud
528 246 626 311 propriis
637 246 718 299 termis
729 246 860 311 emensos

43 328 89 377 per
107 314 231 377 sequentia
243 320 322 366 anmrn
338 328 425 379 opera,
441 316 540 381 utiquam
556 317 725 369 distinctionem
743 319 768 369 in
781 330 862 381 eorpo-

45 385 114 435 rinus
128 385 195 449 prius
211 385 381 447 existentibus,
392 392 419 436 ut
431 388 599 451 supradictum
612 394 656 440 est.
668 388 774 440 &eundo
786 392 863 439 numm

46 456 161 507 differunt
174 462 290 521 quantum
301 458 331 506 ad
344 457 519 521 productionem
531 460 661 522 plantarum
673 462 697 511 ei
715 459 861 521 animalium,

46 542 101 590 qum
112 529 151 579 aiii
162 534 255 593 ponunt
265 528 369 592 inopere
379 530 518 579 sexdiernnr
528 542 578 580 esse
587 532 697 595 producta
707 530 733 581 in
743 536 809 594 aetu3
819 535 864 581 ιιι·

47 600 154 660 gostinus
164 598 224 651 rerd
242 598 402 663 potentialiter
414 604 512 650 tantum.
525 602 551 650 ln
563 602 610 651 troo
619 616 675 666 ergo
681 641 691 667 ,
700 602 761 667 quod
775 606 863 664 Augus-

47 672 110 721 tinus
124 672 193 735 pouit
210 683 283 736 opera
298 684 341 721 sex
356 670 445 721 dierum
457 684 508 722 esse
519 672 586 722 sirum
600 673 674 736 dama,
689 673 792 738 nequitur
804 674 864 724 idem

49 744 130 792 modus
143 740 308 806 productionis
318 755 402 792 rerum.
420 744 478 792 Nam
486 744 609 793 secuudum
627 747 742 808 utrosque,
753 745 779 795 iu
791 744 865 809 prima

49 827 125 863 rernm
137 812 295 877 productione
306 812 402 863 materia
414 816 464 863 erat
477 814 519 864 sub
529 813 608 864 formis
621 815 806 865 substantialibus
820 816 866 866 eie·

50 891 197 947 mentonem,
213 888 238 934 et
252 884 378 933 seeundum
391 887 501 948 utrosque
510 884 535 935 in
548 885 623 949 prima
635 900 712 936 rerum
723 886 865 936 institutione

53 969 97 1005 nou
107 956 205 1007 iderunt
213 954 328 1005 animalia
338 958 363 1004 et
369 956 454 1019 plante
463 957 488 1005 iu
497 960 557 1007 actu.
569 956 615 1007 Sed
625 962 729 1011 remanet
739 956 867 1009 differentia

56 1031 162 1089 quantum
176 1026 208 1077 ad
218 1030 332 1090 quatuor3
345 1025 398 1090 quia
407 1026 533 1078 secundnm
542 1027 599 1078 alios
611 1032 701 1078 sanmos
709 1031 761 1091 post
768 1028 866 1092 primam

56 1098 229 1161 productionem
251 1098 364 1147 menturae
381 1096 426 1147 init
444 1096 536 1160 aliquod
551 1101 642 1161 tempus
656 1098 682 1148 in
696 1111 742 1161 quo
761 1111 808 1148 nou
818 1100 868 1147 erat

53 1168 105 1233 dux;
118 1168 178 1220 item
193 1168 222 1218 iu
240 1180 289 1232 que
304 1178 352 1217 uou
366 1172 417 1218 eret
437 1168 606 1219 firmamentum
623 1170 759 1232 formatum
772 1168 828 1219 item
843 1167 868 1217 iu

54 1256 99 1307 quo
109 1255 156 1293 uon
172 1244 226 1293 erat
239 1244 304 1289 terra
317 1238 463 1303 dseooperta
474 1240 554 1304 aqnis;
563 1245 588 1291 et
599 1240 626 1290 in
636 1252 736 1304 quouon
746 1244 812 1291 erant
822 1239 869 1289 ior·

55 1318 112 1364 matr
120 1309 323 1372 nandiuminarir,
333 1310 393 1373 quod
403 1314 560 1373 estquarturn.
569 1313 624 1370 Qun
632 1314 869 1375 uonoportetponere

52 1386 177 1435 semotum
191 1380 368 1446 expositionem
384 1380 517 1443 angustini.
534 1382 565 1432 ot
575 1381 646 1443 iqitm
659 1381 735 1451 neutri
749 1381 869 1433 sententiae

56 1456 232 1519 permeent,
249 1454 371 1515 utriusque
384 1450 513 1503 rationibus
524 1452 709 1517 respondentium
720 1455 764 1502 est.

90 1528 122 1577 ti
131 1526 239 1590 primunr
251 1534 310 1586 ergo
321 1522 457 1585 dicendum,
470 1522 531 1586 quod
542 1524 565 1571 in
575 1523 613 1573 die
624 1523 650 1573 in
663 1521 802 1587 quoereerit
810 1522 870 1571 deus

60 1598 137 1647 omium
147 1602 172 1649 et
187 1601 297 1659 terram,
309 1594 397 1645 crearit
415 1594 485 1645 etiam
497 1608 565 1645 omne
582 1596 706 1659 virgarium
723 1594 771 1658 egri
782 1607 829 1643 nou
844 1591 870 1641 in

57 1672 125 1731 actu,
141 1670 184 1719 sod
201 1670 331 1729 autequam
347 1664 446 1715 oriretur
458 1678 526 1729 super
537 1669 633 1727 terram,
651 1665 735 1728 idest,
749 1662 869 1729 potentia-

58 1739 123 1789 liter:
137 1740 201 1804 quod
223 1735 369 1801 Augustinus
384 1735 494 1787 adscribit
511 1736 584 1788 tertio
597 1736 658 1801 diei3
672 1737 712 1787 atii
723 1735 780 1787 read
790 1734 871 1801 prime

57 1823 129 1861 rerum
139 1808 298 1861 institutioni.

87 1882 121 1931 di
133 1881 268 1933 ιιιιιιιιιιιιι
282 1879 424 1942 dicendum,
439 1878 501 1943 qnod
516 1880 576 1930 bens
592 1878 677 1930 eremit
692 1878 769 1929 omnia
786 1874 869 1938 simui,

57 1957 165 2015 questum
181 1954 307 2003 adrerum
323 1950 476 2001 substantiam
496 1951 662 2015 quodammodo
679 1950 815 2011 intormem
830 1947 870 1997 sed

59 2026 167 2087 mantum
181 2025 211 2074 ad
227 2021 407 2084 formationem,
422 2036 472 2085 que
484 2022 546 2073 iacta
562 2024 597 2073 est
613 2036 655 2087 per
668 2018 835 2072 distinctionem
848 2021 873 2068 et

60 2100 170 2155 murium,
180 2107 230 2145 uon
239 2094 320 2147 mmnl.
330 2092 396 2143 Unde
407 2092 523 2155 signanter
533 2094 604 2144 utitur
614 2093 684 2143 verbo
695 2089 818 2141 creationis
825 2086 870 2151 (1).

91 2168 124 2217 ιι
138 2166 235 2218 manum
252 2165 394 2229 elidendum,
411 2162 471 2227 qnid
488 2165 512 2215 iu
530 2164 569 2215 die
584 2163 683 2229 septimo
700 2161 799 2214 nessarit
810 2161 872 2211 deus

64 2236 152 2289 inens
171 2237 284 2302 operibus
304 2234 448 2297 condendis,
465 2248 512 2285 nou
535 2240 611 2285 autem
625 2235 638 2285 i
652 2231 804 2298 propagandis
821 2229 873 2293 qui·

64 2308 235 2360 namu-son.
256 2308 292 2359 Ad
311 2320 382 2373 mam
403 2307 590 2370 propagandam
608 2306 721 2371 punt,
741 2304 802 2369 med
819 2306 873 2367 poa

65 2381 155 2442 punam
171 2381 236 2431 diem
250 2379 291 2429 aiii
303 2378 440 2429 suecedent.

92 2453 123 2503 id
133 2456 246 2517 quartum
263 2450 403 2511 dicendum,
418 2446 478 2513 qndd
491 2460 537 2499 oon
546 2451 587 2499 est
601 2447 737 2513 impotentia
749 2446 791 2496 idei
803 2442 874 2509 quasi

94 2568 124 2633 (1)
142 2572 188 2617 let
200 2569 275 2627 porro
286 2569 364 2627 μοι
377 2570 441 2621 κοινῆ
451 2568 514 2625 quod
532 2570 694 2613 emmim
708 2566 758 2610 sire
771 2564 873 2621 periter

61 2642 115 2687 uerti
133 2646 230 2698 potest,
243 2640 311 2695 qnasi
325 2644 375 2684 tam
388 2638 439 2683 inme
454 2637 467 2681 ι
481 2639 529 2681 Deo
545 2644 625 2683 ereata
643 2648 695 2682 esse
713 2632 875 2691 significentur

64 2703 129 2757 qutun
145 2704 201 2755 iiia;
218 2701 365 2759 proindeque
379 2700 451 2744 dictio
465 2700 541 2743 aimei
554 2700 579 2744 im
593 2698 691 2755 Vutquta
704 2708 751 2740 nou
766 2696 794 2740 ud
807 2692 875 2737 iden-

64 2764 149 2811 titatem
163 2766 216 2809 sive
227 2762 495 2819 simultatemtemporis
506 2762 530 2805 in
543 2774 591 2819 quo
601 2762 785 2817 sinquteoreate
799 2760 871 2808 sunt,

64 2826 141 2872 referri
155 2828 244 2883 debet,
254 2826 296 2871 ond
306 2824 338 2870 ιι
352 2823 553 2870 universalitatem
566 2836 643 2870 rerum
656 2827 805 2876 ereaturam,
817 2813 875 2884 quin

65 2891 198 2945 qsnmditer
215 2899 298 2935 omnes
310 2893 398 2934 create
413 2892 476 2933 sunt.
764 2904 768 2908 ·
