1984 3309
238 182 268 219 on
284 178 400 221 somnone
416 177 554 221 ramnoldus
567 179 658 219 mun.
774 124 847 223 sm

34 270 147 307 essemus
157 257 183 307 in
192 268 270 319 eune,
278 257 397 327 passiones
411 261 564 323 peccaterum,
575 272 627 322 qua
637 271 678 323 per
686 260 761 324 tegern
774 266 848 327 erant,

37 330 201 393 operabantur
215 328 358 381 immemoris
367 330 460 381 nostris.
471 346 485 378 »
494 332 591 380 Peccata
604 334 679 381 autem
693 338 745 382 sunt
757 332 849 397 proprii

33 402 59 451 iu
69 402 161 453 anima.
177 403 237 465 tinge
249 404 272 453 et
282 401 409 466 passiones,
423 416 474 466 qnae
491 402 596 453 dicontur
605 407 780 467 peccatoram,
796 409 850 457 sunt

36 487 63 522 ru
78 487 171 525 anima.

73 549 278 609 (Cononusro.-
289 544 347 595 Cim
364 544 480 609 contingat
493 545 592 597 animam
608 547 708 611 speciem
728 548 813 599 sentim
826 554 849 601 et

37 620 190 683 intelligere,
205 621 229 669 et
243 619 271 668 ad
282 618 403 681 compositi
415 619 628 669 transmutationem
639 620 735 682 motari,
748 621 849 685 adquam

37 696 60 741 ei
72 690 207 755 passionem
222 689 372 741 communiter
379 692 494 753 acceptam
507 689 629 740 conuenire
639 692 847 757 necessariumvesu

36 763 177 827 passionom
190 766 265 813 autern
275 760 367 825 proprie
376 762 473 826 dietam,
485 761 576 811 nonnisi
588 776 630 825 pen
638 763 742 815 aocidens
754 764 848 815 attribui

39 838 133 885 certum
144 834 208 897 est.)
510 849 512 854 ·

72 906 214 971 Respondes
225 905 344 955 dicendum
352 942 358 967 ,
367 904 427 967 quod
436 905 483 968 pati
492 904 575 957 dicitnr
583 905 711 969 tripliciter.
721 909 771 958 Uno
780 910 847 960 modo

37 976 203 1040 communitor,
216 974 338 1027 secundum
352 974 413 1039 quod
426 988 492 1026 enine
505 980 616 1041 recipcre
627 981 662 1027 est
672 979 744 1041 pati,
756 978 847 1029 etiamsi

38 1050 100 1099 nihil
112 1048 234 1112 abjiciatur
248 1048 310 1110 ire,
326 1048 384 1099 sicut
398 1046 418 1097 si
431 1047 519 1099 dicatur
527 1060 603 1101 aerem
614 1047 675 1114 pati,
689 1051 780 1114 mando
793 1051 845 1101 itio·

40 1123 159 1183 minatum
171 1121 215 1170 hoc
227 1122 302 1171 autern
312 1118 384 1182 magis
395 1122 430 1169 est
438 1119 518 1183 pertici
530 1120 597 1183 quim
605 1121 660 1186 pati.
674 1121 724 1173 diio
735 1123 803 1173 modo
813 1122 847 1174 di-

40 1195 101 1244 citur
115 1190 208 1256 proprie
220 1189 282 1254 pati,
293 1190 384 1253 quando
394 1188 479 1253 aliquid
489 1190 598 1254 recipitur
606 1205 658 1242 curo
670 1192 762 1242 alterius
771 1194 848 1258 abjec-

40 1266 116 1315 tione.
132 1263 178 1314 Sed
187 1264 231 1313 hoe
243 1260 353 1323 contingit
367 1260 503 1324 dupliciter:
518 1261 653 1325 quandoque
666 1262 728 1312 euim
743 1264 847 1327 abjicitur

42 1337 63 1386 id
80 1336 145 1401 quod
154 1347 200 1384 neu
211 1336 247 1383 est
255 1331 394 1383 conveniens
405 1332 450 1395 rei,
467 1332 526 1383 siout
539 1330 591 1381 ciam
601 1346 684 1397 eorpus
697 1333 801 1391 animalis
812 1348 847 1385 sa·

40 1411 124 1470 netur,
138 1405 219 1456 dicitur
232 1402 358 1468 pati,'quia
370 1402 454 1467 recipit
465 1402 596 1466 sanitatem,
605 1404 739 1468 aegritudine
749 1406 845 1469 ahJecta.

41 1479 94 1529 Alio
104 1478 182 1540 modo,
192 1476 282 1540 quando
296 1474 309 1525 d
321 1486 431 1525 nonnemo
440 1474 564 1538 contingit,
576 1474 634 1524 sient
645 1480 754 1539 aegrotare
763 1476 847 1527 dieitur

43 1551 107 1615 pati,
122 1549 177 1613 quia
189 1548 299 1613 recipitur
311 1546 429 1597 iufirmitas
442 1546 539 1597 sanitate
549 1547 647 1610 abjecta.
660 1548 688 1598 nt
698 1548 736 1598 hic
747 1552 782 1599 est
794 1563 846 1613 pro·

42 1620 175 1687 priissimus
186 1620 267 1675 modos
279 1616 405 1682 passionis3
421 1631 474 1668 nam
488 1618 537 1681 pati
549 1617 632 1669 dicitur
643 1631 672 1669 ex
688 1631 716 1669 eo
730 1619 790 1684 qudd
804 1620 845 1669 aii·

41 1695 100 1759 quid
112 1691 210 1742 trahitur
224 1691 251 1740 ed
263 1693 384 1753 agentem3
396 1690 456 1752 qnod
470 1693 547 1740 autem
557 1689 641 1741 recedit
652 1691 680 1740 ab
693 1704 720 1741 ee
736 1693 797 1755 quod
809 1695 845 1743 est

41 1768 86 1817 sibi
104 1760 370 1823 conveniens‚manimd
386 1760 475 1812 uidetur
485 1762 514 1813 ad
530 1760 590 1813 atiud
606 1762 674 1813 tratri.
688 1763 718 1813 nt
730 1764 843 1828 similiter,

40 1839 65 1888 in
80 1839 100 1887 1.
111 1838 150 1886 De
160 1834 320 1900 quaeratione
331 1833 399 1897 (text.
412 1832 468 1897 18),
479 1832 560 1885 dicitnr
571 1832 630 1896 qudd
641 1836 731 1898 qnando
742 1849 770 1887 ex
778 1836 845 1899 igno·

39 1908 119 1961 biliori
132 1908 254 1970 generatur
262 1903 368 1967 nobitas,
379 1906 414 1955 est
421 1904 537 1967 generato
545 1904 685 1969 simpiciter,
696 1910 720 1955 et
730 1907 844 1970 corruptio

42 1978 169 2034 seeundum
181 1978 248 2042 quid,
264 1976 277 2027 e
294 1988 404 2027 converso
421 1978 496 2026 autem
512 1976 602 2037 quando
617 1989 646 2025 ex
660 1975 764 2026 nobiliori
779 1977 844 2039 igue

41 2054 113 2103 bilius
128 2053 256 2114 generatur.
269 2050 298 2099 nt
311 2047 347 2099 nia
365 2047 436 2097 tribue
450 2045 654 2110 medis‚eeutingit
669 2059 719 2098 esse
732 2047 757 2097 in
768 2047 844 2099 anima

42 2123 184 2190 passionem.
196 2122 253 2171 Nam
267 2119 390 2171 secundum
407 2118 563 2183 receptionem
575 2117 676 2181 tantiam,
688 2118 770 2169 dieitur
783 2119 844 2183 qued

39 2196 127 2247 sentire
148 2197 170 2245 et
192 2191 318 2255 intelligere
333 2195 367 2242 est
387 2192 496 2255 quoddam
516 2192 582 2254 poti.
597 2189 677 2240 Passio
695 2193 771 2239 autem
790 2204 844 2240 cnm

38 2264 185 2331 adjectione,
200 2276 246 2313 non
259 2266 293 2314 est
306 2261 351 2312 nisi
368 2260 492 2313 secrmdim
508 2259 722 2311 transmutationem
738 2272 842 2324 corpora·

40 2341 87 2390 tem
99 2354 105 2387 :
119 2337 178 2386 unde
188 2334 266 2400 passio
275 2332 366 2400 proprie
385 2334 445 2383 dicta
465 2345 512 2383 non
523 2334 600 2395 potest
618 2335 746 2394 competere
758 2332 843 2383 auimo

42 2412 87 2463 uisi
108 2422 151 2474 per
168 2408 286 2469 accidens,
301 2406 326 2455 in
345 2409 453 2473 quantum
469 2403 557 2454 scilieet
574 2402 723 2466 compositum
748 2404 841 2467 patitur.

41 2484 87 2535 Sed
100 2480 125 2531 in
136 2482 178 2530 troc
189 2482 224 2529 est
235 2478 366 2540 diversitas3
380 2490 432 2527 nam
446 2476 536 2540 quando
543 2474 674 2538 hujusmodi
685 2474 842 2525 transmutatio

41 2559 65 2606 tit
77 2546 104 2605 in
118 2551 230 2611 deterius,
245 2549 316 2613 magis
335 2549 424 2615 proprii
440 2548 509 2599 habet
526 2544 636 2598 rationem
650 2546 761 2613 passionis
775 2544 842 2609 quim

40 2625 133 2692 quando
149 2623 173 2671 nt
187 2625 212 2672 in
225 2622 306 2672 melios
318 2637 323 2671 :
337 2622 396 2671 unde
416 2618 510 2670 tristitia
526 2618 599 2681 anagn
614 2617 703 2683 proprie
716 2621 752 2668 est
765 2616 842 2680 passio

41 2698 112 2764 quam
125 2693 212 2745 laetitia.

71 2770 107 2820 nd
125 2764 222 2831 primunr
240 2777 294 2827 engo
311 2764 442 2827 dicendum,
457 2764 517 2827 quod
530 2764 580 2827 pati
595 2762 717 2815 meandum
733 2761 792 2823 qued
806 2765 842 2812 est

40 2855 94 2894 carm
103 2837 228 2903 adjectione
238 2840 262 2887 et
273 2836 467 2898 transmutatione,
478 2836 595 2899 pmprium
605 2839 642 2887 est
651 2833 768 2897 materiae3
781 2834 841 2885 unde

41 2929 88 2967 uon
98 2910 213 2963 uremur
223 2908 269 2960 nisi
279 2907 304 2959 in
314 2907 444 2973 compositis
458 2920 487 2960 er
496 2908 591 2960 mamma
599 2912 623 2960 et
634 2908 715 2960 imma.
727 2906 773 2958 sed
782 2905 839 2971 pati,
