1984 3309
156 189 202 237 ιω
327 168 779 246 mffiwmmfflu

156 278 203 330 sint
209 275 331 341 singularia
340 293 347 340 3
356 276 423 340 prout
431 272 486 323 uero
496 272 596 324 rationes
606 272 731 325 futurorum
743 275 795 327 snut
805 272 957 343 uniuersales,

157 363 184 401 ea
197 348 282 401 directe
295 348 425 399 intellectus
437 349 464 395 ut
478 344 615 395 universalia
631 344 767 411 cognoscit.)

187 422 322 487 Respondeo
333 419 466 479 dicendum,
480 416 541 481 quod
555 418 582 467 de
596 418 723 481 cognitione
733 417 864 469 'futurorum
873 420 957 473 eodem

156 495 223 545 modo
231 493 415 557 distinguendum
422 493 457 540 est
463 489 521 539 sicut
529 490 557 539 de
566 488 693 553 cognitione
702 489 888 554 contingentium.
896 492 958 545 Nam

152 566 204 631 ipsa
217 567 301 629 lutura,
310 568 337 615 ut
350 568 393 614 suh
407 566 510 627 tempore
523 563 624 631 cadunt,
639 565 692 613 suut
705 562 845 627 singularia,
858 578 909 627 qne
922 565 960 615 in·

155 638 259 688 tellectus
278 639 393 687 humanus
412 648 458 685 non
478 632 608 697 cognoscit,
632 632 678 683 nist
696 646 738 699 per
753 634 918 699 reflexionem,
935 641 962 687 nt

156 710 224 775 snpra
237 710 368 760 dictumest
381 704 492 770 (arti).
507 704 614 756 Rationes
630 708 703 759 autem
720 706 846 759 futurorum
860 714 964 771 possunt

155 796 207 833 csse
217 781 367 840 universales,
377 783 400 829 et
409 778 525 829 intellectu
533 778 702 842 perceptibiles
715 782 737 829 et
746 778 774 829 de
783 778 811 829 iis
820 782 896 843 potest
906 794 960 832 esse

155 853 259 906 scientia.
274 854 303 903 Ut
320 856 397 901 tannen
415 849 568 901 communiter
582 852 610 901 de
628 849 758 912 cognitione
778 850 906 903 futurorum
927 854 963 905 lo-

155 940 264 991 quamur,
274 925 388 978 sciendum
398 926 434 973 est
445 922 507 987 qudd
517 922 593 976 lutura
603 922 721 987 dupliciter
732 922 836 987 cognosci
849 930 961 987 possunt.

157 999 207 1049 llno
220 996 301 1060 modo,
316 996 341 1045 in
357 994 454 1059 seipsis;
469 994 514 1045 alio
528 994 594 1045 modo
605 1032 611 1055 ,
624 994 648 1045 in
664 994 711 1045 suis
728 993 810 1062 capsis.
826 994 853 1044 ln
871 996 962 1061 seipsis

156 1071 248 1140 quidem
258 1069 332 1129 lutura
343 1067 449 1132 cognosci
460 1080 507 1118 uon
524 1070 620 1131 possunt
631 1066 675 1119 uisi
684 1065 698 1117 ι
706 1068 766 1131 lieo,
781 1066 885 1117 cui-suut
898 1082 964 1133 prac-

156 1142 244 1203 seutia‚
262 1140 399 1191 etiamdum
416 1139 440 1188 in
454 1154 521 1189 cursu
540 1152 613 1193 rerum
632 1142 685 1189 sunt
699 1139 787 1203 lutura,
802 1138 826 1189 iu
844 1145 962 1203 quantm

156 1214 207 1278 ejus
216 1216 315 1265 aeoernus
323 1211 419 1261 intuitus
428 1210 496 1276 simul
505 1211 574 1261 lectur
581 1224 649 1275 supra
656 1214 729 1261 toturn
738 1209 844 1275 temporis
853 1224 960 1277 cunum,

156 1283 262 1349 utsupra
280 1284 365 1335 dictum
378 1288 414 1333 est
427 1282 483 1347 (pu.
500 1285 544 1347 ll,
557 1286 599 1332 art.
620 1282 679 1347 ιι),
693 1281 746 1333 edm
764 1283 791 1333 de
804 1282 845 1332 lici
859 1282 964 1336 scientia

156 1360 270 1421 ageretur.
282 1355 326 1406 Sed
334 1359 400 1419 prout
410 1358 464 1405 sunt
473 1354 499 1403 in
512 1354 560 1405 suis
570 1353 654 1417 causis,
665 1354 771 1417 cognosci
782 1358 878 1417 possunt
887 1356 963 1407 etiarn

155 1428 253 1479 anobis.
264 1429 291 1478 Et
299 1427 319 1477 si
328 1426 419 1491 qudem
428 1426 453 1475 in
463 1426 511 1477 suis
521 1425 595 1494 cauds
606 1420 663 1489 sint,
672 1430 698 1475 ut
705 1439 732 1476 ex
745 1424 826 1489 ouibus
836 1438 867 1477 ex
876 1440 964 1479 neces·

158 1501 224 1559 silete
248 1499 397 1565 proueniant,
415 1501 580 1563 cognoscuntur
600 1510 641 1561 per
658 1497 818 1549 certitudinem
838 1498 964 1564 scientiam

62 1619 64 1624 .
157 1572 215 1625 sicut
229 1570 355 1633 astrologus
368 1569 534 1635 precognoscit
549 1568 652 1633 eclipsim
668 1570 775 1619 laturam.
795 1568 820 1619 Si
832 1573 913 1621 autem
929 1572 965 1623 sic

149 1644 203 1696 'sint
215 1644 239 1695 iu
250 1642 297 1693 suls
308 1641 391 1703 causis
405 1645 431 1692 ut
447 1643 475 1691 ab
485 1641 663 1707 eis‘proueniant
673 1646 698 1691 ut
710 1641 734 1691 in
746 1641 861 1709 pluribus3
877 1642 914 1694 sic
925 1659 966 1695 co-

158 1716 237 1779 gnosci
245 1720 340 1779 possunt
348 1727 388 1778 per
397 1714 517 1777 quamdam
525 1716 687 1779 conjecturam,
696 1715 733 1765 vel
744 1713 825 1779 magis,
834 1715 873 1767 vel
881 1716 966 1769 ,minus

156 1792 250 1850 cerem,
265 1786 389 1836 secundum
402 1787 463 1852 quod
475 1792 548 1837 causa
562 1789 629 1850 sunt,
641 1787 677 1837 uel
691 1786 772 1851 magis,
783 1786 820 1837 vel
833 1786 916 1841 minus
928 1789 966 1843 in-

158 1858 246 1912 cinare
260 1857 403 1909 adellectns.
750 1922 753 1927 Δ
874 1914 877 1919 Ι

188 1931 221 1981 ld
232 1929 329 1995 primum
345 1944 399 1994 ergo
413 1929 546 1995 dicendum,
562 1930 620 1995 quod
638 1931 694 1981 ratio
710 1930 749 1999 illa
762 1930 863 1995 procedit
878 1930 909 1983 de
925 1948 966 1985 co·

158 2002 258 2066 guillone
271 2016 322 2066 quae
334 2002 359 2052 fit
370 2016 410 2068 per
419 2003 521 2056 rationes
531 1999 669 2052 universales
683 2015 817 2064 causarum,
831 2016 862 2053 ex
876 2004 965 2067 quihus

157 2076 233 2126 ιιιιιιιιι
247 2074 353 2141 cognosci
367 2079 464 2141 possunt
478 2076 603 2141 noandum
616 2074 708 2127 modun]
721 2072 808 2127 ordinis
821 2074 922 2126 allectus
937 2078 966 2127 ad

157 2161 256 2200 cauam.
850 2148 856 2175 ¹

188 2222 221 2269 rld
236 2221 361 2271 secundum
378 2220 513 2285 dicendum,
525 2217 585 2283 quod
602 2218 663 2269 sicut
677 2216 816 2282 Augustinus
832 2218 891 2272 dicit
913 2220 965 2271 Xll.

158 2292 270 2368 Qoosess.
284 2295 337 2355 (l):
353 2293 459 2347 oduima
468 2292 538 2343 habet
553 2291 673 2355 quamdam
683 2290 730 2341 vinu
744 2290 827 2355 sortis,
841 2294 869 2341 ιιι
882 2304 915 2343 eu
930 2294 967 2345 sui

191 2436 223 2499 (1)
237 2441 268 2485 Ut
280 2445 315 2485 ‘ex
327 2440 369 2485 lib.
387 2442 430 2485 llll
444 2438 507 2495 prlds
523 2445 546 2485 et
563 2441 674 2497 impressa
692 2440 768 2485 omnia
784 2443 808 2485 et
825 2440 925 2497 gothica
945 2447 969 2487 et

157 2504 314 2559 manuscripta
331 2504 381 2559 ipsa
402 2503 562 2559 praenotabant
576 2502 600 2547 in
621 2507 700 2561 textu,
719 2515 762 2547 nec
781 2504 809 2547 ad
830 2505 969 2561 marginem

158 2565 258 2609 indicem
272 2566 342 2611 ullunr
356 2566 524 2624 adjungebam
540 2571 565 2611 ιιι
577 2578 619 2611 nec
631 2567 724 2611 omnino
738 2566 770 2610 ibi
780 2566 912 2623 quidquam
925 2580 968 2612 oc-

157 2629 229 2672 currit
240 2628 283 2672 huc
298 2628 423 2688 pertinens.
436 2632 472 2674 An
484 2628 543 2673 forte
560 2630 601 2673 ΧΗ
612 2628 708 2673 confuse
722 2629 832 2684 scripturn
842 2642 887 2685 pro
898 2627 969 2676 Vll?

158 2690 195 2735 Sic
207 2691 269 2734 enirn
284 2691 357 2736 solnm
371 2691 412 2735 lib.
430 2693 488 2749 Vll,
501 2703 553 2747 cap.
572 2690 600 2745 6,
616 2690 780 2747 aequivalenter
796 2692 898 2745 saltem,
915 2694 968 2736 uta

157 2752 305 2808 Vindiciano‚
317 2760 384 2799 acuto
393 2766 460 2812 sene,
470 2766 497 2799 ac
512 2754 634 2812 Nebridio,
649 2754 760 2799 mirabilis
770 2754 852 2799 animae
869 2755 970 2799 adoles-

158 2821 233 2869 cente,
242 2816 380 2860 inculcatum
389 2823 494 2873 usurpat,
504 2816 558 2872 conj
561 2821 654 2862 ceterae
664 2818 790 2861 dominum
797 2829 859 2874 sepe
872 2816 970 2862 debe-re

158 2878 209 2923 eim
220 2879 309 2929 cortu,
325 2882 347 2923 et
362 2877 450 2940 (mello
462 2878 581 2937 dicendo)
594 2880 647 2923 dici
657 2880 774 2937 pleraque
786 2884 896 2925 vectura
909 2892 969 2925 nes-

160 2940 278 2986 cientibus
295 2942 330 2987 eie
345 2943 390 2999 paee·
405 2941 527 2993 demeat,
539 2942 581 2987 etc.
600 2943 662 2997 Quod
677 2943 706 2988 ad
718 2942 813 2989 fallaces
827 2943 969 2988 Mathema-
