1984 3309
314 196 347 231 ns
363 196 441 232 nesus
456 196 547 233 nenne
563 197 621 234 nter.
841 192 871 237 53

50 283 113 327 terrae
123 288 153 326 ex
163 271 255 339 plantis
268 285 323 321 eam
332 272 499 335 prodaumodn
511 273 668 325 vestientibus.
679 276 707 324 Et
717 274 769 325 ideo
778 280 872 341 utraque

51 346 217 398 intermitasin
232 346 282 394 bac
299 343 370 392 tertia
382 342 418 393 die
431 349 567 394 removetur.
577 345 653 397 Prima
664 346 755 409 quidem
771 362 812 412 per
828 350 872 399 boc

52 420 113 482 quod
127 436 140 466 a
156 432 226 482 aquae
249 416 401 479 congregate
421 418 473 464 sunt
491 414 515 463 in
531 429 603 465 nuum
620 417 705 480 locum,
722 422 745 468 et
768 421 871 483 apparuit

53 491 132 552 arida3
146 507 160 535 n
174 489 288 539 secunda
306 484 364 535 verb
382 499 425 549 per
435 487 480 537 boc
494 488 554 549 quod
572 504 586 535 a
598 488 693 552 protulit
705 492 766 539 terra
779 491 872 540 herbam

56 563 175 611 ruentem.
188 578 204 607 n
225 560 278 609 Sed
294 562 376 607 mmeu
392 558 453 607 cirea
470 560 643 621 productionem
660 560 788 623 plantarum
807 563 873 612 aliter

55 634 159 695 opinatur
169 628 325 693 Augustinus
334 630 363 678 ab
373 628 433 677 aliis.
445 628 490 677 Alii
500 630 564 680 enim
574 630 715 693 expositores
725 632 803 681 dicunt
811 634 872 696 quod

55 707 137 768 plantae
153 704 283 769 productae
301 704 357 750 sunt
373 704 426 749 actu
438 700 463 749 in
480 700 528 751 suis
545 701 678 765 monichus,
692 704 735 752 bac
748 703 817 752 tertia
833 704 870 754 die

55 774 258 838 secundumquod
268 772 404 837 superficies
419 771 500 822 litterae
515 777 588 823 sonat.
604 773 742 836 Augustinus
753 778 829 825 autem
842 777 870 826 v.

56 852 137 913 Super
147 849 212 898 Gen.
226 844 266 894 ud
281 844 338 904 tit,
347 844 403 893 dicit
414 844 474 909 (cap.
485 845 510 908 t)
519 845 581 907 quod
591 846 710 895 causaliter
720 849 775 895 tunc
788 846 872 897 dictum

59 926 93 969 est
102 919 242 985 prnduuisse
258 920 346 966 terram
357 916 451 966 herbam
467 920 491 973 et
502 916 606 979 liguum,
616 916 692 980 idest,
707 919 874 981 «producendi

61 992 174 1056 accepisse
186 990 311 1039 virtutem.
319 1002 334 1033 »
342 988 372 1036 lit
379 989 423 1037 boc
431 988 522 1050 quidem
528 988 646 1037 mulirmat
656 990 787 1039 auctoritate
797 990 872 1054 Scrip-

61 1066 129 1125 ture3
143 1060 232 1111 dicitur
247 1060 313 1109 euim
328 1059 400 1118 Gen„
412 1060 449 1109 ll:
463 1076 477 1107 «
490 1061 540 1109 istan
555 1061 610 1109 suut
620 1060 778 1123 generationes
789 1062 841 1111 caeli
850 1067 875 1113 et

61 1136 138 1197 terrac,
149 1132 248 1197 quando
266 1135 350 1181 create
370 1133 436 1194 sunt,
450 1131 474 1181 in
489 1131 526 1180 die
539 1144 584 1194 quo
600 1132 661 1181 liene
676 1130 731 1181 lecit
748 1134 831 1182 coelum
849 1138 874 1183 et

62 1208 158 1270 terram3
178 1208 204 1255 et
220 1216 293 1273 omne
311 1201 436 1264 rugitum
448 1202 496 1266 agri
514 1206 635 1266 antequam
649 1203 745 1253 oriretur
757 1203 782 1253 in
795 1208 872 1267 terra,

63 1290 201 1340 omnemque
226 1274 327 1325 herbam
345 1272 447 1335 regionis
464 1273 597 1337 prinsquam
620 1274 765 1336 germinaret.
785 1278 874 1327 »ante

65 1360 116 1411 ergo
130 1362 201 1411 quam
223 1346 342 1397 orirentur
357 1358 426 1407 snper
443 1348 540 1407 terram,
557 1345 624 1395 tactae
643 1349 697 1395 sunt
710 1346 830 1396 causaliter
848 1347 874 1397 iu

67 1423 132 1470 terra.
141 1418 300 1470 confirmatur
313 1421 391 1466 autem
410 1417 452 1466 bne
465 1416 534 1467 etiam
549 1417 652 1479 ratione,
667 1417 720 1480 quia
733 1417 757 1466 iu
770 1419 815 1469 illis
828 1420 875 1484 pri·

71 1490 111 1541 mia
120 1490 199 1543 diebus
208 1488 317 1543 madidis
326 1488 386 1539 Deus
395 1491 521 1537 creaturam
532 1488 686 1551 originaliter,
699 1490 737 1539 uel
745 1491 873 1555 causaliter,

72 1558 85 1609 i
97 1574 138 1625 gno
149 1575 222 1627 opere
235 1560 384 1625 postmodum
396 1558 522 1623 requievit,
537 1558 578 1623 qui
587 1562 664 1610 nmen
677 1560 828 1623 postmodum,
839 1576 875 1614 se·

72 1634 165 1685 cundum
179 1630 409 1685 administrationem
426 1644 500 1681 rerum
513 1631 656 1681 conditarum
673 1646 715 1695 per
725 1646 782 1695 opus
792 1647 876 1698 propa-

70 1705 163 1766 punis
179 1717 258 1769 neque
276 1704 345 1755 modo
361 1705 475 1766 emeatus.
497 1704 624 1753 Producere
644 1708 720 1753 autem
739 1705 828 1768 plantas
845 1718 875 1755 ex

71 1777 126 1827 terra
142 1776 171 1827 ad
189 1790 250 1841 opus
265 1773 438 1839 propagationis
451 1774 559 1838 pertinet.
574 1775 625 1824 Non
642 1788 696 1835 ergo
714 1775 740 1824 in
755 1776 823 1826 tertia
839 1777 875 1828 die

72 1848 182 1907 pmdnctn
197 1851 254 1897 sunt
268 1847 353 1909 plantae
364 1845 389 1894 iu
403 1849 468 1908 actu,
479 1847 519 1896 sed
530 1844 652 1895 causaliter
658 1848 754 1896 tantum.
767 1848 875 1907 Quamvis

72 1920 191 1969 meandum
202 1918 262 1968 alios
269 1916 314 1967 dici
323 1917 407 1981 possit,
419 1918 478 1980 quod
491 1917 567 1981 prima
580 1916 692 1967 institutio
702 1919 836 1983 specierum,
846 1921 875 1970 ad

72 2000 136 2051 opera
150 2004 192 2041 sex
209 1989 299 2040 dierum
316 1988 431 2053 pertinen
446 1988 486 2037 sed
502 1991 562 2051 quod
575 2002 605 2039 ex
622 1989 742 2052 speciebus
755 1989 828 2052 primb
841 1991 876 2040 iu·

73 2059 152 2112 stitutis
160 2060 280 2126 generatio
291 2059 404 2110 similium
416 2058 441 2107 in
452 2061 529 2122 speeie
537 2059 654 2124 procedat,
665 2061 709 2109 boc
716 2062 765 2123 jam
777 2060 875 2123 pertinet

73 2132 99 2181 ad
117 2147 192 2183 rerum
206 2132 438 2183 administrationem.
453 2132 482 2180 Et
492 2132 536 2181 lanc
552 2133 659 2195 estquod
672 2131 787 2195 Scriptura
800 2132 854 2182 dicit
867 2148 873 2182 ε

75 2206 225 2267 numquam
240 2203 357 2253 orirentur
369 2216 438 2265 super
453 2206 551 2265 terram,
563 2203 601 2253 uel
620 2205 741 2265 artemam
759 2203 875 2266 germina·

75 2279 129 2333 rent,
138 2292 151 2321 n
160 2275 236 2338 idest,
246 2292 261 2323 o
269 2279 394 2337 antequam
405 2286 435 2323 er
443 2274 556 2323 similibus
564 2272 648 2323 similia
657 2274 850 2337 producerentur:
860 2292 874 2322 n

76 2346 128 2397 sicud
142 2360 205 2397 nunc
224 2348 362 2397 naturaliter
377 2346 428 2395 lleri
441 2344 543 2395 uidemus
564 2346 686 2396 monadum
700 2346 759 2395 uiam
780 2346 877 2397 semina-

77 2416 145 2469 tionis
158 2420 224 2470 Unde
233 2419 355 2480 signanter
366 2417 482 2481 Scriptura
490 2416 556 2466 dicit:
570 2417 703 2467 «Germiuet
716 2421 774 2467 terra
785 2419 875 2469 barbam

77 2488 182 2541 uirentem
202 2495 226 2541 et
247 2490 373 2540 facientem
388 2502 481 2549 mmen,
496 2504 510 2534 n
525 2488 578 2551 quia
595 2487 681 2538 scilicet
694 2492 746 2539 sunt
761 2490 875 2553 producte

77 2562 178 2623 perfecte
192 2563 280 2627 species
293 2563 434 2628 plantarum,
449 2574 477 2610 er
491 2560 574 2623 quibus
586 2559 673 2611 semina
686 2560 782 2610 aliarum
791 2561 877 2612 oriren-

76 2634 117 2683 tur.
136 2636 183 2684 Nec
198 2634 268 2684 retent
281 2633 421 2695 ubicumque
441 2632 540 2681 babeant
553 2632 598 2681 vim
610 2631 783 2695 seminativum,
799 2637 876 2683 utrum

77 2702 147 2755 scilice
163 2704 189 2754 in
203 2704 292 2766 radice,
307 2704 346 2754 vel
360 2703 387 2752 iu
397 2702 489 2765 stipite,
504 2704 542 2753 vel
555 2703 580 2752 iu
593 2704 677 2754 fructu.

104 2776 136 2825 td
149 2776 250 2841 primum
262 2789 318 2839 ergo
328 2774 464 2832 dicendum,
473 2770 533 2837 qubd
544 2775 592 2824 vita
602 2774 628 2825 in
639 2774 724 2839 phalis
736 2780 770 2825 est
778 2776 875 2837 occultu

79 2846 126 2909 pta
139 2850 218 2897 narem
230 2847 298 2896 locali
311 2850 375 2896 motu
389 2850 412 2895 et
425 2858 510 2907 sensu,
526 2845 607 2908 quibus
621 2846 746 2895 auimatum
761 2846 789 2895 ab
802 2844 878 2894 inani·

81 2924 136 2969 rnatu
144 2916 245 2969 maxime
252 2916 509 2981 distinguiturdltiden,
517 2916 571 2979 quia
579 2915 725 2967 immobiliter
733 2920 798 2963 tenne
807 2915 877 2964 inbae-
