1984 3309
102 149 106 157 ’
204 145 236 216 u⁸r
252 180 416 218 0000000000
430 179 549 221 uuonan
564 179 718 218 0000000000.
819 174 864 220 tta

56 259 148 308 minare
169 270 254 320 eorpus
266 258 325 320 qnod
339 257 465 308 inlumina
482 257 572 320 delicit,
587 257 646 308 sioni
662 258 697 308 sol
716 257 803 308 lunam.
818 261 865 310 Sed

54 330 192 393 superiores
204 330 319 379 daemones
332 332 404 392 magis
415 329 531 378 abundant
546 328 570 378 in
581 327 756 394 participatione
770 328 862 380 laminis

54 399 180 449 naturalis.
193 399 254 461 0000
267 399 357 450 ridetur
370 397 431 462 0000
448 398 578 463 superiores
591 399 707 453 demones
720 404 817 464 possunt
828 399 865 450 in-

54 471 154 521 feriores
168 469 307 520 illuminare.

86 543 134 592 sad
148 545 231 592 eontra
245 557 253 588 a
269 541 407 592 illuminatio
417 546 453 592 est
463 556 514 592 eonn
529 542 662 607 purgaiiono
678 545 701 592 et
712 541 862 606 perfectione,

55 613 165 678 utsupra
177 613 265 663 dietum
279 617 315 663 est
328 615 386 678 (00.
400 618 461 677 100,
477 619 545 665 anit
560 619 583 664 et
597 612 639 677 2).
652 613 696 664 Sed
708 625 805 678 purgare
818 627 865 665 non

54 685 168 737 convenit
181 685 337 749 demonibus,
349 686 474 737 seeundum
486 686 543 738 illud
557 687 659 740 Euclea„
675 685 782 736 XXXIV:
801 702 815 732 u
831 687 865 736 dli

54 757 179 809 immundo
194 757 253 820 quid
268 757 428 808 mundabitur?
445 774 460 804 »
476 758 536 821 Ergo
553 757 622 808 aliam
635 769 711 820 neque
726 755 863 807 illuminare.

87 828 250 892 (Coucsusro.
263 857 294 866 -
307 829 416 887 Quamvis
430 844 471 894 per
490 830 590 893 aliquam
609 827 712 878 ueritatis
727 825 864 878 0000110000·

54 900 145 950 tionem
156 899 204 952 sibi
216 900 317 952 innieem
328 902 406 951 lumen
419 905 530 965 prestare
545 901 667 951 videantur
680 900 806 959 demones,
818 912 864 948 000

55 974 133 1022 laum
154 971 289 1022 illuminant
309 971 413 1036 proprie,
432 972 485 1022 0000
506 971 582 1022 omnia
600 970 614 1020 a
632 972 678 1020 lieo
697 973 798 1020 auertere
817 973 865 1020 stn-

55 1043 154 1099 deant.)

88 1116 230 1180 despondeo
249 1115 368 1166 doeuduu
375 1152 384 1178 ,
402 1115 463 1178 0000
476 1115 501 1164 in
513 1114 651 1166 daemonibus
667 1127 712 1166 non
725 1115 865 1176 potestesse

55 1191 197 1240 illuminatio
207 1189 310 1253 proprie.
322 1189 412 1240 llietum
424 1193 461 1240 est
475 1190 538 1239 enim
554 1187 621 1252 supra
633 1189 689 1253 (qu.
700 1191 756 1248 100,
770 1191 813 1237 art.
823 1185 863 1250 0),

56 1262 118 1324 0000
133 1261 274 1312 illuminatio
286 1261 378 1325 proprii
391 1265 428 1312 est
441 1260 595 1312 manifestatio
608 1259 725 1322 0000000,
740 1257 864 1310 secundiani

55 1333 119 1396 0000
138 1333 210 1384 hahet
226 1332 330 1382 ordinem
346 1333 374 1382 ad
395 1333 483 1392 00000,
505 1332 545 1396 qui
561 1331 674 1382 illuminat
691 1341 781 1379 omnem
799 1329 866 1378 iutel-

56 1405 153 1456 leelnm.
171 1405 222 1454 Alia
236 1407 312 1453 autem
327 1400 595 1454 manifestatio-ueritatis
612 1403 753 1465 potestesse
770 1399 864 1462 locutio,

56 1477 117 1526 sieut
125 1475 181 1526 0000
191 1489 252 1526 unam
260 1475 356 1539 angelus
366 1476 430 1526 alleri
439 1489 506 1527 snum
518 1475 652 1538 0000001000
664 1469 800 1520 manifestat.
812 1470 867 1520 Per·

56 1549 156 1600 versitas
173 1552 251 1598 autem
263 1548 394 1613 demonum
410 1549 455 1598 000
471 1548 556 1606 habel,
573 1544 635 1611 0000
652 1556 713 1592 0000
732 1541 802 1592 aiom
818 1555 865 1592 uon

58 1619 157 1671 intendit
173 1619 279 1670 ordinare
293 1618 322 1667 ad
332 1620 412 1682 00000,
422 1619 463 1669 sed
479 1619 553 1682 magis
565 1617 594 1668 00
603 1615 682 1666 ordine
699 1613 777 1664 000100
793 1613 865 1662 aldu-

56 1705 121 1742 oere:
136 1695 161 1742 et
172 1691 227 1741 ideo
240 1704 301 1740 unus
308 1691 398 1741 damon
407 1690 478 1739 aliurn
491 1703 538 1739 uon
553 1686 678 1749 illuminat;
694 1686 734 1736 sed
747 1698 807 1735 nnus
823 1684 866 1734 alii

58 1777 128 1813 sunna
139 1765 277 1827 conceptum
290 1775 333 1826 por
343 1762 435 1812 modum
448 1759 569 1812 locutionis
581 1759 688 1810 intimare
702 1759 787 1822 polest.

88 1836 125 1885 10
144 1833 247 1898 primum
264 1846 322 1898 ergo
336 1832 460 1884 disemum
465 1870 474 1896 ,
494 1832 556 1895 0000
572 1844 621 1882 non
636 1828 743 1894 quelibet
761 1825 864 1879 0000000

59 1905 217 1956 manifestatio
239 1905 308 1955 habet
326 1905 438 1956 rationem
456 1901 642 1962 illuminationis,
662 1902 703 1952 sad
722 1899 795 1952 solim
814 1911 868 1966 000

60 1978 118 2028 dieta
131 1981 177 2028 est.
487 1977 490 1983 '

90 2051 126 2100 ad
140 2049 268 2100 00000000]
281 2047 416 2109 dicendum,
435 2047 495 2111 0000
510 2043 635 2096 secundiano
648 2055 675 2092 ea
689 2053 739 2106 000
754 2041 783 2089 00
798 2039 865 2088 nalu-

61 2121 131 2171 ralern
146 2121 304 2184 cognitionem
316 2119 444 2183 pertinent,
454 2132 501 2168 non
515 2119 550 2166 est
565 2112 693 2166 necessaria
709 2108 865 2160 manifestatio

62 2193 178 2256 0000000,
191 2205 267 2255 noque
277 2191 303 2240 in
313 2190 413 2254 angelis,
425 2190 500 2252 00000
511 2187 535 2236 iu
551 2184 704 2246 deuouibus3
718 2181 790 2246 qnia,
807 2178 868 2230 0000

62 2263 138 2329 snpra·
145 2264 232 2314 dietum
242 2265 277 2313 ast
285 2261 330 2327 (ll,
346 2261 423 2312 stadm
434 2261 448 2310 a
458 2257 572 2324 principio
584 2269 631 2306 000
642 2251 779 2304 condi-lionis
791 2249 868 2330 omnia

63 2338 220 2400 mguoumnnt
230 2347 282 2396 000
292 2335 320 2382 ad
331 2333 456 2382 naturalem
472 2328 627 2404 0000000000
637 2323 767 2390 pertinenia
782 2325 805 2403 el
815 2322 868 2402 ideo

63 2409 136 2472 naaion
159 2405 279 2472 plenitudo
300 2402 410 2453 naturalis
430 2401 542 2464 luminis,
559 2400 647 2464 quaeest
670 2395 695 2446 in
714 2393 869 2458 superioribus

63 2477 217 2539 demonibus,
229 2488 277 2524 non
292 2476 369 2538 potest
387 2486 438 2524 esse
451 2473 510 2522 ratio
530 2467 712 2522 illuminationis.
809 2487 816 2501 r

98 2658 129 2721 ll)
145 2662 204 2705 Tum
218 2671 259 2716 00.
271 2655 311 2711 55,
326 2661 370 2701 art.
382 2657 407 2713 Ξ,
416 2656 457 2701 ubi
468 2653 570 2700 omniurn
582 2663 658 2698 renum
673 2647 787 2706 ingenitas
804 2643 871 2688 ideas

66 2724 102 2767 aul
117 2723 210 2781 speeies
224 2723 254 2766 ab
265 2720 331 2765 initio
345 2719 453 2764 habuisse
468 2719 586 2769 dicuntur;
601 2721 650 2760 turn
667 2725 706 2769 00.
727 2709 767 2782 58,
782 2712 826 2752 art.
838 2703 867 2760 1,

67 2786 106 2830 uhi
119 2791 229 2842 respectu
247 2792 325 2832 renum
338 2780 371 2840 ad
381 2791 440 2838 0000
451 2793 532 2825 eornm
545 2778 646 2836 oognitio
663 2773 775 2820 naturalis
790 2773 872 2840 exten·

69 2847 122 2892 dere
132 2861 158 2893 se
171 2852 264 2905 potest,
274 2856 393 2900 nunqnam
402 2845 426 2888 in
436 2843 540 2900 potentia
554 2841 626 2886 luisse
635 2837 797 2888 ostenduntur,
811 2833 871 2874 siout

69 2910 98 2954 ad
112 2924 143 2956 ea
158 2924 210 2969 0000
229 2921 273 2968 per
282 2909 450 2961 revelationem
466 2908 632 2964 0000000000.
