1984 3309
256 213 292 250 os
306 212 469 252 enormium!
483 213 639 254 merosus.
799 209 846 258 tsi

49 291 90 338 too
106 288 192 339 mount
205 286 343 352 opimis,
358 294 386 340 ut
403 303 445 354 per
459 291 552 356 seipso
574 292 715 344 familiariter
738 297 847 348 eooedere

48 359 134 422 possint
146 360 177 410 ed
191 373 269 423 regem
283 361 321 412 uel
337 363 425 412 lucem.
445 362 541 422 Quinam
557 362 612 414 uero
625 377 692 429 super
705 366 749 416 lton
761 367 854 433 habent

49 432 146 486 oetan
159 435 249 482 weron
259 431 311 496 ejus
319 438 465 497 cognoscant.
476 434 521 484 otii
531 433 585 486 vero
596 435 687 500 insuper
701 437 760 487 eirca
770 439 846 502 ipsum

51 518 136 570 semper
150 505 264 559 inherent
276 505 341 570 quusi
354 507 376 556 ei
391 507 517 571 conjuncti.
533 508 562 556 lit
575 508 700 559 seooodim
713 511 771 560 hano
783 510 846 560 simi·

47 576 163 629 titudinem
176 577 282 640 aooipere
290 590 411 640 possm
420 579 593 642 dispositionem
604 579 628 630 in
637 581 754 632 ordinibus
766 582 845 646 prium

50 649 187 700 liemrelrie.
207 649 264 698 Nom
281 648 373 699 Tironi
388 650 507 700 elevantur
520 651 549 700 ud
560 653 605 702 hoe
622 651 682 715 quod
699 653 769 702 lleurn
781 653 847 703 lumi·

49 719 131 770 liariter
144 719 171 776 io
182 719 267 782 seipsis
275 719 402 784 recipiunt,
414 721 539 772 secundinm
553 721 612 786 quod
627 723 726 775 rationes
735 737 810 776 rerum
821 725 847 776 in

49 790 96 853 ipso
110 789 243 842 immediati
258 805 395 856 cognoscere
405 795 516 856 pomurm,
529 795 589 858 quod
600 799 635 844 est
651 795 766 859 proprium
775 796 847 847 totius

50 864 126 924 prime
149 863 290 916 hierarchiae
313 864 447 915 Cterubtm
470 865 527 918 uero
553 867 747 922 supereminenter
769 868 847 918 divina

51 939 135 984 secreta
145 938 295 998 cognoscunt.
309 937 444 1000 Seroptlm
455 937 511 988 uero
523 937 636 987 excellunt
648 938 671 987 iu
687 940 730 988 troo
740 941 799 1004 quod
813 944 848 990 est

52 1005 305 1071 omniomsupremum,
320 1007 408 1058 scilieet
420 1009 467 1059 lieo
478 1008 524 1074 ipsi
535 1009 607 1072 uniri3
623 1013 648 1059 ul
663 1011 696 1060 sio
705 1011 733 1060 ab
742 1023 772 1060 eo
786 1013 846 1075 quod

49 1082 82 1126 ost
92 1091 213 1130 commune
225 1079 267 1129 toti
282 1079 661 1144 hmmrehia‚deuomiuetrirordo
675 1083 844 1142 Ttroporam,

50 1149 106 1198 siout
116 1150 148 1202 alr
157 1164 187 1202 oo
199 1151 261 1214 morl
275 1154 310 1202 est
326 1163 447 1202 comum
459 1152 566 1204 omnibus
580 1153 709 1204 coelestibus
720 1153 846 1217 spiritibus,

49 1221 203 1273 denominatur
217 1224 273 1273 ordo
293 1223 456 1287 Angelorum.
472 1224 507 1274 td
523 1225 693 1288 gubernationis
712 1229 787 1275 autem
805 1239 847 1276 ra·

52 1292 131 1344 tionem
145 1294 191 1344 tria
207 1294 331 1359 pertinent.
349 1296 448 1354 Quorum
466 1295 564 1360 primum
584 1301 618 1346 est
636 1297 751 1348 distinctio
767 1310 845 1347 eornm

50 1379 96 1427 «pne
114 1366 203 1430 argeum
219 1369 289 1429 sunt,
303 1367 364 1429 qnod
380 1371 415 1417 est
435 1368 552 1432 proprium
572 1370 788 1418 Dominutionnm.
803 1369 846 1418 Se·

53 1440 147 1489 cundum
157 1441 235 1488 auem
250 1442 288 1488 est
304 1439 406 1502 praoere
422 1439 552 1490 facultatem
571 1440 599 1489 ad
619 1439 774 1504 implendum,
788 1440 848 1503 qrrod

53 1511 147 1571 pertinet
160 1511 191 1560 aul
212 1511 334 1561 Virtutes.
345 1509 445 1561 Tertium
457 1516 534 1562 autem
548 1515 582 1562 est
599 1511 702 1562 ordinare
717 1512 812 1576 qualiter
821 1525 848 1562 ea

52 1595 98 1643 qne
116 1586 232 1647 prouentu
251 1582 290 1633 uel
310 1583 492 1647 diffinitarum,
509 1583 712 1648 impuriensem,
734 1587 758 1634 ul
781 1585 849 1648 ntiqui

54 1658 201 1716 eloquentum
217 1656 243 1704 ot
257 1655 300 1704 noe
316 1654 415 1718 pertinet
434 1657 461 1705 ad
478 1659 624 1706 soporatos.
645 1656 753 1707 Exeoulio
772 1661 847 1706 autern

53 1724 201 1786 angelicorum
213 1724 390 1776 ministeriorum
401 1727 506 1778 consistit
518 1729 542 1778 in
553 1727 708 1778 annrintiamlo
721 1729 812 1793 ‹livina3
824 1727 847 1778 iu

52 1797 182 1848 executione
189 1800 267 1847 autem
273 1797 394 1861 cujuslibet
404 1803 469 1849 actus
476 1803 530 1849 sunt
539 1799 630 1863 uiridem
637 1800 702 1863 quusi
712 1801 848 1864 incipientes

55 1867 176 1928 notionem,
191 1871 216 1918 et
226 1868 283 1920 ulios
295 1869 485 1927 ducentesimum
499 1871 523 1920 in
538 1875 606 1920 osuiu
619 1876 780 1934 preceptores,
790 1877 812 1922 ei
824 1873 848 1921 iu

57 1939 151 1990 lelollli
159 1939 201 2004 qni
212 1939 270 1990 alios
279 1940 366 1990 iumut
376 1945 399 1990 et
407 1941 508 2003 dirigunt
518 1957 523 1990 :
534 1945 559 1992 et
568 1943 612 1992 lroe
623 1943 723 2006 pertinet
734 1943 761 1990 nd
774 1945 848 1990 Prin-

53 2013 155 2073 ciputus.
175 2012 221 2062 Alii
237 2011 293 2062 uero
310 2017 364 2062 sunt
380 2013 419 2076 qni
438 2011 572 2077 simpliciter
590 2018 747 2076 exequentem
765 2019 788 2064 et
805 2015 849 2064 lioo

54 2084 146 2143 pertinet
160 2085 189 2135 ad
202 2085 315 2150 Angelos.
332 2084 377 2134 atii
392 2085 446 2135 uero
462 2084 538 2136 medio
553 2085 619 2136 modo
637 2099 662 2134 so
677 2086 775 2147 liabent3
788 2085 849 2147 quod

54 2156 78 2202 aul
92 2157 247 2218 lmnungetos
259 2156 374 2220 pertinet,
389 2159 415 2206 ut
428 2156 594 2220 supremorum
607 2161 642 2206 est
656 2156 716 2219 (nrt.
733 2159 746 2202 o
763 2157 790 2205 ad
806 2154 846 2218 l).

54 2225 165 2278 Invenitur
173 2231 252 2278 autom
261 2241 361 2290 uougrua
371 2229 422 2278 hee
431 2227 536 2277 ordinum
548 2227 679 2290 assignatio.
694 2227 750 2276 Nam
760 2237 849 2290 semper

55 2311 163 2348 summum
171 2298 286 2350 interioris
295 2299 379 2350 ordinis
395 2297 530 2349 affinitatem
544 2299 613 2347 habet
625 2311 676 2347 oum
690 2299 770 2349 ultimo
780 2313 848 2362 supe·

54 2368 128 2420 rioris:
145 2371 207 2420 mont
216 2370 298 2420 infima
310 2371 417 2421 animula
434 2382 515 2434 parum
529 2369 615 2419 distant
626 2367 639 2419 l
652 2369 745 2432 plantis.
761 2371 848 2422 Primus
871 2384 873 2388 ·

55 2445 125 2491 antem
135 2443 191 2494 ordo
200 2445 237 2493 est
247 2442 376 2492 diuinarum
386 2453 535 2506 persouemm
541 2475 550 2503 ,
562 2439 602 2502 qui
610 2441 744 2491 terminatur
756 2443 784 2492 ad
797 2443 849 2507 Spi-

55 2511 117 2562 ritum
128 2517 250 2575 sanetum,
264 2514 305 2576 qui
316 2518 352 2564 est
361 2527 423 2564 amor
433 2512 575 2578 proceleus3
590 2525 641 2562 oum
653 2525 697 2576 quo
714 2512 849 2562 affinitatem

56 2583 117 2633 tabet
131 2599 254 2650 supremus
272 2586 329 2637 ordo
343 2586 421 2650 prime
436 2584 583 2647 trinorchio,
599 2585 627 2634 ab
644 2584 748 2635 inpendio
766 2585 849 2635 amoris

56 2654 217 2708 denominatus.
227 2658 323 2720 lnlimus
335 2662 411 2708 aulem
422 2658 477 2709 ordo
490 2656 570 2721 prime
582 2656 714 2708 hierarchiae
724 2661 760 2708 est
775 2658 849 2706 Tiron-

57 2740 154 2789 nnrum,
166 2729 205 2794 qui
221 2743 250 2780 ex
264 2743 305 2780 suo
322 2729 400 2779 ordine
413 2729 498 2779 liabent
515 2729 634 2791 quamdam
648 2728 780 2779 affinitatem
797 2741 849 2776 oum

57 2797 284 2851 Dominotr'onibus.
296 2801 353 2850 Nam
364 2799 447 2850 Turoni
456 2799 560 2849 dionmm
570 2799 693 2850 munorum
703 2798 847 2860 Gregorius,

59 2885 71 2914 u
80 2885 117 2933 per
129 2887 187 2937 quos
200 2875 261 2923 Deos
270 2885 311 2922 sua
318 2869 404 2935 judicia
417 2874 517 2922 exerent.
534 2870 678 2935 »incipiunt
689 2870 749 2920 enim
760 2868 850 2916 divinas
882 2877 905 2901 v

59 2938 226 2999 illuminationes
239 2956 280 3008 per
296 2942 481 2996 conuenientium
494 2942 523 2993 al
537 2941 666 2994 immediate
677 2937 849 2992 illuminandum
