<?xml version="1.0" encoding="UTF-8"?>
<!DOCTYPE html PUBLIC "-//W3C//DTD XHTML 1.0 Transitional//EN"
    "http://www.w3.org/TR/xhtml1/DTD/xhtml1-transitional.dtd">
<html xmlns="http://www.w3.org/1999/xhtml" xml:lang="en" lang="en">
 <head>
  <title>
</title>
<meta http-equiv="Content-Type" content="text/html;charset=utf-8" />
  <meta name='ocr-system' content='tesseract 3.04.00' />
  <meta name='ocr-capabilities' content='ocr_page ocr_carea ocr_par ocr_line ocrx_word'/>
</head>
<body>
  <div class='ocr_page' id='page_1' title='image "./summatheologica00nicogoog_0310.png"; bbox 0 0 1984 3309; ppageno 0'>
   <div class='ocr_carea' id='block_1_1' title="bbox 158 159 854 226">
    <p class='ocr_par' dir='ltr' id='par_1_1' title="bbox 158 159 854 226">
     <span class='ocr_line' id='line_1_1' title="bbox 158 159 854 226; baseline 0.007 -16"><span class='ocrx_word' id='word_1_1' title='bbox 158 170 277 217; x_wconf 78' lang='lat' dir='ltr'>cuonone</span> <span class='ocrx_word' id='word_1_2' title='bbox 289 170 366 213; x_wconf 78' lang='lat' dir='ltr'>uncus</span> <span class='ocrx_word' id='word_1_3' title='bbox 378 170 551 213; x_wconf 71' lang='lat' dir='ltr'>rennuerunt</span> <span class='ocrx_word' id='word_1_4' title='bbox 564 159 678 226; x_wconf 80' lang='lat' dir='ltr'>cnrsin,</span> <span class='ocrx_word' id='word_1_5' title='bbox 693 175 746 214; x_wconf 78' lang='lat' dir='ltr'>erc.</span> <span class='ocrx_word' id='word_1_6' title='bbox 809 168 854 216; x_wconf 78' lang='lat' dir='ltr'>ool</span> 
     </span>
    </p>
   </div>
   <div class='ocr_carea' id='block_1_2' title="bbox 54 249 855 389">
    <p class='ocr_par' dir='ltr' id='par_1_2' title="bbox 54 249 855 389">
     <span class='ocr_line' id='line_1_2' title="bbox 54 249 855 319; baseline 0.009 -19"><span class='ocrx_word' id='word_1_7' title='bbox 54 249 168 314; x_wconf 85' lang='lat' dir='ltr'>cognosci.</span> <span class='ocrx_word' id='word_1_8' title='bbox 176 250 223 301; x_wconf 85' lang='lat' dir='ltr'>Sed</span> <span class='ocrx_word' id='word_1_9' title='bbox 233 250 323 301; x_wconf 80' lang='lat' dir='ltr'>halitus</span> <span class='ocrx_word' id='word_1_10' title='bbox 335 251 416 302; x_wconf 81' lang='lat' dir='ltr'>anime</span> <span class='ocrx_word' id='word_1_11' title='bbox 425 252 601 317; x_wconf 78' lang='lat' dir='ltr'>presentialiter</span> <span class='ocrx_word' id='word_1_12' title='bbox 608 266 649 319; x_wconf 89' lang='lat' dir='ltr'>per</span> <span class='ocrx_word' id='word_1_13' title='bbox 660 266 725 303; x_wconf 83' lang='lat' dir='ltr'>suem</span> <span class='ocrx_word' id='word_1_14' title='bbox 733 254 855 308; x_wconf 80' lang='lat' dir='ltr'>essentiam</span> 
     </span>
     <span class='ocr_line' id='line_1_3' title="bbox 54 320 775 389; baseline 0.008 -16"><span class='ocrx_word' id='word_1_15' title='bbox 54 326 103 374; x_wconf 85' lang='lat' dir='ltr'>sunt</span> <span class='ocrx_word' id='word_1_16' title='bbox 117 322 142 371; x_wconf 90' lang='lat' dir='ltr'>in</span> <span class='ocrx_word' id='word_1_17' title='bbox 156 320 243 372; x_wconf 79' lang='lat' dir='ltr'>anima</span> <span class='ocrx_word' id='word_1_18' title='bbox 258 322 317 386; x_wconf 85' lang='lat' dir='ltr'>lirgo</span> <span class='ocrx_word' id='word_1_19' title='bbox 330 334 372 387; x_wconf 89' lang='lat' dir='ltr'>per</span> <span class='ocrx_word' id='word_1_20' title='bbox 383 332 448 373; x_wconf 56' lang='lat' dir='ltr'>‘suain</span> <span class='ocrx_word' id='word_1_21' title='bbox 465 324 588 375; x_wconf 76' lang='lat' dir='ltr'>essentiam</span> <span class='ocrx_word' id='word_1_22' title='bbox 601 327 775 389; x_wconf 81' lang='lat' dir='ltr'>cognoscuntur.</span> 
     </span>
    </p>
   </div>
   <div class='ocr_carea' id='block_1_3' title="bbox 82 378 954 461">
    <p class='ocr_par' dir='ltr' id='par_1_3' title="bbox 82 378 954 461">
     <span class='ocr_line' id='line_1_4' title="bbox 82 378 954 461; baseline 0.008 -16"><span class='ocrx_word' id='word_1_23' title='bbox 82 398 104 445; x_wconf 85' lang='lat' dir='ltr'>t.</span> <span class='ocrx_word' id='word_1_24' title='bbox 122 396 253 457; x_wconf 70' lang='lat' dir='ltr'>neena,</span> <span class='ocrx_word' id='word_1_25' title='bbox 272 396 467 461; x_wconf 77' lang='lat' dir='ltr'>«propterquod</span> <span class='ocrx_word' id='word_1_26' title='bbox 490 397 666 461; x_wconf 85' lang='lat' dir='ltr'>unumquodque</span> <span class='ocrx_word' id='word_1_27' title='bbox 684 398 746 460; x_wconf 78' lang='lat' dir='ltr'>tale,</span> <span class='ocrx_word' id='word_1_28' title='bbox 761 401 785 449; x_wconf 95' lang='lat' dir='ltr'>et</span> <span class='ocrx_word' id='word_1_29' title='bbox 799 400 854 451; x_wconf 90' lang='lat' dir='ltr'>iilud</span> <span class='ocrx_word' id='word_1_30' title='bbox 950 378 954 385; x_wconf 38' lang='lat'><strong><em>¹</em></strong></span> 
     </span>
    </p>
   </div>
   <div class='ocr_carea' id='block_1_4' title="bbox 52 466 863 2987">
    <p class='ocr_par' dir='ltr' id='par_1_4' title="bbox 52 466 856 674">
     <span class='ocr_line' id='line_1_5' title="bbox 53 466 856 535; baseline 0.01 -22"><span class='ocrx_word' id='word_1_31' title='bbox 53 466 131 530; x_wconf 84' lang='lat' dir='ltr'>magis.</span> <span class='ocrx_word' id='word_1_32' title='bbox 142 481 158 513; x_wconf 81' lang='lat' dir='ltr'>n</span> <span class='ocrx_word' id='word_1_33' title='bbox 173 468 220 517; x_wconf 83' lang='lat' dir='ltr'>sed</span> <span class='ocrx_word' id='word_1_34' title='bbox 231 480 270 517; x_wconf 88' lang='lat' dir='ltr'>res</span> <span class='ocrx_word' id='word_1_35' title='bbox 283 468 334 519; x_wconf 84' lang='lat' dir='ltr'>uliae</span> <span class='ocrx_word' id='word_1_36' title='bbox 347 471 514 531; x_wconf 88' lang='lat' dir='ltr'>cognoscuntur</span> <span class='ocrx_word' id='word_1_37' title='bbox 525 470 555 519; x_wconf 80' lang='lat' dir='ltr'>alo</span> <span class='ocrx_word' id='word_1_38' title='bbox 568 470 644 521; x_wconf 70' lang='lat' dir='ltr'>minua</span> <span class='ocrx_word' id='word_1_39' title='bbox 656 474 749 535; x_wconf 89' lang='lat' dir='ltr'>propter</span> <span class='ocrx_word' id='word_1_40' title='bbox 764 470 856 526; x_wconf 82' lang='lat' dir='ltr'>halitus</span> 
     </span>
     <span class='ocr_line' id='line_1_6' title="bbox 53 538 856 611; baseline 0.011 -24"><span class='ocrx_word' id='word_1_41' title='bbox 53 540 77 587; x_wconf 87' lang='lat' dir='ltr'>et</span> <span class='ocrx_word' id='word_1_42' title='bbox 86 538 176 603; x_wconf 80' lang='lat' dir='ltr'>speeies</span> <span class='ocrx_word' id='word_1_43' title='bbox 187 538 354 603; x_wconf 66' lang='lat' dir='ltr'>intelligibiles.</span> <span class='ocrx_word' id='word_1_44' title='bbox 363 540 423 605; x_wconf 80' lang='lat' dir='ltr'>lingo</span> <span class='ocrx_word' id='word_1_45' title='bbox 433 539 479 593; x_wconf 87' lang='lat' dir='ltr'>ista</span> <span class='ocrx_word' id='word_1_46' title='bbox 490 540 576 606; x_wconf 65' lang='lat' dir='ltr'>magis</span> <span class='ocrx_word' id='word_1_47' title='bbox 589 554 631 611; x_wconf 84' lang='lat' dir='ltr'>pec</span> <span class='ocrx_word' id='word_1_48' title='bbox 642 542 730 610; x_wconf 86' lang='lat' dir='ltr'>seipsa,</span> <span class='ocrx_word' id='word_1_49' title='bbox 741 542 769 596; x_wconf 83' lang='lat' dir='ltr'>ab</span> <span class='ocrx_word' id='word_1_50' title='bbox 780 542 856 599; x_wconf 62' lang='lat' dir='ltr'>numa</span> 
     </span>
     <span class='ocr_line' id='line_1_7' title="bbox 52 615 230 674; baseline -0.011 -12"><span class='ocrx_word' id='word_1_51' title='bbox 52 615 230 674; x_wconf 60' lang='lat' dir='ltr'>monentur.</span> 
     </span>
    </p>

    <p class='ocr_par' dir='ltr' id='par_1_5' title="bbox 53 683 856 1038">
     <span class='ocr_line' id='line_1_8' title="bbox 82 683 855 753; baseline 0.012 -20"><span class='ocrx_word' id='word_1_52' title='bbox 82 683 125 733; x_wconf 84' lang='lat' dir='ltr'>Sed</span> <span class='ocrx_word' id='word_1_53' title='bbox 137 687 238 737; x_wconf 71' lang='lat' dir='ltr'>uonna:</span> <span class='ocrx_word' id='word_1_54' title='bbox 254 684 345 737; x_wconf 70' lang='lat' dir='ltr'>hebius</span> <span class='ocrx_word' id='word_1_55' title='bbox 357 688 413 739; x_wconf 87' lang='lat' dir='ltr'>sunt</span> <span class='ocrx_word' id='word_1_56' title='bbox 423 686 537 750; x_wconf 88' lang='lat' dir='ltr'>principia</span> <span class='ocrx_word' id='word_1_57' title='bbox 549 687 654 749; x_wconf 83' lang='lat' dir='ltr'>actuum,</span> <span class='ocrx_word' id='word_1_58' title='bbox 667 687 727 737; x_wconf 75' lang='lat' dir='ltr'>sinin</span> <span class='ocrx_word' id='word_1_59' title='bbox 737 690 760 737; x_wconf 91' lang='lat' dir='ltr'>et</span> <span class='ocrx_word' id='word_1_60' title='bbox 773 690 855 753; x_wconf 72' lang='lat' dir='ltr'>poten</span> 
     </span>
     <span class='ocr_line' id='line_1_9' title="bbox 53 755 856 830; baseline 0 -21"><span class='ocrx_word' id='word_1_61' title='bbox 53 755 99 809; x_wconf 79' lang='lat' dir='ltr'>lic.</span> <span class='ocrx_word' id='word_1_62' title='bbox 112 756 161 809; x_wconf 76' lang='lat' dir='ltr'>sed</span> <span class='ocrx_word' id='word_1_63' title='bbox 180 756 241 810; x_wconf 86' lang='lat' dir='ltr'>sicut</span> <span class='ocrx_word' id='word_1_64' title='bbox 256 756 340 811; x_wconf 86' lang='lat' dir='ltr'>dicitur</span> <span class='ocrx_word' id='word_1_65' title='bbox 359 757 383 806; x_wconf 91' lang='lat' dir='ltr'>in</span> <span class='ocrx_word' id='word_1_66' title='bbox 396 758 426 812; x_wconf 88' lang='lat' dir='ltr'>il.</span> <span class='ocrx_word' id='word_1_67' title='bbox 445 758 482 807; x_wconf 87' lang='lat' dir='ltr'>De</span> <span class='ocrx_word' id='word_1_68' title='bbox 494 759 596 817; x_wconf 82' lang='lat' dir='ltr'>animo,</span> <span class='ocrx_word' id='word_1_69' title='bbox 612 776 626 806; x_wconf 79' lang='grc' dir='ltr'>ιι</span> <span class='ocrx_word' id='word_1_70' title='bbox 642 756 856 830; x_wconf 70' lang='lat' dir='ltr'>priores&#39;potentiis</span> 
     </span>
     <span class='ocr_line' id='line_1_10' title="bbox 54 826 856 895; baseline 0.001 -14"><span class='ocrx_word' id='word_1_71' title='bbox 54 826 177 881; x_wconf 72' lang='lat' dir='ltr'>secundini</span> <span class='ocrx_word' id='word_1_72' title='bbox 194 829 307 883; x_wconf 82' lang='lat' dir='ltr'>cntionem</span> <span class='ocrx_word' id='word_1_73' title='bbox 319 832 382 879; x_wconf 86' lang='lat' dir='ltr'>actus</span> <span class='ocrx_word' id='word_1_74' title='bbox 400 832 425 881; x_wconf 92' lang='lat' dir='ltr'>et</span> <span class='ocrx_word' id='word_1_75' title='bbox 439 830 584 895; x_wconf 77' lang='lat' dir='ltr'>operationes</span> <span class='ocrx_word' id='word_1_76' title='bbox 596 834 659 885; x_wconf 77' lang='lat' dir='ltr'>sunt:</span> <span class='ocrx_word' id='word_1_77' title='bbox 674 830 759 894; x_wconf 80' lang='lat' dir='ltr'>»Ergo</span> <span class='ocrx_word' id='word_1_78' title='bbox 776 832 856 882; x_wconf 80' lang='lat' dir='ltr'>eadent</span> 
     </span>
     <span class='ocr_line' id='line_1_11' title="bbox 54 899 856 973; baseline 0.005 -22"><span class='ocrx_word' id='word_1_79' title='bbox 54 899 139 953; x_wconf 82' lang='lat' dir='ltr'>ratione</span> <span class='ocrx_word' id='word_1_80' title='bbox 152 902 208 952; x_wconf 83' lang='lat' dir='ltr'>sent</span> <span class='ocrx_word' id='word_1_81' title='bbox 221 900 312 967; x_wconf 79' lang='lat' dir='ltr'>priores</span> <span class='ocrx_word' id='word_1_82' title='bbox 323 902 452 967; x_wconf 84' lang='lat' dir='ltr'>habitibus;</span> <span class='ocrx_word' id='word_1_83' title='bbox 461 904 484 954; x_wconf 94' lang='lat' dir='ltr'>et</span> <span class='ocrx_word' id='word_1_84' title='bbox 494 902 527 953; x_wconf 88' lang='lat' dir='ltr'>ita</span> <span class='ocrx_word' id='word_1_85' title='bbox 535 902 627 958; x_wconf 87' lang='lat' dir='ltr'>habitus</span> <span class='ocrx_word' id='word_1_86' title='bbox 639 916 681 973; x_wconf 87' lang='lat' dir='ltr'>per</span> <span class='ocrx_word' id='word_1_87' title='bbox 689 905 752 960; x_wconf 80' lang='lat' dir='ltr'>actes</span> <span class='ocrx_word' id='word_1_88' title='bbox 760 916 856 972; x_wconf 83' lang='lat' dir='ltr'>cognos-</span> 
     </span>
     <span class='ocr_line' id='line_1_12' title="bbox 57 972 564 1038; baseline 0.004 -16"><span class='ocrx_word' id='word_1_89' title='bbox 57 976 146 1037; x_wconf 88' lang='lat' dir='ltr'>cuntur,</span> <span class='ocrx_word' id='word_1_90' title='bbox 160 972 223 1023; x_wconf 86' lang='lat' dir='ltr'>siout</span> <span class='ocrx_word' id='word_1_91' title='bbox 232 976 258 1023; x_wconf 89' lang='lat' dir='ltr'>et</span> <span class='ocrx_word' id='word_1_92' title='bbox 270 972 389 1038; x_wconf 83' lang='lat' dir='ltr'>potentiae.</span> <span class='ocrx_word' id='word_1_93' title='bbox 560 988 564 994; x_wconf 57' lang='lat'><em>⁷</em></span> 
     </span>
    </p>

    <p class='ocr_par' dir='ltr' id='par_1_6' title="bbox 54 1042 857 1327">
     <span class='ocr_line' id='line_1_13' title="bbox 88 1042 856 1111; baseline 0.008 -16"><span class='ocrx_word' id='word_1_94' title='bbox 88 1042 249 1107; x_wconf 67' lang='lat' dir='ltr'>(donauero.</span> <span class='ocrx_word' id='word_1_95' title='bbox 265 1070 296 1084; x_wconf 85' lang='lat'>-</span> <span class='ocrx_word' id='word_1_96' title='bbox 310 1044 367 1097; x_wconf 70' lang='lat' dir='ltr'>illm</span> <span class='ocrx_word' id='word_1_97' title='bbox 382 1046 474 1099; x_wconf 86' lang='lat' dir='ltr'>hubitus</span> <span class='ocrx_word' id='word_1_98' title='bbox 491 1060 539 1098; x_wconf 90' lang='lat' dir='ltr'>non</span> <span class='ocrx_word' id='word_1_99' title='bbox 553 1048 585 1097; x_wconf 90' lang='lat' dir='ltr'>sit</span> <span class='ocrx_word' id='word_1_100' title='bbox 602 1050 682 1111; x_wconf 88' lang='lat' dir='ltr'>actus,</span> <span class='ocrx_word' id='word_1_101' title='bbox 699 1048 738 1099; x_wconf 88' lang='lat' dir='ltr'>sed</span> <span class='ocrx_word' id='word_1_102' title='bbox 755 1048 856 1103; x_wconf 84' lang='lat' dir='ltr'>medium</span> 
     </span>
     <span class='ocr_line' id='line_1_14' title="bbox 54 1115 857 1183; baseline 0.007 -18"><span class='ocrx_word' id='word_1_103' title='bbox 54 1115 114 1167; x_wconf 88' lang='lat' dir='ltr'>inter</span> <span class='ocrx_word' id='word_1_104' title='bbox 127 1118 258 1181; x_wconf 61' lang='lat' dir='ltr'>mennam</span> <span class='ocrx_word' id='word_1_105' title='bbox 271 1121 294 1169; x_wconf 89' lang='lat' dir='ltr'>et</span> <span class='ocrx_word' id='word_1_106' title='bbox 305 1121 393 1183; x_wconf 83' lang='lat' dir='ltr'>notun,</span> <span class='ocrx_word' id='word_1_107' title='bbox 410 1118 468 1170; x_wconf 86' lang='lat' dir='ltr'>nitril</span> <span class='ocrx_word' id='word_1_108' title='bbox 482 1123 716 1183; x_wconf 87' lang='lat' dir='ltr'>autemeognoscatuc</span> <span class='ocrx_word' id='word_1_109' title='bbox 724 1119 857 1172; x_wconf 81' lang='lat' dir='ltr'>nisiseoun·</span> 
     </span>
     <span class='ocr_line' id='line_1_15' title="bbox 55 1187 857 1263; baseline 0.007 -24"><span class='ocrx_word' id='word_1_110' title='bbox 55 1187 106 1239; x_wconf 86' lang='lat' dir='ltr'>dim</span> <span class='ocrx_word' id='word_1_111' title='bbox 122 1188 186 1255; x_wconf 82' lang='lat' dir='ltr'>qrrid</span> <span class='ocrx_word' id='word_1_112' title='bbox 203 1192 241 1242; x_wconf 88' lang='lat' dir='ltr'>est</span> <span class='ocrx_word' id='word_1_113' title='bbox 253 1192 313 1254; x_wconf 82' lang='lat' dir='ltr'>ectu,</span> <span class='ocrx_word' id='word_1_114' title='bbox 329 1194 420 1255; x_wconf 87' lang='lat' dir='ltr'>oportet</span> <span class='ocrx_word' id='word_1_115' title='bbox 434 1192 554 1254; x_wconf 78' lang='lat' dir='ltr'>taciturn,</span> <span class='ocrx_word' id='word_1_116' title='bbox 569 1206 615 1246; x_wconf 87' lang='lat' dir='ltr'>uon</span> <span class='ocrx_word' id='word_1_117' title='bbox 631 1206 673 1261; x_wconf 84' lang='lat' dir='ltr'>per</span> <span class='ocrx_word' id='word_1_118' title='bbox 688 1192 801 1263; x_wconf 87' lang='lat' dir='ltr'>soipsunr,</span> <span class='ocrx_word' id='word_1_119' title='bbox 817 1194 857 1249; x_wconf 82' lang='lat' dir='ltr'>ced</span> 
     </span>
     <span class='ocr_line' id='line_1_16' title="bbox 54 1262 518 1327; baseline 0 -14"><span class='ocrx_word' id='word_1_120' title='bbox 54 1274 92 1327; x_wconf 86' lang='lat' dir='ltr'>per</span> <span class='ocrx_word' id='word_1_121' title='bbox 102 1265 260 1313; x_wconf 82' lang='lat' dir='ltr'>nctumsuunr</span> <span class='ocrx_word' id='word_1_122' title='bbox 270 1262 402 1327; x_wconf 77' lang='lat' dir='ltr'>cognosci.)</span> <span class='ocrx_word' id='word_1_123' title='bbox 483 1272 485 1278; x_wconf 84' lang='lat'><em>·</em></span> <span class='ocrx_word' id='word_1_124' title='bbox 515 1280 518 1283; x_wconf 60' lang='grc'>’</span> 
     </span>
    </p>

    <p class='ocr_par' dir='ltr' id='par_1_7' title="bbox 53 1336 861 2267">
     <span class='ocr_line' id='line_1_17' title="bbox 80 1336 857 1402; baseline 0.005 -15"><span class='ocrx_word' id='word_1_125' title='bbox 80 1336 221 1401; x_wconf 84' lang='lat' dir='ltr'>Respondeo</span> <span class='ocrx_word' id='word_1_126' title='bbox 242 1336 379 1399; x_wconf 88' lang='lat' dir='ltr'>dicendum,</span> <span class='ocrx_word' id='word_1_127' title='bbox 394 1337 454 1401; x_wconf 81' lang='lat' dir='ltr'>quon</span> <span class='ocrx_word' id='word_1_128' title='bbox 469 1338 562 1389; x_wconf 79' lang='lat' dir='ltr'>habitus</span> <span class='ocrx_word' id='word_1_129' title='bbox 577 1339 742 1402; x_wconf 83' lang='lat' dir='ltr'>quodammodo</span> <span class='ocrx_word' id='word_1_130' title='bbox 758 1343 793 1390; x_wconf 88' lang='lat' dir='ltr'>est</span> <span class='ocrx_word' id='word_1_131' title='bbox 809 1353 857 1391; x_wconf 88' lang='lat' dir='ltr'>me-</span> 
     </span>
     <span class='ocr_line' id='line_1_18' title="bbox 53 1405 857 1476; baseline 0.007 -19"><span class='ocrx_word' id='word_1_132' title='bbox 53 1408 113 1459; x_wconf 81' lang='lat' dir='ltr'>uum</span> <span class='ocrx_word' id='word_1_133' title='bbox 125 1408 187 1459; x_wconf 85' lang='lat' dir='ltr'>inter</span> <span class='ocrx_word' id='word_1_134' title='bbox 200 1405 331 1473; x_wconf 85' lang='lat' dir='ltr'>potentiam</span> <span class='ocrx_word' id='word_1_135' title='bbox 341 1421 421 1474; x_wconf 82' lang='lat' dir='ltr'>punam</span> <span class='ocrx_word' id='word_1_136' title='bbox 432 1412 457 1461; x_wconf 91' lang='lat' dir='ltr'>et</span> <span class='ocrx_word' id='word_1_137' title='bbox 468 1414 646 1476; x_wconf 88' lang='lat' dir='ltr'>purum&#39;actum.</span> <span class='ocrx_word' id='word_1_138' title='bbox 658 1411 708 1460; x_wconf 83' lang='lat' dir='ltr'>leun</span> <span class='ocrx_word' id='word_1_139' title='bbox 722 1414 797 1461; x_wconf 88' lang='lat' dir='ltr'>autem</span> <span class='ocrx_word' id='word_1_140' title='bbox 810 1412 857 1463; x_wconf 90' lang='lat' dir='ltr'>dic·</span> 
     </span>
     <span class='ocr_line' id='line_1_19' title="bbox 53 1480 858 1547; baseline 0.007 -18"><span class='ocrx_word' id='word_1_141' title='bbox 53 1484 98 1531; x_wconf 87' lang='lat' dir='ltr'>tunr</span> <span class='ocrx_word' id='word_1_142' title='bbox 108 1484 146 1533; x_wconf 87' lang='lat' dir='ltr'>est</span> <span class='ocrx_word' id='word_1_143' title='bbox 161 1480 221 1547; x_wconf 84' lang='lat' dir='ltr'>(qu.</span> <span class='ocrx_word' id='word_1_144' title='bbox 233 1480 278 1545; x_wconf 90' lang='lat'>1),</span> <span class='ocrx_word' id='word_1_145' title='bbox 293 1481 354 1545; x_wconf 81' lang='lat' dir='ltr'>quod</span> <span class='ocrx_word' id='word_1_146' title='bbox 363 1482 421 1531; x_wconf 86' lang='lat' dir='ltr'>nihil</span> <span class='ocrx_word' id='word_1_147' title='bbox 433 1484 590 1547; x_wconf 79' lang='lat' dir='ltr'>cognoscitur,</span> <span class='ocrx_word' id='word_1_148' title='bbox 602 1482 649 1532; x_wconf 90' lang='lat' dir='ltr'>uisi</span> <span class='ocrx_word' id='word_1_149' title='bbox 661 1482 786 1533; x_wconf 78' lang='lat' dir='ltr'>secundini</span> <span class='ocrx_word' id='word_1_150' title='bbox 797 1483 858 1547; x_wconf 83' lang='lat' dir='ltr'>quod</span> 
     </span>
     <span class='ocr_line' id='line_1_20' title="bbox 53 1553 858 1619; baseline 0.002 -16"><span class='ocrx_word' id='word_1_151' title='bbox 53 1558 84 1603; x_wconf 86' lang='lat' dir='ltr'>est</span> <span class='ocrx_word' id='word_1_152' title='bbox 93 1558 157 1604; x_wconf 88' lang='lat' dir='ltr'>actu.</span> <span class='ocrx_word' id='word_1_153' title='bbox 168 1554 210 1603; x_wconf 87' lang='lat' dir='ltr'>Sic</span> <span class='ocrx_word' id='word_1_154' title='bbox 222 1564 278 1617; x_wconf 89' lang='lat' dir='ltr'>ergo</span> <span class='ocrx_word' id='word_1_155' title='bbox 288 1553 314 1603; x_wconf 92' lang='lat' dir='ltr'>in</span> <span class='ocrx_word' id='word_1_156' title='bbox 325 1555 435 1619; x_wconf 82' lang='lat' dir='ltr'>quantum</span> <span class='ocrx_word' id='word_1_157' title='bbox 449 1555 542 1605; x_wconf 81' lang='lat' dir='ltr'>habitus</span> <span class='ocrx_word' id='word_1_158' title='bbox 556 1554 631 1606; x_wconf 88' lang='lat' dir='ltr'>deficit</span> <span class='ocrx_word' id='word_1_159' title='bbox 643 1555 733 1605; x_wconf 83' lang='lat' dir='ltr'>abacto</span> <span class='ocrx_word' id='word_1_160' title='bbox 746 1554 858 1619; x_wconf 89' lang='lat' dir='ltr'>perlecto,</span> 
     </span>
     <span class='ocr_line' id='line_1_21' title="bbox 53 1625 859 1693; baseline 0.009 -20"><span class='ocrx_word' id='word_1_161' title='bbox 53 1625 129 1677; x_wconf 86' lang='lat' dir='ltr'>deicit</span> <span class='ocrx_word' id='word_1_162' title='bbox 146 1626 177 1677; x_wconf 79' lang='lat' dir='ltr'>alt</span> <span class='ocrx_word' id='word_1_163' title='bbox 194 1626 240 1676; x_wconf 86' lang='lat' dir='ltr'>hoe</span> <span class='ocrx_word' id='word_1_164' title='bbox 261 1628 288 1678; x_wconf 89' lang='lat' dir='ltr'>ut</span> <span class='ocrx_word' id='word_1_165' title='bbox 302 1625 332 1675; x_wconf 90' lang='lat' dir='ltr'>sit</span> <span class='ocrx_word' id='word_1_166' title='bbox 348 1639 390 1691; x_wconf 87' lang='lat' dir='ltr'>per</span> <span class='ocrx_word' id='word_1_167' title='bbox 406 1626 507 1693; x_wconf 88' lang='lat' dir='ltr'>seipsum</span> <span class='ocrx_word' id='word_1_168' title='bbox 521 1626 697 1692; x_wconf 82' lang='lat' dir='ltr'>cognosctniis;</span> <span class='ocrx_word' id='word_1_169' title='bbox 713 1626 752 1677; x_wconf 87' lang='lat' dir='ltr'>sed</span> <span class='ocrx_word' id='word_1_170' title='bbox 766 1639 859 1680; x_wconf 85' lang='lat' dir='ltr'>necesso</span> 
     </span>
     <span class='ocr_line' id='line_1_22' title="bbox 53 1696 859 1766; baseline 0.001 -18"><span class='ocrx_word' id='word_1_171' title='bbox 53 1700 85 1749; x_wconf 90' lang='lat' dir='ltr'>est</span> <span class='ocrx_word' id='word_1_172' title='bbox 98 1696 163 1763; x_wconf 81' lang='lat' dir='ltr'>quid</span> <span class='ocrx_word' id='word_1_173' title='bbox 179 1710 221 1763; x_wconf 89' lang='lat' dir='ltr'>per</span> <span class='ocrx_word' id='word_1_174' title='bbox 236 1700 312 1747; x_wconf 88' lang='lat' dir='ltr'>actum</span> <span class='ocrx_word' id='word_1_175' title='bbox 325 1710 389 1748; x_wconf 86' lang='lat' dir='ltr'>suurn</span> <span class='ocrx_word' id='word_1_176' title='bbox 402 1703 563 1763; x_wconf 79' lang='lat' dir='ltr'>cognoscatur,</span> <span class='ocrx_word' id='word_1_177' title='bbox 577 1698 626 1749; x_wconf 88' lang='lat' dir='ltr'>siue</span> <span class='ocrx_word' id='word_1_178' title='bbox 643 1697 696 1750; x_wconf 87' lang='lat' dir='ltr'>dum</span> <span class='ocrx_word' id='word_1_179' title='bbox 710 1698 794 1766; x_wconf 81' lang='lat' dir='ltr'>aliquis</span> <span class='ocrx_word' id='word_1_180' title='bbox 808 1713 859 1766; x_wconf 78' lang='lat' dir='ltr'>per-</span> 
     </span>
     <span class='ocr_line' id='line_1_23' title="bbox 54 1768 860 1837; baseline 0.005 -18"><span class='ocrx_word' id='word_1_181' title='bbox 54 1770 105 1834; x_wconf 81' lang='lat' dir='ltr'>cipit</span> <span class='ocrx_word' id='word_1_182' title='bbox 124 1784 150 1821; x_wconf 90' lang='lat' dir='ltr'>se</span> <span class='ocrx_word' id='word_1_183' title='bbox 167 1771 254 1821; x_wconf 86' lang='lat' dir='ltr'>nabere</span> <span class='ocrx_word' id='word_1_184' title='bbox 271 1768 375 1823; x_wconf 85' lang='lat' dir='ltr'>habitum</span> <span class='ocrx_word' id='word_1_185' title='bbox 393 1784 434 1835; x_wconf 90' lang='lat' dir='ltr'>per</span> <span class='ocrx_word' id='word_1_186' title='bbox 450 1772 494 1821; x_wconf 88' lang='lat' dir='ltr'>lroc</span> <span class='ocrx_word' id='word_1_187' title='bbox 509 1770 569 1837; x_wconf 81' lang='lat' dir='ltr'>quid</span> <span class='ocrx_word' id='word_1_188' title='bbox 582 1770 680 1835; x_wconf 85' lang='lat' dir='ltr'>percipit</span> <span class='ocrx_word' id='word_1_189' title='bbox 696 1785 720 1821; x_wconf 87' lang='lat' dir='ltr'>se</span> <span class='ocrx_word' id='word_1_190' title='bbox 735 1770 860 1835; x_wconf 88' lang='lat' dir='ltr'>producere</span> 
     </span>
     <span class='ocr_line' id='line_1_24' title="bbox 54 1841 860 1907; baseline 0.002 -16"><span class='ocrx_word' id='word_1_191' title='bbox 54 1846 129 1893; x_wconf 82' lang='lat' dir='ltr'>ectum</span> <span class='ocrx_word' id='word_1_192' title='bbox 143 1842 265 1907; x_wconf 88' lang='lat' dir='ltr'>proprium</span> <span class='ocrx_word' id='word_1_193' title='bbox 274 1841 336 1891; x_wconf 87' lang='lat' dir='ltr'>illius</span> <span class='ocrx_word' id='word_1_194' title='bbox 348 1842 511 1905; x_wconf 53' lang='lat' dir='ltr'>dunimius</span> <span class='ocrx_word' id='word_1_195' title='bbox 525 1843 578 1892; x_wconf 88' lang='lat' dir='ltr'>dum</span> <span class='ocrx_word' id='word_1_196' title='bbox 593 1841 675 1906; x_wconf 86' lang='lat' dir='ltr'>aliquis</span> <span class='ocrx_word' id='word_1_197' title='bbox 683 1842 779 1905; x_wconf 88' lang='lat' dir='ltr'>inquirit</span> <span class='ocrx_word' id='word_1_198' title='bbox 794 1852 860 1893; x_wconf 84' lang='lat' dir='ltr'>nutu-</span> 
     </span>
     <span class='ocr_line' id='line_1_25' title="bbox 54 1912 860 1978; baseline 0.001 -14"><span class='ocrx_word' id='word_1_199' title='bbox 54 1926 98 1964; x_wconf 86' lang='lat' dir='ltr'>ram</span> <span class='ocrx_word' id='word_1_200' title='bbox 118 1917 142 1964; x_wconf 91' lang='lat' dir='ltr'>et</span> <span class='ocrx_word' id='word_1_201' title='bbox 162 1913 279 1964; x_wconf 78' lang='lat' dir='ltr'>rationem</span> <span class='ocrx_word' id='word_1_202' title='bbox 299 1912 389 1964; x_wconf 86' lang='lat' dir='ltr'>habitis</span> <span class='ocrx_word' id='word_1_203' title='bbox 408 1928 438 1965; x_wconf 82' lang='lat' dir='ltr'>eu</span> <span class='ocrx_word' id='word_1_204' title='bbox 455 1913 637 1965; x_wconf 75' lang='lat' dir='ltr'>consideratione</span> <span class='ocrx_word' id='word_1_205' title='bbox 656 1913 727 1965; x_wconf 84' lang='lat' dir='ltr'>actis.</span> <span class='ocrx_word' id='word_1_206' title='bbox 741 1915 770 1963; x_wconf 86' lang='lat' dir='ltr'>Et</span> <span class='ocrx_word' id='word_1_207' title='bbox 787 1914 860 1978; x_wconf 87' lang='lat' dir='ltr'>prima</span> 
     </span>
     <span class='ocr_line' id='line_1_26' title="bbox 54 1984 860 2051; baseline 0 -16"><span class='ocrx_word' id='word_1_208' title='bbox 54 1986 145 2048; x_wconf 84' lang='lat' dir='ltr'>guidem</span> <span class='ocrx_word' id='word_1_209' title='bbox 156 1984 260 2049; x_wconf 83' lang='lat' dir='ltr'>cognitio</span> <span class='ocrx_word' id='word_1_210' title='bbox 270 1984 362 2037; x_wconf 84' lang='lat' dir='ltr'>habitis</span> <span class='ocrx_word' id='word_1_211' title='bbox 371 1986 397 2035; x_wconf 89' lang='lat' dir='ltr'>lit</span> <span class='ocrx_word' id='word_1_212' title='bbox 407 2000 448 2051; x_wconf 86' lang='lat' dir='ltr'>pec</span> <span class='ocrx_word' id='word_1_213' title='bbox 461 1986 536 2051; x_wconf 85' lang='lat' dir='ltr'>ipsam</span> <span class='ocrx_word' id='word_1_214' title='bbox 547 1986 690 2051; x_wconf 78' lang='lat' dir='ltr'>praesentiam</span> <span class='ocrx_word' id='word_1_215' title='bbox 701 1986 799 2046; x_wconf 83' lang='lat' dir='ltr'>habitis,</span> <span class='ocrx_word' id='word_1_216' title='bbox 807 1986 860 2049; x_wconf 84' lang='lat' dir='ltr'>quia</span> 
     </span>
     <span class='ocr_line' id='line_1_27' title="bbox 53 2056 861 2123; baseline -0.001 -16"><span class='ocrx_word' id='word_1_217' title='bbox 53 2070 79 2107; x_wconf 86' lang='lat' dir='ltr'>ex</span> <span class='ocrx_word' id='word_1_218' title='bbox 91 2060 139 2111; x_wconf 85' lang='lat' dir='ltr'>icc</span> <span class='ocrx_word' id='word_1_219' title='bbox 151 2058 205 2123; x_wconf 89' lang='lat' dir='ltr'>ipso</span> <span class='ocrx_word' id='word_1_220' title='bbox 215 2056 277 2121; x_wconf 81' lang='lat' dir='ltr'>quid</span> <span class='ocrx_word' id='word_1_221' title='bbox 287 2060 321 2109; x_wconf 94' lang='lat' dir='ltr'>est</span> <span class='ocrx_word' id='word_1_222' title='bbox 334 2072 446 2123; x_wconf 82' lang='lat' dir='ltr'>presens,</span> <span class='ocrx_word' id='word_1_223' title='bbox 457 2062 532 2111; x_wconf 86' lang='lat' dir='ltr'>ectum</span> <span class='ocrx_word' id='word_1_224' title='bbox 541 2062 626 2120; x_wconf 74' lang='lat' dir='ltr'>cauni,</span> <span class='ocrx_word' id='word_1_225' title='bbox 636 2057 660 2107; x_wconf 92' lang='lat' dir='ltr'>iu</span> <span class='ocrx_word' id='word_1_226' title='bbox 670 2071 716 2121; x_wconf 83' lang='lat' dir='ltr'>quo</span> <span class='ocrx_word' id='word_1_227' title='bbox 724 2057 798 2107; x_wconf 83' lang='lat' dir='ltr'>statim</span> <span class='ocrx_word' id='word_1_228' title='bbox 807 2070 861 2121; x_wconf 88' lang='lat' dir='ltr'>per-</span> 
     </span>
     <span class='ocr_line' id='line_1_28' title="bbox 54 2127 861 2194; baseline 0.001 -15"><span class='ocrx_word' id='word_1_229' title='bbox 54 2129 144 2193; x_wconf 85' lang='lat' dir='ltr'>cipitur.</span> <span class='ocrx_word' id='word_1_230' title='bbox 160 2127 268 2180; x_wconf 83' lang='lat' dir='ltr'>Secunda</span> <span class='ocrx_word' id='word_1_231' title='bbox 281 2132 358 2180; x_wconf 84' lang='lat' dir='ltr'>autern</span> <span class='ocrx_word' id='word_1_232' title='bbox 370 2130 470 2194; x_wconf 82' lang='lat' dir='ltr'>cognitio</span> <span class='ocrx_word' id='word_1_233' title='bbox 483 2130 574 2181; x_wconf 80' lang='lat' dir='ltr'>habitis</span> <span class='ocrx_word' id='word_1_234' title='bbox 592 2130 617 2180; x_wconf 89' lang='lat' dir='ltr'>fit</span> <span class='ocrx_word' id='word_1_235' title='bbox 630 2144 671 2194; x_wconf 87' lang='lat' dir='ltr'>per</span> <span class='ocrx_word' id='word_1_236' title='bbox 685 2127 809 2179; x_wconf 76' lang='lat' dir='ltr'>studiosam</span> <span class='ocrx_word' id='word_1_237' title='bbox 825 2128 861 2180; x_wconf 89' lang='lat' dir='ltr'>in-</span> 
     </span>
     <span class='ocr_line' id='line_1_29' title="bbox 54 2200 793 2267; baseline -0.004 -14"><span class='ocrx_word' id='word_1_238' title='bbox 54 2202 216 2266; x_wconf 84' lang='lat' dir='ltr'>quisitionem,</span> <span class='ocrx_word' id='word_1_239' title='bbox 237 2200 297 2251; x_wconf 81' lang='lat' dir='ltr'>sicud</span> <span class='ocrx_word' id='word_1_240' title='bbox 313 2202 380 2267; x_wconf 84' lang='lat' dir='ltr'>supri</span> <span class='ocrx_word' id='word_1_241' title='bbox 393 2202 478 2253; x_wconf 88' lang='lat' dir='ltr'>dictum</span> <span class='ocrx_word' id='word_1_242' title='bbox 492 2207 529 2255; x_wconf 86' lang='lat' dir='ltr'>est</span> <span class='ocrx_word' id='word_1_243' title='bbox 543 2205 571 2254; x_wconf 91' lang='lat' dir='ltr'>de</span> <span class='ocrx_word' id='word_1_244' title='bbox 587 2206 664 2251; x_wconf 81' lang='lat' dir='ltr'>urente</span> <span class='ocrx_word' id='word_1_245' title='bbox 680 2200 740 2265; x_wconf 85' lang='lat' dir='ltr'>(art.</span> <span class='ocrx_word' id='word_1_246' title='bbox 752 2200 793 2264; x_wconf 86' lang='lat' dir='ltr'>l).</span> 
     </span>
    </p>

    <p class='ocr_par' dir='ltr' id='par_1_8' title="bbox 54 2271 862 2555">
     <span class='ocr_line' id='line_1_30' title="bbox 83 2271 862 2339; baseline 0.005 -16"><span class='ocrx_word' id='word_1_247' title='bbox 83 2272 118 2324; x_wconf 82' lang='lat' dir='ltr'>ln</span> <span class='ocrx_word' id='word_1_248' title='bbox 134 2274 238 2339; x_wconf 86' lang='lat' dir='ltr'>primurn</span> <span class='ocrx_word' id='word_1_249' title='bbox 250 2286 304 2336; x_wconf 87' lang='lat' dir='ltr'>ergo</span> <span class='ocrx_word' id='word_1_250' title='bbox 316 2271 450 2337; x_wconf 88' lang='lat' dir='ltr'>dicendum,</span> <span class='ocrx_word' id='word_1_251' title='bbox 461 2274 522 2338; x_wconf 82' lang='lat' dir='ltr'>guod</span> <span class='ocrx_word' id='word_1_252' title='bbox 534 2275 577 2326; x_wconf 89' lang='lat' dir='ltr'>etsi</span> <span class='ocrx_word' id='word_1_253' title='bbox 590 2275 646 2325; x_wconf 87' lang='lat' dir='ltr'>fides</span> <span class='ocrx_word' id='word_1_254' title='bbox 659 2286 706 2325; x_wconf 89' lang='lat' dir='ltr'>nou</span> <span class='ocrx_word' id='word_1_255' title='bbox 715 2277 862 2337; x_wconf 83' lang='lat' dir='ltr'>cognoscetur</span> 
     </span>
     <span class='ocr_line' id='line_1_31' title="bbox 54 2345 861 2413; baseline 0.004 -18"><span class='ocrx_word' id='word_1_256' title='bbox 54 2358 92 2410; x_wconf 87' lang='lat' dir='ltr'>per</span> <span class='ocrx_word' id='word_1_257' title='bbox 105 2346 236 2397; x_wconf 78' lang='lat' dir='ltr'>exteriores</span> <span class='ocrx_word' id='word_1_258' title='bbox 248 2345 350 2409; x_wconf 80' lang='lat' dir='ltr'>corporis</span> <span class='ocrx_word' id='word_1_259' title='bbox 360 2350 444 2409; x_wconf 87' lang='lat' dir='ltr'>motus,</span> <span class='ocrx_word' id='word_1_260' title='bbox 452 2347 577 2413; x_wconf 85' lang='lat' dir='ltr'>percipitur</span> <span class='ocrx_word' id='word_1_261' title='bbox 589 2349 666 2397; x_wconf 84' lang='lat' dir='ltr'>tamen</span> <span class='ocrx_word' id='word_1_262' title='bbox 677 2346 747 2396; x_wconf 88' lang='lat' dir='ltr'>etiam</span> <span class='ocrx_word' id='word_1_263' title='bbox 758 2346 786 2397; x_wconf 81' lang='lat' dir='ltr'>ab</span> <span class='ocrx_word' id='word_1_264' title='bbox 797 2360 825 2397; x_wconf 92' lang='lat' dir='ltr'>eo</span> <span class='ocrx_word' id='word_1_265' title='bbox 836 2347 861 2399; x_wconf 92' lang='lat' dir='ltr'>in</span> 
     </span>
     <span class='ocr_line' id='line_1_32' title="bbox 55 2412 861 2483; baseline 0.002 -14"><span class='ocrx_word' id='word_1_266' title='bbox 55 2432 98 2480; x_wconf 85' lang='lat' dir='ltr'>quo</span> <span class='ocrx_word' id='word_1_267' title='bbox 115 2422 165 2483; x_wconf 84' lang='lat' dir='ltr'>est,</span> <span class='ocrx_word' id='word_1_268' title='bbox 180 2431 224 2483; x_wconf 89' lang='lat' dir='ltr'>per</span> <span class='ocrx_word' id='word_1_269' title='bbox 239 2417 374 2469; x_wconf 87' lang='lat' dir='ltr'>interiorem</span> <span class='ocrx_word' id='word_1_270' title='bbox 389 2422 465 2469; x_wconf 87' lang='lat' dir='ltr'>acturn</span> <span class='ocrx_word' id='word_1_271' title='bbox 481 2419 564 2470; x_wconf 87' lang='lat' dir='ltr'>cordis.</span> <span class='ocrx_word' id='word_1_272' title='bbox 579 2418 664 2475; x_wconf 70' lang='lat' dir='ltr'>,Nullus</span> <span class='ocrx_word' id='word_1_273' title='bbox 680 2412 742 2469; x_wconf 86' lang='lat' dir='ltr'>eninr</span> <span class='ocrx_word' id='word_1_274' title='bbox 755 2418 822 2470; x_wconf 88' lang='lat' dir='ltr'>ildern</span> <span class='ocrx_word' id='word_1_275' title='bbox 837 2434 861 2471; x_wconf 90' lang='lat' dir='ltr'>so</span> 
     </span>
     <span class='ocr_line' id='line_1_33' title="bbox 55 2488 722 2555; baseline -0.004 -14"><span class='ocrx_word' id='word_1_276' title='bbox 55 2489 138 2541; x_wconf 65' lang='lat' dir='ltr'>labne</span> <span class='ocrx_word' id='word_1_277' title='bbox 151 2489 212 2553; x_wconf 87' lang='lat' dir='ltr'>scit,</span> <span class='ocrx_word' id='word_1_278' title='bbox 226 2488 273 2539; x_wconf 88' lang='lat' dir='ltr'>nisi</span> <span class='ocrx_word' id='word_1_279' title='bbox 286 2502 328 2553; x_wconf 87' lang='lat' dir='ltr'>per</span> <span class='ocrx_word' id='word_1_280' title='bbox 344 2492 388 2543; x_wconf 91' lang='lat' dir='ltr'>hoc</span> <span class='ocrx_word' id='word_1_281' title='bbox 404 2489 465 2555; x_wconf 83' lang='lat' dir='ltr'>quod</span> <span class='ocrx_word' id='word_1_282' title='bbox 476 2491 503 2541; x_wconf 86' lang='lat' dir='ltr'>se</span> <span class='ocrx_word' id='word_1_283' title='bbox 514 2491 606 2541; x_wconf 89' lang='lat' dir='ltr'>credere</span> <span class='ocrx_word' id='word_1_284' title='bbox 616 2490 722 2553; x_wconf 87' lang='lat' dir='ltr'>percipit.</span> 
     </span>
    </p>

    <p class='ocr_par' dir='ltr' id='par_1_9' title="bbox 57 2558 862 2912">
     <span class='ocr_line' id='line_1_34' title="bbox 84 2558 862 2627; baseline 0 -16"><span class='ocrx_word' id='word_1_285' title='bbox 84 2560 120 2611; x_wconf 78' lang='lat' dir='ltr'>Ad</span> <span class='ocrx_word' id='word_1_286' title='bbox 133 2561 264 2612; x_wconf 67' lang='lat' dir='ltr'>noandum</span> <span class='ocrx_word' id='word_1_287' title='bbox 281 2558 416 2627; x_wconf 89' lang='lat' dir='ltr'>dicendum,</span> <span class='ocrx_word' id='word_1_288' title='bbox 435 2562 496 2626; x_wconf 80' lang='lat' dir='ltr'>quid</span> <span class='ocrx_word' id='word_1_289' title='bbox 515 2562 607 2614; x_wconf 81' lang='lat' dir='ltr'>habitus</span> <span class='ocrx_word' id='word_1_290' title='bbox 624 2564 677 2611; x_wconf 90' lang='lat' dir='ltr'>suut</span> <span class='ocrx_word' id='word_1_291' title='bbox 690 2564 817 2625; x_wconf 78' lang='lat' dir='ltr'>presentes</span> <span class='ocrx_word' id='word_1_292' title='bbox 837 2563 862 2613; x_wconf 92' lang='lat' dir='ltr'>in</span> 
     </span>
     <span class='ocr_line' id='line_1_35' title="bbox 57 2631 862 2701; baseline 0.004 -22"><span class='ocrx_word' id='word_1_293' title='bbox 57 2631 173 2684; x_wconf 88' lang='lat' dir='ltr'>intellectu</span> <span class='ocrx_word' id='word_1_294' title='bbox 187 2636 280 2695; x_wconf 87' lang='lat' dir='ltr'>nostro,</span> <span class='ocrx_word' id='word_1_295' title='bbox 297 2647 344 2685; x_wconf 89' lang='lat' dir='ltr'>non</span> <span class='ocrx_word' id='word_1_296' title='bbox 358 2634 419 2685; x_wconf 90' lang='lat' dir='ltr'>sicut</span> <span class='ocrx_word' id='word_1_297' title='bbox 430 2636 521 2701; x_wconf 82' lang='lat' dir='ltr'>objecta</span> <span class='ocrx_word' id='word_1_298' title='bbox 533 2633 673 2696; x_wconf 88' lang='lat' dir='ltr'>intellectis,</span> <span class='ocrx_word' id='word_1_299' title='bbox 683 2633 736 2698; x_wconf 88' lang='lat' dir='ltr'>quia</span> <span class='ocrx_word' id='word_1_300' title='bbox 747 2634 862 2697; x_wconf 89' lang='lat' dir='ltr'>objectum</span> 
     </span>
     <span class='ocr_line' id='line_1_36' title="bbox 57 2701 862 2772; baseline 0.006 -23"><span class='ocrx_word' id='word_1_301' title='bbox 57 2701 186 2755; x_wconf 83' lang='lat' dir='ltr'>intellectis</span> <span class='ocrx_word' id='word_1_302' title='bbox 197 2704 282 2768; x_wconf 89' lang='lat' dir='ltr'>nostri,</span> <span class='ocrx_word' id='word_1_303' title='bbox 293 2706 418 2757; x_wconf 77' lang='lat' dir='ltr'>secundnm</span> <span class='ocrx_word' id='word_1_304' title='bbox 429 2709 513 2759; x_wconf 82' lang='lat' dir='ltr'>statum</span> <span class='ocrx_word' id='word_1_305' title='bbox 525 2706 646 2772; x_wconf 79' lang='lat' dir='ltr'>presentis</span> <span class='ocrx_word' id='word_1_306' title='bbox 654 2705 724 2769; x_wconf 74' lang='lat' dir='ltr'>uitat,</span> <span class='ocrx_word' id='word_1_307' title='bbox 737 2709 773 2756; x_wconf 89' lang='lat' dir='ltr'>est</span> <span class='ocrx_word' id='word_1_308' title='bbox 782 2707 862 2755; x_wconf 83' lang='lat' dir='ltr'>natura</span> 
     </span>
     <span class='ocr_line' id='line_1_37' title="bbox 57 2775 862 2842; baseline 0.004 -19"><span class='ocrx_word' id='word_1_309' title='bbox 57 2775 89 2823; x_wconf 92' lang='lat' dir='ltr'>rei</span> <span class='ocrx_word' id='word_1_310' title='bbox 102 2776 243 2841; x_wconf 84' lang='lat' dir='ltr'>mate&#39;rialis,</span> <span class='ocrx_word' id='word_1_311' title='bbox 257 2779 283 2825; x_wconf 93' lang='lat' dir='ltr'>ut</span> <span class='ocrx_word' id='word_1_312' title='bbox 295 2776 363 2840; x_wconf 80' lang='lat' dir='ltr'>supri</span> <span class='ocrx_word' id='word_1_313' title='bbox 376 2778 526 2829; x_wconf 84' lang='lat' dir='ltr'>dictumest:</span> <span class='ocrx_word' id='word_1_314' title='bbox 537 2780 577 2829; x_wconf 91' lang='lat' dir='ltr'>sed</span> <span class='ocrx_word' id='word_1_315' title='bbox 588 2780 775 2842; x_wconf 85' lang='lat' dir='ltr'>suntpraesentes</span> <span class='ocrx_word' id='word_1_316' title='bbox 788 2776 813 2828; x_wconf 91' lang='lat' dir='ltr'>in</span> <span class='ocrx_word' id='word_1_317' title='bbox 826 2778 862 2826; x_wconf 92' lang='lat' dir='ltr'>in-</span> 
     </span>
     <span class='ocr_line' id='line_1_38' title="bbox 58 2846 585 2912; baseline 0.013 -20"><span class='ocrx_word' id='word_1_318' title='bbox 58 2847 161 2911; x_wconf 89' lang='lat' dir='ltr'>tellectu,</span> <span class='ocrx_word' id='word_1_319' title='bbox 180 2852 207 2897; x_wconf 92' lang='lat' dir='ltr'>ut</span> <span class='ocrx_word' id='word_1_320' title='bbox 223 2846 310 2911; x_wconf 85' lang='lat' dir='ltr'>quibus</span> <span class='ocrx_word' id='word_1_321' title='bbox 323 2846 453 2901; x_wconf 84' lang='lat' dir='ltr'>intellectus</span> <span class='ocrx_word' id='word_1_322' title='bbox 468 2849 585 2912; x_wconf 90' lang='lat' dir='ltr'>intelligit.</span> 
     </span>
    </p>

    <p class='ocr_par' dir='ltr' id='par_1_10' title="bbox 89 2917 863 2987">
     <span class='ocr_line' id='line_1_39' title="bbox 89 2917 863 2987; baseline 0.005 -20"><span class='ocrx_word' id='word_1_323' title='bbox 89 2918 124 2971; x_wconf 80' lang='lat' dir='ltr'>nd</span> <span class='ocrx_word' id='word_1_324' title='bbox 136 2918 230 2971; x_wconf 84' lang='lat' dir='ltr'>tertium</span> <span class='ocrx_word' id='word_1_325' title='bbox 247 2918 371 2973; x_wconf 62' lang='lat' dir='ltr'>emensam</span> <span class='ocrx_word' id='word_1_326' title='bbox 377 2958 386 2986; x_wconf 88' lang='lat'>,</span> <span class='ocrx_word' id='word_1_327' title='bbox 401 2920 462 2987; x_wconf 79' lang='lat' dir='ltr'>quod</span> <span class='ocrx_word' id='word_1_328' title='bbox 474 2919 528 2974; x_wconf 79' lang='lat' dir='ltr'>cium</span> <span class='ocrx_word' id='word_1_329' title='bbox 546 2920 647 2974; x_wconf 87' lang='lat' dir='ltr'>dicitur:</span> <span class='ocrx_word' id='word_1_330' title='bbox 664 2923 783 2986; x_wconf 83' lang='lat' dir='ltr'>«Propter</span> <span class='ocrx_word' id='word_1_331' title='bbox 802 2917 863 2984; x_wconf 81' lang='lat' dir='ltr'>quid</span> 
     </span>
    </p>
   </div>
   <div class='ocr_carea' id='block_1_5' title="bbox 0 0 1003 3309">
    <p class='ocr_par' dir='ltr' id='par_1_11' title="bbox 0 0 1003 3309">
     <span class='ocr_line' id='line_1_40' title="bbox 0 0 1003 3309; baseline 0 0"><span class='ocrx_word' id='word_1_332' title='bbox 0 0 1003 3309; x_wconf 95' lang='lat' dir='ltr'> </span> 
     </span>
    </p>
   </div>
  </div>
 </body>
</html>
