<?xml version="1.0" encoding="UTF-8"?>
<!DOCTYPE html PUBLIC "-//W3C//DTD XHTML 1.0 Transitional//EN"
    "http://www.w3.org/TR/xhtml1/DTD/xhtml1-transitional.dtd">
<html xmlns="http://www.w3.org/1999/xhtml" xml:lang="en" lang="en">
 <head>
  <title>
</title>
<meta http-equiv="Content-Type" content="text/html;charset=utf-8" />
  <meta name='ocr-system' content='tesseract 3.04.00' />
  <meta name='ocr-capabilities' content='ocr_page ocr_carea ocr_par ocr_line ocrx_word'/>
</head>
<body>
  <div class='ocr_page' id='page_1' title='image "./summatheologica00nicogoog_0461.png"; bbox 0 0 1984 3309; ppageno 0'>
   <div class='ocr_carea' id='block_1_1' title="bbox 158 182 747 243">
    <p class='ocr_par' dir='ltr' id='par_1_1' title="bbox 158 182 747 243">
     <span class='ocr_line' id='line_1_1' title="bbox 158 182 747 243; baseline 0 -13"><span class='ocrx_word' id='word_1_1' title='bbox 158 182 203 232; x_wconf 80' lang='lat' dir='ltr'><strong>tto</strong></span> <span class='ocrx_word' id='word_1_2' title='bbox 361 191 421 230; x_wconf 79' lang='lat' dir='ltr'><strong>rans</strong></span> <span class='ocrx_word' id='word_1_3' title='bbox 437 194 459 243; x_wconf 86' lang='lat' dir='ltr'><strong>r,</strong></span> <span class='ocrx_word' id='word_1_4' title='bbox 475 190 567 237; x_wconf 76' lang='lat' dir='ltr'><strong>ouusr.</strong></span> <span class='ocrx_word' id='word_1_5' title='bbox 585 193 640 241; x_wconf 82' lang='lat' dir='ltr'><strong>cnr,</strong></span> <span class='ocrx_word' id='word_1_6' title='bbox 653 188 708 229; x_wconf 80' lang='lat' dir='ltr'><strong>lar.</strong></span> <span class='ocrx_word' id='word_1_7' title='bbox 723 191 747 230; x_wconf 82' lang='lat' dir='ltr'><strong>rr.</strong></span> 
     </span>
    </p>
   </div>
   <div class='ocr_carea' id='block_1_2' title="bbox 156 262 950 1342">
    <p class='ocr_par' dir='ltr' id='par_1_2' title="bbox 156 262 948 896">
     <span class='ocr_line' id='line_1_2' title="bbox 157 262 943 334; baseline -0.01 -13"><span class='ocrx_word' id='word_1_8' title='bbox 157 272 199 321; x_wconf 84' lang='lat' dir='ltr'><strong>llei</strong></span> <span class='ocrx_word' id='word_1_9' title='bbox 211 269 507 320; x_wconf 81' lang='lat' dir='ltr'><strong>assimilationemoreatura</strong></span> <span class='ocrx_word' id='word_1_10' title='bbox 516 268 657 334; x_wconf 78' lang='lat' dir='ltr'><strong>perduoilnr3</strong></span> <span class='ocrx_word' id='word_1_11' title='bbox 669 273 692 319; x_wconf 89' lang='lat' dir='ltr'><strong>el</strong></span> <span class='ocrx_word' id='word_1_12' title='bbox 702 269 735 318; x_wconf 86' lang='lat' dir='ltr'><strong>sio</strong></span> <span class='ocrx_word' id='word_1_13' title='bbox 746 269 772 318; x_wconf 93' lang='lat' dir='ltr'><strong>in</strong></span> <span class='ocrx_word' id='word_1_14' title='bbox 787 262 883 331; x_wconf 83' lang='lat' dir='ltr'><strong>generali</strong></span> <span class='ocrx_word' id='word_1_15' title='bbox 897 268 943 316; x_wconf 89' lang='lat' dir='ltr'><strong>sunl</strong></span> 
     </span>
     <span class='ocr_line' id='line_1_3' title="bbox 156 339 944 404; baseline -0.008 -12"><span class='ocrx_word' id='word_1_16' title='bbox 156 343 202 392; x_wconf 84' lang='lat' dir='ltr'><strong>duo</strong></span> <span class='ocrx_word' id='word_1_17' title='bbox 226 342 322 392; x_wconf 85' lang='lat' dir='ltr'><strong>ellectus</strong></span> <span class='ocrx_word' id='word_1_18' title='bbox 342 341 520 404; x_wconf 78' lang='lat' dir='ltr'><strong>gubernationis.</strong></span> <span class='ocrx_word' id='word_1_19' title='bbox 539 343 646 392; x_wconf 76' lang='lat' dir='ltr'><strong>ereatura</strong></span> <span class='ocrx_word' id='word_1_20' title='bbox 667 341 727 392; x_wconf 83' lang='lat' dir='ltr'><strong>enirn</strong></span> <span class='ocrx_word' id='word_1_21' title='bbox 752 340 885 391; x_wconf 78' lang='lat' dir='ltr'><strong>assimilatur</strong></span> <span class='ocrx_word' id='word_1_22' title='bbox 904 339 944 387; x_wconf 89' lang='lat' dir='ltr'><strong>lleo</strong></span> 
     </span>
     <span class='ocr_line' id='line_1_4' title="bbox 156 411 945 476; baseline -0.005 -14"><span class='ocrx_word' id='word_1_23' title='bbox 156 417 266 476; x_wconf 81' lang='lat' dir='ltr'><strong>quantum</strong></span> <span class='ocrx_word' id='word_1_24' title='bbox 278 412 306 462; x_wconf 88' lang='lat' dir='ltr'><strong>ad</strong></span> <span class='ocrx_word' id='word_1_25' title='bbox 318 413 377 474; x_wconf 85' lang='lat' dir='ltr'><strong>duo,</strong></span> <span class='ocrx_word' id='word_1_26' title='bbox 388 411 476 462; x_wconf 84' lang='lat' dir='ltr'><strong>scilieet</strong></span> <span class='ocrx_word' id='word_1_27' title='bbox 484 416 594 475; x_wconf 86' lang='lat' dir='ltr'><strong>quantum</strong></span> <span class='ocrx_word' id='word_1_28' title='bbox 605 413 633 463; x_wconf 87' lang='lat' dir='ltr'><strong>ad</strong></span> <span class='ocrx_word' id='word_1_29' title='bbox 643 414 666 462; x_wconf 91' lang='lat' dir='ltr'><strong>id</strong></span> <span class='ocrx_word' id='word_1_30' title='bbox 679 412 740 476; x_wconf 84' lang='lat' dir='ltr'><strong>quod</strong></span> <span class='ocrx_word' id='word_1_31' title='bbox 753 415 814 462; x_wconf 85' lang='lat' dir='ltr'><strong>Deus</strong></span> <span class='ocrx_word' id='word_1_32' title='bbox 823 413 894 462; x_wconf 92' lang='lat' dir='ltr'><strong>bonus</strong></span> <span class='ocrx_word' id='word_1_33' title='bbox 906 413 945 471; x_wconf 80' lang='lat' dir='ltr'><strong>est,</strong></span> 
     </span>
     <span class='ocr_line' id='line_1_5' title="bbox 156 483 947 550; baseline -0.003 -17"><span class='ocrx_word' id='word_1_34' title='bbox 156 484 302 548; x_wconf 86' lang='lat' dir='ltr'><strong>inquantum</strong></span> <span class='ocrx_word' id='word_1_35' title='bbox 315 487 417 534; x_wconf 86' lang='lat' dir='ltr'><strong>ereatura</strong></span> <span class='ocrx_word' id='word_1_36' title='bbox 434 488 470 535; x_wconf 89' lang='lat' dir='ltr'><strong>est</strong></span> <span class='ocrx_word' id='word_1_37' title='bbox 482 485 556 548; x_wconf 86' lang='lat' dir='ltr'><strong>bona,</strong></span> <span class='ocrx_word' id='word_1_38' title='bbox 568 489 591 535; x_wconf 87' lang='lat' dir='ltr'><strong>et</strong></span> <span class='ocrx_word' id='word_1_39' title='bbox 607 489 714 549; x_wconf 86' lang='lat' dir='ltr'><strong>qrranluur</strong></span> <span class='ocrx_word' id='word_1_40' title='bbox 726 483 755 535; x_wconf 86' lang='lat' dir='ltr'><strong>ad</strong></span> <span class='ocrx_word' id='word_1_41' title='bbox 769 487 813 536; x_wconf 84' lang='lat' dir='ltr'><strong>boe</strong></span> <span class='ocrx_word' id='word_1_42' title='bbox 827 483 886 550; x_wconf 82' lang='lat' dir='ltr'><strong>quod</strong></span> <span class='ocrx_word' id='word_1_43' title='bbox 896 483 947 533; x_wconf 87' lang='lat' dir='ltr'><strong>bens</strong></span> 
     </span>
     <span class='ocr_line' id='line_1_6' title="bbox 157 555 947 621; baseline -0.004 -14"><span class='ocrx_word' id='word_1_44' title='bbox 157 560 193 607; x_wconf 86' lang='lat' dir='ltr'><strong>est</strong></span> <span class='ocrx_word' id='word_1_45' title='bbox 205 555 256 607; x_wconf 89' lang='lat' dir='ltr'><strong>aliis</strong></span> <span class='ocrx_word' id='word_1_46' title='bbox 267 571 334 609; x_wconf 84' lang='lat' dir='ltr'><strong>eausa</strong></span> <span class='ocrx_word' id='word_1_47' title='bbox 347 557 469 619; x_wconf 89' lang='lat' dir='ltr'><strong>bonitatis,</strong></span> <span class='ocrx_word' id='word_1_48' title='bbox 481 557 506 607; x_wconf 90' lang='lat' dir='ltr'><strong>irr</strong></span> <span class='ocrx_word' id='word_1_49' title='bbox 516 562 625 621; x_wconf 83' lang='lat' dir='ltr'><strong>quantum</strong></span> <span class='ocrx_word' id='word_1_50' title='bbox 634 571 679 607; x_wconf 90' lang='lat' dir='ltr'><strong>uua</strong></span> <span class='ocrx_word' id='word_1_51' title='bbox 693 560 794 607; x_wconf 83' lang='lat' dir='ltr'><strong>creatura</strong></span> <span class='ocrx_word' id='word_1_52' title='bbox 805 560 880 608; x_wconf 85' lang='lat' dir='ltr'><strong>moret</strong></span> <span class='ocrx_word' id='word_1_53' title='bbox 888 555 947 606; x_wconf 85' lang='lat' dir='ltr'><strong>aliam</strong></span> 
     </span>
     <span class='ocr_line' id='line_1_7' title="bbox 158 627 948 692; baseline -0.006 -14"><span class='ocrx_word' id='word_1_54' title='bbox 158 629 186 678; x_wconf 79' lang='lat' dir='ltr'><strong>aul</strong></span> <span class='ocrx_word' id='word_1_55' title='bbox 200 628 332 680; x_wconf 66' lang='lat' dir='ltr'><strong>bonitatem</strong></span> <span class='ocrx_word' id='word_1_56' title='bbox 344 630 408 680; x_wconf 83' lang='lat' dir='ltr'><strong>Unde</strong></span> <span class='ocrx_word' id='word_1_57' title='bbox 422 630 468 679; x_wconf 85' lang='lat' dir='ltr'><strong>duo</strong></span> <span class='ocrx_word' id='word_1_58' title='bbox 479 633 534 679; x_wconf 88' lang='lat' dir='ltr'><strong>sunl</strong></span> <span class='ocrx_word' id='word_1_59' title='bbox 553 629 648 680; x_wconf 81' lang='lat' dir='ltr'><strong>effeetus</strong></span> <span class='ocrx_word' id='word_1_60' title='bbox 669 629 857 692; x_wconf 70' lang='lat' dir='ltr'><strong>gubernationis,</strong></span> <span class='ocrx_word' id='word_1_61' title='bbox 872 627 948 678; x_wconf 69' lang='lat' dir='ltr'><strong>scilian</strong></span> 
     </span>
     <span class='ocr_line' id='line_1_8' title="bbox 158 699 947 762; baseline -0.004 -12"><span class='ocrx_word' id='word_1_62' title='bbox 158 701 298 752; x_wconf 83' lang='lat' dir='ltr'><strong>conservatio</strong></span> <span class='ocrx_word' id='word_1_63' title='bbox 316 715 390 752; x_wconf 85' lang='lat' dir='ltr'><strong>rerum</strong></span> <span class='ocrx_word' id='word_1_64' title='bbox 402 703 426 751; x_wconf 93' lang='lat' dir='ltr'><strong>iu</strong></span> <span class='ocrx_word' id='word_1_65' title='bbox 438 703 512 762; x_wconf 89' lang='lat' dir='ltr'><strong>bono,</strong></span> <span class='ocrx_word' id='word_1_66' title='bbox 524 705 548 751; x_wconf 87' lang='lat' dir='ltr'><strong>et</strong></span> <span class='ocrx_word' id='word_1_67' title='bbox 565 701 633 752; x_wconf 85' lang='lat' dir='ltr'><strong>motio</strong></span> <span class='ocrx_word' id='word_1_68' title='bbox 646 713 722 752; x_wconf 80' lang='lat' dir='ltr'><strong>aarum</strong></span> <span class='ocrx_word' id='word_1_69' title='bbox 733 702 762 751; x_wconf 82' lang='lat' dir='ltr'><strong>aul</strong></span> <span class='ocrx_word' id='word_1_70' title='bbox 773 699 867 752; x_wconf 65' lang='lat' dir='ltr'><strong>bonum</strong></span> <span class='ocrx_word' id='word_1_71' title='bbox 881 699 947 750; x_wconf 85' lang='lat' dir='ltr'><strong>Tertio</strong></span> 
     </span>
     <span class='ocr_line' id='line_1_9' title="bbox 159 770 946 838; baseline -0.003 -16"><span class='ocrx_word' id='word_1_72' title='bbox 159 774 225 824; x_wconf 90' lang='lat' dir='ltr'><strong>ruodo</strong></span> <span class='ocrx_word' id='word_1_73' title='bbox 238 777 313 838; x_wconf 86' lang='lat' dir='ltr'><strong>potest</strong></span> <span class='ocrx_word' id='word_1_74' title='bbox 323 773 460 825; x_wconf 86' lang='lat' dir='ltr'><strong>considerari</strong></span> <span class='ocrx_word' id='word_1_75' title='bbox 471 773 566 824; x_wconf 82' lang='lat' dir='ltr'><strong>allectus</strong></span> <span class='ocrx_word' id='word_1_76' title='bbox 583 773 753 837; x_wconf 80' lang='lat' dir='ltr'><strong>grubernationis</strong></span> <span class='ocrx_word' id='word_1_77' title='bbox 772 773 796 822; x_wconf 78' lang='lat' dir='ltr'><strong>iu</strong></span> <span class='ocrx_word' id='word_1_78' title='bbox 812 770 946 838; x_wconf 58' lang='lat' dir='ltr'><strong>particulata</strong></span> 
     </span>
     <span class='ocr_line' id='line_1_10' title="bbox 158 843 569 896; baseline 0.005 -4"><span class='ocrx_word' id='word_1_79' title='bbox 158 847 182 892; x_wconf 86' lang='lat' dir='ltr'><strong>el</strong></span> <span class='ocrx_word' id='word_1_80' title='bbox 193 843 225 894; x_wconf 86' lang='lat' dir='ltr'><strong>sio</strong></span> <span class='ocrx_word' id='word_1_81' title='bbox 238 849 292 895; x_wconf 86' lang='lat' dir='ltr'><strong>suut</strong></span> <span class='ocrx_word' id='word_1_82' title='bbox 305 845 370 896; x_wconf 88' lang='lat' dir='ltr'><strong>nobis</strong></span> <span class='ocrx_word' id='word_1_83' title='bbox 385 845 569 895; x_wconf 85' lang='lat' dir='ltr'><strong>innumerabiles.</strong></span> 
     </span>
    </p>

    <p class='ocr_par' dir='ltr' id='par_1_3' title="bbox 159 915 950 1269">
     <span class='ocr_line' id='line_1_11' title="bbox 191 915 946 980; baseline -0.003 -15"><span class='ocrx_word' id='word_1_84' title='bbox 191 917 224 966; x_wconf 77' lang='lat' dir='ltr'><strong>ad</strong></span> <span class='ocrx_word' id='word_1_85' title='bbox 236 917 333 980; x_wconf 85' lang='lat' dir='ltr'><strong>primurn</strong></span> <span class='ocrx_word' id='word_1_86' title='bbox 347 931 401 980; x_wconf 89' lang='lat' dir='ltr'><strong>ergo</strong></span> <span class='ocrx_word' id='word_1_87' title='bbox 414 917 535 967; x_wconf 82' lang='lat' dir='ltr'><strong>dicendum</strong></span> <span class='ocrx_word' id='word_1_88' title='bbox 541 953 549 979; x_wconf 91' lang='lat'><em>‚</em></span> <span class='ocrx_word' id='word_1_89' title='bbox 563 915 623 978; x_wconf 84' lang='lat' dir='ltr'><strong>qubd</strong></span> <span class='ocrx_word' id='word_1_90' title='bbox 638 917 692 968; x_wconf 93' lang='lat' dir='ltr'><strong>ordo</strong></span> <span class='ocrx_word' id='word_1_91' title='bbox 705 917 805 967; x_wconf 78' lang='lat' dir='ltr'><strong>uniuersi</strong></span> <span class='ocrx_word' id='word_1_92' title='bbox 817 917 914 968; x_wconf 82' lang='lat' dir='ltr'><strong>includit</strong></span> <span class='ocrx_word' id='word_1_93' title='bbox 928 915 946 963; x_wconf 89' lang='lat' dir='ltr'><strong>in</strong></span> 
     </span>
     <span class='ocr_line' id='line_1_12' title="bbox 160 987 947 1048; baseline 0 -12"><span class='ocrx_word' id='word_1_94' title='bbox 160 999 186 1036; x_wconf 90' lang='lat' dir='ltr'><strong>se</strong></span> <span class='ocrx_word' id='word_1_95' title='bbox 206 990 230 1037; x_wconf 85' lang='lat' dir='ltr'><strong>et</strong></span> <span class='ocrx_word' id='word_1_96' title='bbox 245 988 440 1043; x_wconf 63' lang='lat' dir='ltr'><strong>oonoerualioueur</strong></span> <span class='ocrx_word' id='word_1_97' title='bbox 453 1001 530 1039; x_wconf 86' lang='lat' dir='ltr'><strong>rerum</strong></span> <span class='ocrx_word' id='word_1_98' title='bbox 546 987 683 1038; x_wconf 84' lang='lat' dir='ltr'><strong>diversarum</strong></span> <span class='ocrx_word' id='word_1_99' title='bbox 702 987 775 1039; x_wconf 80' lang='lat' dir='ltr'><strong>ibeo</strong></span> <span class='ocrx_word' id='word_1_100' title='bbox 793 989 947 1048; x_wconf 80' lang='lat' dir='ltr'><strong>institutarum,</strong></span> 
     </span>
     <span class='ocr_line' id='line_1_13' title="bbox 160 1059 949 1125; baseline 0 -17"><span class='ocrx_word' id='word_1_101' title='bbox 160 1063 183 1109; x_wconf 87' lang='lat' dir='ltr'><strong>et</strong></span> <span class='ocrx_word' id='word_1_102' title='bbox 198 1060 320 1111; x_wconf 86' lang='lat' dir='ltr'><strong>motionem</strong></span> <span class='ocrx_word' id='word_1_103' title='bbox 331 1074 421 1125; x_wconf 82' lang='lat' dir='ltr'><strong>earum3</strong></span> <span class='ocrx_word' id='word_1_104' title='bbox 437 1061 489 1124; x_wconf 84' lang='lat' dir='ltr'><strong>quia</strong></span> <span class='ocrx_word' id='word_1_105' title='bbox 507 1059 632 1111; x_wconf 85' lang='lat' dir='ltr'><strong>secundlrnr</strong></span> <span class='ocrx_word' id='word_1_106' title='bbox 647 1061 697 1111; x_wconf 85' lang='lat' dir='ltr'><strong>brae</strong></span> <span class='ocrx_word' id='word_1_107' title='bbox 712 1061 756 1112; x_wconf 90' lang='lat' dir='ltr'><strong>duo</strong></span> <span class='ocrx_word' id='word_1_108' title='bbox 769 1061 887 1112; x_wconf 85' lang='lat' dir='ltr'><strong>invenitur</strong></span> <span class='ocrx_word' id='word_1_109' title='bbox 905 1060 949 1112; x_wconf 90' lang='lat' dir='ltr'><strong>orlo</strong></span> 
     </span>
     <span class='ocr_line' id='line_1_14' title="bbox 159 1131 950 1197; baseline -0.001 -16"><span class='ocrx_word' id='word_1_110' title='bbox 159 1133 185 1182; x_wconf 89' lang='lat' dir='ltr'><strong>in</strong></span> <span class='ocrx_word' id='word_1_111' title='bbox 193 1131 268 1190; x_wconf 86' lang='lat' dir='ltr'><strong>rebus,</strong></span> <span class='ocrx_word' id='word_1_112' title='bbox 281 1131 405 1182; x_wconf 85' lang='lat' dir='ltr'><strong>seeuudbm</strong></span> <span class='ocrx_word' id='word_1_113' title='bbox 416 1133 502 1183; x_wconf 82' lang='lat' dir='ltr'><strong>seilicet</strong></span> <span class='ocrx_word' id='word_1_114' title='bbox 510 1132 569 1196; x_wconf 81' lang='lat' dir='ltr'><strong>qrrbrl</strong></span> <span class='ocrx_word' id='word_1_115' title='bbox 580 1147 627 1183; x_wconf 87' lang='lat' dir='ltr'><strong>uua</strong></span> <span class='ocrx_word' id='word_1_116' title='bbox 637 1135 672 1184; x_wconf 92' lang='lat' dir='ltr'><strong>est</strong></span> <span class='ocrx_word' id='word_1_117' title='bbox 680 1133 760 1184; x_wconf 86' lang='lat' dir='ltr'><strong>melior</strong></span> <span class='ocrx_word' id='word_1_118' title='bbox 773 1133 827 1197; x_wconf 77' lang='lat' dir='ltr'><strong>alil,</strong></span> <span class='ocrx_word' id='word_1_119' title='bbox 841 1137 866 1185; x_wconf 88' lang='lat' dir='ltr'><strong>et</strong></span> <span class='ocrx_word' id='word_1_120' title='bbox 878 1144 950 1185; x_wconf 82' lang='lat' dir='ltr'><strong>seeun-</strong></span> 
     </span>
     <span class='ocr_line' id='line_1_15' title="bbox 161 1203 571 1269; baseline 0 -15"><span class='ocrx_word' id='word_1_121' title='bbox 161 1203 214 1254; x_wconf 84' lang='lat' dir='ltr'><strong>dbm</strong></span> <span class='ocrx_word' id='word_1_122' title='bbox 226 1203 287 1269; x_wconf 84' lang='lat' dir='ltr'><strong>quod</strong></span> <span class='ocrx_word' id='word_1_123' title='bbox 301 1218 348 1254; x_wconf 88' lang='lat' dir='ltr'><strong>uua</strong></span> <span class='ocrx_word' id='word_1_124' title='bbox 360 1204 389 1254; x_wconf 85' lang='lat' dir='ltr'><strong>ab</strong></span> <span class='ocrx_word' id='word_1_125' title='bbox 402 1204 446 1254; x_wconf 87' lang='lat' dir='ltr'><strong>alia</strong></span> <span class='ocrx_word' id='word_1_126' title='bbox 459 1208 571 1255; x_wconf 82' lang='lat' dir='ltr'><strong>moretur.</strong></span> 
     </span>
    </p>

    <p class='ocr_par' dir='ltr' id='par_1_4' title="bbox 191 1275 836 1342">
     <span class='ocr_line' id='line_1_16' title="bbox 191 1275 836 1342; baseline 0.006 -16"><span class='ocrx_word' id='word_1_127' title='bbox 191 1275 225 1326; x_wconf 79' lang='lat' dir='ltr'><strong>bd</strong></span> <span class='ocrx_word' id='word_1_128' title='bbox 235 1276 280 1327; x_wconf 86' lang='lat' dir='ltr'><strong>alia</strong></span> <span class='ocrx_word' id='word_1_129' title='bbox 291 1277 336 1327; x_wconf 88' lang='lat' dir='ltr'><strong>duo</strong></span> <span class='ocrx_word' id='word_1_130' title='bbox 346 1279 409 1340; x_wconf 81' lang='lat' dir='ltr'><strong>patet</strong></span> <span class='ocrx_word' id='word_1_131' title='bbox 419 1276 541 1342; x_wconf 82' lang='lat' dir='ltr'><strong>responsio</strong></span> <span class='ocrx_word' id='word_1_132' title='bbox 549 1289 625 1340; x_wconf 81' lang='lat' dir='ltr'><strong>persa</strong></span> <span class='ocrx_word' id='word_1_133' title='bbox 638 1291 689 1341; x_wconf 82' lang='lat' dir='ltr'><strong>qua</strong></span> <span class='ocrx_word' id='word_1_134' title='bbox 699 1278 759 1328; x_wconf 83' lang='lat' dir='ltr'><strong>diota</strong></span> <span class='ocrx_word' id='word_1_135' title='bbox 773 1283 836 1330; x_wconf 81' lang='lat' dir='ltr'><strong>eruut.</strong></span> 
     </span>
    </p>
   </div>
   <div class='ocr_carea' id='block_1_3' title="bbox 340 1427 657 1481">
    <p class='ocr_par' dir='ltr' id='par_1_5' title="bbox 340 1427 657 1481">
     <span class='ocr_line' id='line_1_17' title="bbox 340 1427 657 1481; baseline 0.009 -3"><span class='ocrx_word' id='word_1_136' title='bbox 340 1449 345 1458; x_wconf 91' lang='lat'><strong>·</strong></span> <span class='ocrx_word' id='word_1_137' title='bbox 402 1441 404 1445; x_wconf 88' lang='grc'><strong>’</strong></span> <span class='ocrx_word' id='word_1_138' title='bbox 455 1427 616 1480; x_wconf 79' lang='lat' dir='ltr'><strong>bllTlCULUS</strong></span> <span class='ocrx_word' id='word_1_139' title='bbox 631 1431 657 1481; x_wconf 83' lang='lat' dir='ltr'><strong>V.</strong></span> 
     </span>
    </p>
   </div>
   <div class='ocr_carea' id='block_1_4' title="bbox 251 1546 867 1602">
    <p class='ocr_par' dir='ltr' id='par_1_6' title="bbox 251 1546 867 1602">
     <span class='ocr_line' id='line_1_18' title="bbox 251 1546 867 1602; baseline 0.002 -11"><span class='ocrx_word' id='word_1_140' title='bbox 251 1547 336 1591; x_wconf 80' lang='lat' dir='ltr'><strong>Utralm</strong></span> <span class='ocrx_word' id='word_1_141' title='bbox 350 1548 431 1591; x_wconf 80' lang='lat' dir='ltr'><strong>omnia</strong></span> <span class='ocrx_word' id='word_1_142' title='bbox 443 1547 530 1591; x_wconf 77' lang='lat' dir='ltr'><strong>divinae</strong></span> <span class='ocrx_word' id='word_1_143' title='bbox 545 1546 710 1602; x_wconf 72' lang='lat' dir='ltr'><strong>gubernationi</strong></span> <span class='ocrx_word' id='word_1_144' title='bbox 723 1547 867 1592; x_wconf 79' lang='lat' dir='ltr'><strong>subdantur.</strong></span> 
     </span>
    </p>
   </div>
   <div class='ocr_carea' id='block_1_5' title="bbox 159 1663 955 2662">
    <p class='ocr_par' dir='ltr' id='par_1_7' title="bbox 160 1663 954 2158">
     <span class='ocr_line' id='line_1_19' title="bbox 192 1663 951 1730; baseline -0.004 -14"><span class='ocrx_word' id='word_1_145' title='bbox 192 1666 226 1716; x_wconf 82' lang='lat' dir='ltr'><strong>bd</strong></span> <span class='ocrx_word' id='word_1_146' title='bbox 238 1665 341 1730; x_wconf 79' lang='lat' dir='ltr'><strong>quintum</strong></span> <span class='ocrx_word' id='word_1_147' title='bbox 357 1665 389 1715; x_wconf 88' lang='lat' dir='ltr'><strong>sio</strong></span> <span class='ocrx_word' id='word_1_148' title='bbox 402 1665 531 1729; x_wconf 72' lang='lat' dir='ltr'><strong>proceditur</strong></span> <span class='ocrx_word' id='word_1_149' title='bbox 541 1663 585 1730; x_wconf 78' lang='lat' dir='ltr'><strong>(l).</strong></span> <span class='ocrx_word' id='word_1_150' title='bbox 595 1665 688 1714; x_wconf 84' lang='lat' dir='ltr'><strong>Videtur</strong></span> <span class='ocrx_word' id='word_1_151' title='bbox 697 1665 758 1729; x_wconf 71' lang='lat' dir='ltr'><strong>pubal</strong></span> <span class='ocrx_word' id='word_1_152' title='bbox 772 1679 819 1716; x_wconf 87' lang='lat' dir='ltr'><strong>non</strong></span> <span class='ocrx_word' id='word_1_153' title='bbox 835 1668 913 1725; x_wconf 86' lang='lat' dir='ltr'><strong>omnia</strong></span> <span class='ocrx_word' id='word_1_154' title='bbox 925 1666 951 1715; x_wconf 87' lang='lat' dir='ltr'><strong>dr-</strong></span> 
     </span>
     <span class='ocr_line' id='line_1_20' title="bbox 160 1735 953 1799; baseline -0.003 -15"><span class='ocrx_word' id='word_1_155' title='bbox 160 1736 219 1787; x_wconf 85' lang='lat' dir='ltr'><strong>ninae</strong></span> <span class='ocrx_word' id='word_1_156' title='bbox 227 1736 387 1799; x_wconf 82' lang='lat' dir='ltr'><strong>gubernationi</strong></span> <span class='ocrx_word' id='word_1_157' title='bbox 395 1738 529 1787; x_wconf 79' lang='lat' dir='ltr'><strong>subdantur.</strong></span> <span class='ocrx_word' id='word_1_158' title='bbox 540 1735 625 1786; x_wconf 86' lang='lat' dir='ltr'><strong>llioilur</strong></span> <span class='ocrx_word' id='word_1_159' title='bbox 636 1736 697 1786; x_wconf 90' lang='lat' dir='ltr'><strong>enim</strong></span> <span class='ocrx_word' id='word_1_160' title='bbox 708 1737 811 1794; x_wconf 70' lang='lat' dir='ltr'><strong>becles,</strong></span> <span class='ocrx_word' id='word_1_161' title='bbox 824 1740 856 1789; x_wconf 88' lang='lat' dir='ltr'><strong>lll</strong></span> <span class='ocrx_word' id='word_1_162' title='bbox 868 1755 874 1789; x_wconf 79' lang='lat' dir='ltr'><strong><em>z</em></strong></span> <span class='ocrx_word' id='word_1_163' title='bbox 887 1735 953 1788; x_wconf 83' lang='lat' dir='ltr'><strong>«Vidi</strong></span> 
     </span>
     <span class='ocr_line' id='line_1_21' title="bbox 160 1809 953 1876; baseline -0.003 -18"><span class='ocrx_word' id='word_1_164' title='bbox 160 1809 202 1859; x_wconf 89' lang='lat' dir='ltr'><strong>sub</strong></span> <span class='ocrx_word' id='word_1_165' title='bbox 213 1811 269 1873; x_wconf 91' lang='lat' dir='ltr'><strong>sole,</strong></span> <span class='ocrx_word' id='word_1_166' title='bbox 282 1823 324 1859; x_wconf 87' lang='lat' dir='ltr'><strong>uec</strong></span> <span class='ocrx_word' id='word_1_167' title='bbox 331 1809 443 1860; x_wconf 81' lang='lat' dir='ltr'><strong>velocium</strong></span> <span class='ocrx_word' id='word_1_168' title='bbox 457 1823 507 1860; x_wconf 88' lang='lat' dir='ltr'><strong>esse</strong></span> <span class='ocrx_word' id='word_1_169' title='bbox 522 1823 626 1868; x_wconf 72' lang='lat' dir='ltr'><strong>cunum,</strong></span> <span class='ocrx_word' id='word_1_170' title='bbox 641 1822 684 1858; x_wconf 84' lang='lat' dir='ltr'><strong>nee</strong></span> <span class='ocrx_word' id='word_1_171' title='bbox 698 1809 789 1859; x_wconf 84' lang='lat' dir='ltr'><strong>sortium</strong></span> <span class='ocrx_word' id='word_1_172' title='bbox 800 1810 903 1876; x_wconf 83' lang='lat' dir='ltr'><strong>bellum,</strong></span> <span class='ocrx_word' id='word_1_173' title='bbox 917 1822 953 1860; x_wconf 89' lang='lat' dir='ltr'><strong>nec</strong></span> 
     </span>
     <span class='ocr_line' id='line_1_22' title="bbox 161 1878 953 1945; baseline 0 -15"><span class='ocrx_word' id='word_1_174' title='bbox 161 1878 299 1944; x_wconf 88' lang='lat' dir='ltr'><strong>sapientium</strong></span> <span class='ocrx_word' id='word_1_175' title='bbox 310 1894 408 1945; x_wconf 88' lang='lat' dir='ltr'><strong>panem,</strong></span> <span class='ocrx_word' id='word_1_176' title='bbox 421 1894 463 1931; x_wconf 87' lang='lat' dir='ltr'><strong>nec</strong></span> <span class='ocrx_word' id='word_1_177' title='bbox 477 1881 594 1931; x_wconf 87' lang='lat' dir='ltr'><strong>doctorum</strong></span> <span class='ocrx_word' id='word_1_178' title='bbox 605 1880 711 1944; x_wconf 85' lang='lat' dir='ltr'><strong>diuitias,</strong></span> <span class='ocrx_word' id='word_1_179' title='bbox 726 1893 768 1930; x_wconf 86' lang='lat' dir='ltr'><strong>nec</strong></span> <span class='ocrx_word' id='word_1_180' title='bbox 784 1881 899 1933; x_wconf 85' lang='lat' dir='ltr'><strong>artificum</strong></span> <span class='ocrx_word' id='word_1_181' title='bbox 909 1894 953 1944; x_wconf 88' lang='lat' dir='ltr'><strong>gra·</strong></span> 
     </span>
     <span class='ocr_line' id='line_1_23' title="bbox 160 1951 952 2018; baseline 0.003 -18"><span class='ocrx_word' id='word_1_182' title='bbox 160 1952 231 2016; x_wconf 69' lang='lat' dir='ltr'><strong>liuor,</strong></span> <span class='ocrx_word' id='word_1_183' title='bbox 244 1953 284 2003; x_wconf 86' lang='lat' dir='ltr'><strong>sed</strong></span> <span class='ocrx_word' id='word_1_184' title='bbox 295 1957 387 2017; x_wconf 89' lang='lat' dir='ltr'><strong>ternpus</strong></span> <span class='ocrx_word' id='word_1_185' title='bbox 398 1966 518 2016; x_wconf 86' lang='lat' dir='ltr'><strong>casumque</strong></span> <span class='ocrx_word' id='word_1_186' title='bbox 531 1953 555 2002; x_wconf 92' lang='lat' dir='ltr'><strong>iu</strong></span> <span class='ocrx_word' id='word_1_187' title='bbox 568 1953 681 2002; x_wconf 88' lang='lat' dir='ltr'><strong>omnibus.</strong></span> <span class='ocrx_word' id='word_1_188' title='bbox 695 1967 708 1998; x_wconf 83' lang='grc' dir='ltr'><strong>ιι</strong></span> <span class='ocrx_word' id='word_1_189' title='bbox 719 1951 773 2010; x_wconf 83' lang='lat' dir='ltr'><strong>Quae</strong></span> <span class='ocrx_word' id='word_1_190' title='bbox 785 1955 863 2004; x_wconf 88' lang='lat' dir='ltr'><strong>antem</strong></span> <span class='ocrx_word' id='word_1_191' title='bbox 877 1955 952 2018; x_wconf 91' lang='lat' dir='ltr'><strong>guber·</strong></span> 
     </span>
     <span class='ocr_line' id='line_1_24' title="bbox 161 2022 954 2090; baseline -0.004 -17"><span class='ocrx_word' id='word_1_192' title='bbox 161 2025 249 2074; x_wconf 86' lang='lat' dir='ltr'><strong>nationi</strong></span> <span class='ocrx_word' id='word_1_193' title='bbox 260 2023 357 2088; x_wconf 75' lang='lat' dir='ltr'><strong>alioans</strong></span> <span class='ocrx_word' id='word_1_194' title='bbox 370 2023 478 2084; x_wconf 83' lang='lat' dir='ltr'><strong>subsunt,</strong></span> <span class='ocrx_word' id='word_1_195' title='bbox 490 2036 536 2073; x_wconf 92' lang='lat' dir='ltr'><strong>uon</strong></span> <span class='ocrx_word' id='word_1_196' title='bbox 548 2027 601 2073; x_wconf 89' lang='lat' dir='ltr'><strong>suut</strong></span> <span class='ocrx_word' id='word_1_197' title='bbox 612 2022 716 2074; x_wconf 81' lang='lat' dir='ltr'><strong>casualia.</strong></span> <span class='ocrx_word' id='word_1_198' title='bbox 732 2023 790 2084; x_wconf 88' lang='lat' dir='ltr'><strong>Ergo</strong></span> <span class='ocrx_word' id='word_1_199' title='bbox 803 2037 831 2074; x_wconf 88' lang='lat' dir='ltr'><strong>ea</strong></span> <span class='ocrx_word' id='word_1_200' title='bbox 845 2027 954 2090; x_wconf 82' lang='lat' dir='ltr'><strong>quaesunt</strong></span> 
     </span>
     <span class='ocr_line' id='line_1_25' title="bbox 160 2094 732 2158; baseline -0.003 -12"><span class='ocrx_word' id='word_1_201' title='bbox 160 2097 203 2146; x_wconf 91' lang='lat' dir='ltr'><strong>sub</strong></span> <span class='ocrx_word' id='word_1_202' title='bbox 213 2095 269 2158; x_wconf 90' lang='lat' dir='ltr'><strong>sole,</strong></span> <span class='ocrx_word' id='word_1_203' title='bbox 281 2109 328 2147; x_wconf 90' lang='lat' dir='ltr'><strong>non</strong></span> <span class='ocrx_word' id='word_1_204' title='bbox 336 2096 461 2146; x_wconf 86' lang='lat' dir='ltr'><strong>subduntur</strong></span> <span class='ocrx_word' id='word_1_205' title='bbox 471 2094 554 2145; x_wconf 85' lang='lat' dir='ltr'><strong>diuinae</strong></span> <span class='ocrx_word' id='word_1_206' title='bbox 566 2094 732 2157; x_wconf 86' lang='lat' dir='ltr'><strong>gubernationi.</strong></span> 
     </span>
    </p>

    <p class='ocr_par' dir='ltr' id='par_1_8' title="bbox 161 2165 955 2434">
     <span class='ocr_line' id='line_1_26' title="bbox 193 2165 953 2232; baseline -0.008 -14"><span class='ocrx_word' id='word_1_207' title='bbox 193 2173 216 2218; x_wconf 70' lang='grc' dir='ltr'><strong>Ξ.</strong></span> <span class='ocrx_word' id='word_1_208' title='bbox 230 2169 351 2229; x_wconf 84' lang='lat' dir='ltr'><strong>Praterea,</strong></span> <span class='ocrx_word' id='word_1_209' title='bbox 365 2167 494 2232; x_wconf 73' lang='lat' dir='ltr'><strong>Apostolus,</strong></span> <span class='ocrx_word' id='word_1_210' title='bbox 509 2167 528 2215; x_wconf 91' lang='lat' dir='ltr'><strong>l.</strong></span> <span class='ocrx_word' id='word_1_211' title='bbox 544 2165 579 2215; x_wconf 87' lang='lat' dir='ltr'><strong>ud</strong></span> <span class='ocrx_word' id='word_1_212' title='bbox 590 2168 659 2226; x_wconf 63' lang='lat' dir='ltr'><strong>Cor„</strong></span> <span class='ocrx_word' id='word_1_213' title='bbox 672 2165 716 2226; x_wconf 88' lang='lat' dir='ltr'><strong>lll,</strong></span> <span class='ocrx_word' id='word_1_214' title='bbox 727 2165 794 2227; x_wconf 86' lang='lat' dir='ltr'><strong>dicit,</strong></span> <span class='ocrx_word' id='word_1_215' title='bbox 810 2167 874 2230; x_wconf 85' lang='lat' dir='ltr'><strong>qubd</strong></span> <span class='ocrx_word' id='word_1_216' title='bbox 891 2187 905 2217; x_wconf 82' lang='lat' dir='ltr'><strong>o</strong></span> <span class='ocrx_word' id='word_1_217' title='bbox 914 2179 953 2215; x_wconf 89' lang='lat' dir='ltr'><strong>uon</strong></span> 
     </span>
     <span class='ocr_line' id='line_1_27' title="bbox 161 2237 954 2302; baseline -0.005 -12"><span class='ocrx_word' id='word_1_218' title='bbox 161 2243 196 2291; x_wconf 89' lang='lat' dir='ltr'><strong>est</strong></span> <span class='ocrx_word' id='word_1_219' title='bbox 208 2241 254 2291; x_wconf 85' lang='lat' dir='ltr'><strong>Deo</strong></span> <span class='ocrx_word' id='word_1_220' title='bbox 268 2254 321 2290; x_wconf 87' lang='lat' dir='ltr'><strong>nura</strong></span> <span class='ocrx_word' id='word_1_221' title='bbox 334 2239 362 2290; x_wconf 87' lang='lat' dir='ltr'><strong>de</strong></span> <span class='ocrx_word' id='word_1_222' title='bbox 372 2240 452 2290; x_wconf 87' lang='lat' dir='ltr'><strong>bobus.</strong></span> <span class='ocrx_word' id='word_1_223' title='bbox 470 2256 484 2286; x_wconf 86' lang='lat' dir='ltr'><strong>n</strong></span> <span class='ocrx_word' id='word_1_224' title='bbox 499 2239 543 2289; x_wconf 85' lang='lat' dir='ltr'><strong>Sed</strong></span> <span class='ocrx_word' id='word_1_225' title='bbox 559 2237 680 2302; x_wconf 85' lang='lat' dir='ltr'><strong>uuicuique</strong></span> <span class='ocrx_word' id='word_1_226' title='bbox 699 2241 734 2288; x_wconf 90' lang='lat' dir='ltr'><strong>est</strong></span> <span class='ocrx_word' id='word_1_227' title='bbox 748 2252 803 2289; x_wconf 86' lang='lat' dir='ltr'><strong>eura</strong></span> <span class='ocrx_word' id='word_1_228' title='bbox 817 2252 898 2290; x_wconf 88' lang='lat' dir='ltr'><strong>eorum</strong></span> <span class='ocrx_word' id='word_1_229' title='bbox 911 2253 954 2302; x_wconf 83' lang='lat' dir='ltr'><strong>qua</strong></span> 
     </span>
     <span class='ocr_line' id='line_1_28' title="bbox 161 2309 955 2375; baseline -0.004 -14"><span class='ocrx_word' id='word_1_230' title='bbox 161 2312 314 2374; x_wconf 77' lang='lat' dir='ltr'><strong>gubernantur</strong></span> <span class='ocrx_word' id='word_1_231' title='bbox 324 2310 419 2375; x_wconf 90' lang='lat' dir='ltr'><strong>abipso.</strong></span> <span class='ocrx_word' id='word_1_232' title='bbox 433 2313 483 2361; x_wconf 88' lang='lat' dir='ltr'><strong>Non</strong></span> <span class='ocrx_word' id='word_1_233' title='bbox 496 2323 549 2374; x_wconf 87' lang='lat' dir='ltr'><strong>ergo</strong></span> <span class='ocrx_word' id='word_1_234' title='bbox 561 2310 636 2362; x_wconf 88' lang='lat' dir='ltr'><strong>omnia</strong></span> <span class='ocrx_word' id='word_1_235' title='bbox 648 2309 773 2360; x_wconf 89' lang='lat' dir='ltr'><strong>subduntur</strong></span> <span class='ocrx_word' id='word_1_236' title='bbox 781 2309 866 2363; x_wconf 76' lang='lat' dir='ltr'><strong>(lirina</strong></span> <span class='ocrx_word' id='word_1_237' title='bbox 880 2313 955 2374; x_wconf 83' lang='lat' dir='ltr'><strong>guber-</strong></span> 
     </span>
     <span class='ocr_line' id='line_1_29' title="bbox 161 2383 257 2434; baseline 0 -2"><span class='ocrx_word' id='word_1_238' title='bbox 161 2383 257 2434; x_wconf 88' lang='lat' dir='ltr'><strong>nationi.</strong></span> 
     </span>
    </p>

    <p class='ocr_par' dir='ltr' id='par_1_9' title="bbox 159 2453 955 2662">
     <span class='ocr_line' id='line_1_30' title="bbox 193 2453 954 2520; baseline -0.001 -17"><span class='ocrx_word' id='word_1_239' title='bbox 193 2460 216 2505; x_wconf 83' lang='lat'><strong>3.</strong></span> <span class='ocrx_word' id='word_1_240' title='bbox 236 2457 359 2515; x_wconf 82' lang='lat' dir='ltr'><strong>Praeterea,</strong></span> <span class='ocrx_word' id='word_1_241' title='bbox 376 2455 430 2504; x_wconf 88' lang='lat' dir='ltr'><strong>illud</strong></span> <span class='ocrx_word' id='word_1_242' title='bbox 453 2455 513 2518; x_wconf 81' lang='lat' dir='ltr'><strong>quud</strong></span> <span class='ocrx_word' id='word_1_243' title='bbox 535 2453 634 2519; x_wconf 88' lang='lat' dir='ltr'><strong>seipsum</strong></span> <span class='ocrx_word' id='word_1_244' title='bbox 656 2454 779 2513; x_wconf 78' lang='lat' dir='ltr'><strong>gubernare</strong></span> <span class='ocrx_word' id='word_1_245' title='bbox 798 2459 889 2520; x_wconf 82' lang='lat' dir='ltr'><strong>potest,</strong></span> <span class='ocrx_word' id='word_1_246' title='bbox 914 2467 954 2504; x_wconf 91' lang='lat' dir='ltr'><strong>uon</strong></span> 
     </span>
     <span class='ocr_line' id='line_1_31' title="bbox 159 2525 955 2588; baseline -0.003 -14"><span class='ocrx_word' id='word_1_247' title='bbox 159 2525 248 2575; x_wconf 84' lang='lat' dir='ltr'><strong>ridetur</strong></span> <span class='ocrx_word' id='word_1_248' title='bbox 261 2525 351 2574; x_wconf 88' lang='lat' dir='ltr'><strong>alterius</strong></span> <span class='ocrx_word' id='word_1_249' title='bbox 365 2525 525 2588; x_wconf 85' lang='lat' dir='ltr'><strong>gubernatione</strong></span> <span class='ocrx_word' id='word_1_250' title='bbox 538 2525 648 2588; x_wconf 85' lang='lat' dir='ltr'><strong>indigere.</strong></span> <span class='ocrx_word' id='word_1_251' title='bbox 665 2525 710 2576; x_wconf 83' lang='lat' dir='ltr'><strong>Sed</strong></span> <span class='ocrx_word' id='word_1_252' title='bbox 728 2529 831 2576; x_wconf 83' lang='lat' dir='ltr'><strong>creatura</strong></span> <span class='ocrx_word' id='word_1_253' title='bbox 842 2526 955 2578; x_wconf 84' lang='lat' dir='ltr'><strong>rationalis</strong></span> 
     </span>
     <span class='ocr_line' id='line_1_32' title="bbox 160 2596 955 2662; baseline -0.003 -16"><span class='ocrx_word' id='word_1_254' title='bbox 160 2596 257 2660; x_wconf 85' lang='lat' dir='ltr'><strong>seipsam</strong></span> <span class='ocrx_word' id='word_1_255' title='bbox 267 2597 391 2660; x_wconf 88' lang='lat' dir='ltr'><strong>gubernare</strong></span> <span class='ocrx_word' id='word_1_256' title='bbox 405 2599 492 2662; x_wconf 85' lang='lat' dir='ltr'><strong>polest,</strong></span> <span class='ocrx_word' id='word_1_257' title='bbox 507 2596 558 2647; x_wconf 83' lang='lat' dir='ltr'><strong>olum</strong></span> <span class='ocrx_word' id='word_1_258' title='bbox 571 2597 653 2647; x_wconf 87' lang='lat' dir='ltr'><strong>babeat</strong></span> <span class='ocrx_word' id='word_1_259' title='bbox 665 2597 790 2648; x_wconf 82' lang='lat' dir='ltr'><strong>dominium</strong></span> <span class='ocrx_word' id='word_1_260' title='bbox 803 2598 840 2648; x_wconf 88' lang='lat' dir='ltr'><strong>sui</strong></span> <span class='ocrx_word' id='word_1_261' title='bbox 850 2604 927 2661; x_wconf 78' lang='lat' dir='ltr'><strong>aulas,</strong></span> <span class='ocrx_word' id='word_1_262' title='bbox 936 2601 955 2646; x_wconf 87' lang='lat' dir='ltr'><strong>et</strong></span> 
     </span>
    </p>
   </div>
   <div class='ocr_carea' id='block_1_6' title="bbox 159 2743 955 2992">
    <p class='ocr_par' dir='ltr' id='par_1_10' title="bbox 159 2743 955 2992">
     <span class='ocr_line' id='line_1_33' title="bbox 194 2743 955 2806; baseline -0.001 -16"><span class='ocrx_word' id='word_1_263' title='bbox 194 2743 224 2806; x_wconf 85' lang='grc'><strong>(1)</strong></span> <span class='ocrx_word' id='word_1_264' title='bbox 239 2745 272 2789; x_wconf 79' lang='lat' dir='ltr'><strong>Ile</strong></span> <span class='ocrx_word' id='word_1_265' title='bbox 283 2743 319 2789; x_wconf 90' lang='lat' dir='ltr'><strong>bis</strong></span> <span class='ocrx_word' id='word_1_266' title='bbox 332 2744 402 2789; x_wconf 83' lang='lat' dir='ltr'><strong>etiarn</strong></span> <span class='ocrx_word' id='word_1_267' title='bbox 411 2744 494 2802; x_wconf 71' lang='lat' dir='ltr'><strong>supra,</strong></span> <span class='ocrx_word' id='word_1_268' title='bbox 510 2757 548 2800; x_wconf 82' lang='lat' dir='ltr'><strong>qu.</strong></span> <span class='ocrx_word' id='word_1_269' title='bbox 562 2743 605 2805; x_wconf 68' lang='lat' dir='ltr'><strong>bb,</strong></span> <span class='ocrx_word' id='word_1_270' title='bbox 622 2751 665 2790; x_wconf 86' lang='lat' dir='ltr'><strong>art.</strong></span> <span class='ocrx_word' id='word_1_271' title='bbox 676 2744 690 2788; x_wconf 74' lang='lat'><strong>2</strong></span> <span class='ocrx_word' id='word_1_272' title='bbox 701 2751 724 2791; x_wconf 86' lang='lat' dir='ltr'><strong>et</strong></span> <span class='ocrx_word' id='word_1_273' title='bbox 736 2744 763 2798; x_wconf 85' lang='grc'><strong>3;</strong></span> <span class='ocrx_word' id='word_1_274' title='bbox 776 2751 802 2790; x_wconf 89' lang='lat' dir='ltr'><strong>nt</strong></span> <span class='ocrx_word' id='word_1_275' title='bbox 814 2749 868 2806; x_wconf 87' lang='lat' dir='ltr'><strong>etl,</strong></span> <span class='ocrx_word' id='word_1_276' title='bbox 882 2747 955 2794; x_wconf 66' lang='lat' dir='ltr'><strong>Sunt..</strong></span> 
     </span>
     <span class='ocr_line' id='line_1_34' title="bbox 160 2805 952 2869; baseline -0.003 -17"><span class='ocrx_word' id='word_1_277' title='bbox 160 2808 215 2854; x_wconf 82' lang='lat' dir='ltr'><strong>dist.</strong></span> <span class='ocrx_word' id='word_1_278' title='bbox 225 2805 268 2865; x_wconf 76' lang='lat'><strong>39,</strong></span> <span class='ocrx_word' id='word_1_279' title='bbox 281 2819 321 2862; x_wconf 88' lang='lat' dir='ltr'><strong>qu.</strong></span> <span class='ocrx_word' id='word_1_280' title='bbox 332 2806 360 2865; x_wconf 70' lang='lat' dir='ltr'><strong>b,</strong></span> <span class='ocrx_word' id='word_1_281' title='bbox 372 2813 417 2851; x_wconf 89' lang='lat' dir='ltr'><strong>art.</strong></span> <span class='ocrx_word' id='word_1_282' title='bbox 430 2806 457 2862; x_wconf 71' lang='lat'><strong>13</strong></span> <span class='ocrx_word' id='word_1_283' title='bbox 469 2813 492 2852; x_wconf 87' lang='lat' dir='ltr'><strong>et</strong></span> <span class='ocrx_word' id='word_1_284' title='bbox 506 2807 595 2852; x_wconf 78' lang='lat' dir='ltr'><strong>Contra</strong></span> <span class='ocrx_word' id='word_1_285' title='bbox 607 2807 738 2860; x_wconf 83' lang='lat' dir='ltr'><strong>Geot.,lib.</strong></span> <span class='ocrx_word' id='word_1_286' title='bbox 752 2809 799 2869; x_wconf 88' lang='lat'>111,</span> <span class='ocrx_word' id='word_1_287' title='bbox 816 2821 869 2866; x_wconf 81' lang='lat' dir='ltr'><strong>cup.</strong></span> <span class='ocrx_word' id='word_1_288' title='bbox 882 2805 952 2868; x_wconf 78' lang='lat' dir='ltr'><strong>1,st,</strong></span> 
     </span>
     <span class='ocr_line' id='line_1_35' title="bbox 159 2868 953 2931; baseline 0.008 -17"><span class='ocrx_word' id='word_1_289' title='bbox 159 2870 203 2930; x_wconf 77' lang='lat' dir='ltr'><strong>at,</strong></span> <span class='ocrx_word' id='word_1_290' title='bbox 219 2868 278 2923; x_wconf 82' lang='lat' dir='ltr'><strong>lll;</strong></span> <span class='ocrx_word' id='word_1_291' title='bbox 295 2875 319 2914; x_wconf 83' lang='lat' dir='ltr'><strong>et</strong></span> <span class='ocrx_word' id='word_1_292' title='bbox 332 2881 372 2925; x_wconf 87' lang='lat' dir='ltr'><strong>qu.</strong></span> <span class='ocrx_word' id='word_1_293' title='bbox 382 2868 406 2927; x_wconf 85' lang='grc'><strong>5,</strong></span> <span class='ocrx_word' id='word_1_294' title='bbox 417 2870 445 2913; x_wconf 84' lang='lat' dir='ltr'><strong>de</strong></span> <span class='ocrx_word' id='word_1_295' title='bbox 456 2868 533 2931; x_wconf 62' lang='lat' dir='ltr'><strong>verit„</strong></span> <span class='ocrx_word' id='word_1_296' title='bbox 547 2870 616 2916; x_wconf 66' lang='lat' dir='ltr'><strong>arab</strong></span> <span class='ocrx_word' id='word_1_297' title='bbox 630 2877 707 2917; x_wconf 85' lang='lat' dir='ltr'><strong>etart.</strong></span> <span class='ocrx_word' id='word_1_298' title='bbox 720 2871 747 2924; x_wconf 78' lang='grc'><strong>1;</strong></span> <span class='ocrx_word' id='word_1_299' title='bbox 763 2871 904 2930; x_wconf 71' lang='lat' dir='ltr'><strong>et&#39;Opnso„</strong></span> <span class='ocrx_word' id='word_1_300' title='bbox 914 2871 953 2919; x_wconf 67' lang='grc' dir='ltr'>ΙΙΙ,</span> 
     </span>
     <span class='ocr_line' id='line_1_36' title="bbox 162 2930 428 2992; baseline 0.008 -16"><span class='ocrx_word' id='word_1_301' title='bbox 162 2943 215 2990; x_wconf 81' lang='lat' dir='ltr'><strong>eap.</strong></span> <span class='ocrx_word' id='word_1_302' title='bbox 226 2931 286 2992; x_wconf 70' lang='lat' dir='ltr'><strong>aab,</strong></span> <span class='ocrx_word' id='word_1_303' title='bbox 301 2930 361 2991; x_wconf 77' lang='lat'><strong>132,</strong></span> <span class='ocrx_word' id='word_1_304' title='bbox 373 2930 428 2978; x_wconf 73' lang='grc'><strong>133.</strong></span> 
     </span>
    </p>
   </div>
   <div class='ocr_carea' id='block_1_7' title="bbox 0 0 999 3309">
    <p class='ocr_par' dir='ltr' id='par_1_11' title="bbox 0 0 999 3309">
     <span class='ocr_line' id='line_1_37' title="bbox 0 0 999 3309; baseline 0 0"><span class='ocrx_word' id='word_1_305' title='bbox 0 0 999 3309; x_wconf 95' lang='lat' dir='ltr'><strong> </strong></span> 
     </span>
    </p>
   </div>
  </div>
 </body>
</html>
