1984 3309
159 189 407 234 promeruerimus
422 187 575 250 memoror
591 197 699 238 neruum
784 191 829 239 *lta

27 270 129 322 colorem
142 266 197 322 esse
207 270 232 321 in
242 271 367 336 snperhcic.
378 273 478 337 unoque
489 277 565 325 autem
578 276 644 328 modo
656 277 830 330 circumstantie

28 357 53 393 se
71 342 159 394 hahent
179 343 208 393 ad
226 348 304 416 actns3
319 357 373 396 nam
390 343 471 410 aliqua
483 344 659 401 circumstantiae
677 349 785 403 ordinatae
802 353 830 403 ad

29 418 106 464 aetum
120 413 239 479 pertinent
252 416 282 466 ad
292 419 398 481 agentem
407 427 454 466 non
466 416 580 469 mediante
595 423 655 485 actu,
667 420 723 486 poth
734 423 798 474 locus
806 425 830 475 ct

28 485 130 608 condiltlic
147 497 264 551 personae3
282 488 364 552 atque
382 486 438 538 uerd
452 487 565 540 mediante
586 495 655 556 actu,
673 492 733 544 sicut
750 495 830 546 modus

29 571 87 620 agen
112 595 120 608 ’
331 631 489 714 iomannes
503 633 531 684 n.

34 737 121 784 Uirium
130 722 315 785 circumamictio
324 741 486 850 ΙΜἭΜ
496 745 594 788 actuum
601 743 650 788 aiot
656 745 831 794 considerando

364 816 379 848 c
465 818 502 862 gc.

60 913 95 962 dd
106 912 233 963 semndnm
245 911 418 977 sic-proceditur
426 914 470 979 (1).
481 913 577 965 Videtur
583 913 644 978 qudd
654 915 831 972 circumstantiae

29 987 183 1034 humanorum
198 986 289 1034 mum
305 996 353 1034 non
370 983 417 1034 sint
436 985 604 1038 mndderende
621 985 763 1052 itheolcgo.
781 991 832 1040 Non

29 1058 92 1107 enim
113 1055 313 1108 consideranturh
327 1057 433 1121 theologo
446 1060 512 1108 actum
527 1059 632 1124 humani,
647 1058 692 1111 nisi
707 1061 831 1113 secundum

31 1129 93 1193 qnod
105 1130 162 1178 sunt
176 1127 299 1192 aliquales,
314 1127 338 1178 id
355 1133 392 1178 est
404 1128 458 1178 boni
471 1130 510 1180 rel
523 1129 584 1180 mali.
600 1131 644 1182 Sed
659 1130 831 1184 circumstantia

31 1214 76 1251 non
93 1198 200 1250 ridemm
212 1212 281 1263 posse
292 1199 370 1250 lacero
384 1202 448 1249 actus
459 1199 597 1264 aliquotae,
608 1202 662 1265 quia
675 1201 734 1254 nihil
745 1204 833 1267 qualili-

31 1276 105 1335 catnr,
120 1269 246 1321 formaliter
258 1271 380 1335 loquendo,
388 1270 417 1320 ab
426 1283 455 1320 eo
465 1270 525 1334 quod
534 1274 571 1321 est
582 1274 646 1320 extra
655 1271 739 1336 ipsum,
751 1275 793 1324 sed
805 1275 834 1324 ah

31 1358 56 1394 eo
71 1345 134 1408 quod
148 1341 173 1392 io
189 1341 241 1407 ipso
258 1346 301 1393 ost.
316 1344 375 1406 Ergo
393 1341 567 1393 circumstantiae
583 1346 673 1392 actuum
692 1356 739 1394 ucn
756 1345 835 1395 sonti

33 1417 140 1480 theologo
151 1414 326 1467 considerandae.

63 1494 88 1538 a.
103 1489 232 1548 Prmterea
241 1484 415 1538 circumstantie
426 1490 480 1537 suut
490 1484 614 1536 accidentia
627 1488 725 1536 actuum.
740 1487 834 1540 Seduni

33 1560 122 1611 infinita
134 1558 253 1622 aoridnnt3
266 1562 290 1609 et
298 1558 363 1620 idco,
372 1562 398 1608 ut
408 1557 489 1608 dicitnr
502 1557 527 1608 in
535 1559 572 1608 Vl.
585 1557 736 1622 Metopdyc„
749 1559 834 1610 «nullu

33 1648 68 1683 ars
83 1631 123 1682 uel
140 1628 235 1683 edentia
253 1633 288 1681 est
300 1629 358 1682 circa
376 1641 416 1681 ens
432 1641 475 1694 per
490 1629 608 1694 accidens,
624 1628 671 1680 nisi
686 1630 734 1680 sola
747 1629 835 1695 sophis-

33 1706 86 1756 tica.
106 1703 197 1767 »ltrgo
212 1703 332 1766 theolms
347 1714 393 1753 non
405 1701 475 1752 hahet
489 1701 632 1752 considerare
651 1699 834 1752 circumstantias

33 1780 186 1827 humanorum
196 1778 296 1826 aetnam.

63 1853 86 1897 a.
100 1849 215 1898 Praeterea
219 1884 227 1910 ,
239 1843 455 1896 circumstantiarum
467 1842 617 1895 consideratio
630 1844 728 1909 pertinet
738 1845 767 1895 ad
781 1846 832 1896 rho·

33 1917 250 1971 torem‘lthetorica
263 1920 339 1967 antem
353 1927 400 1968 non
410 1919 507 1980 estpars
516 1915 646 1979 theologiae.
658 1917 717 1979 Ergo
729 1915 833 1966 conside·

33 1994 89 2044 ratio
104 1989 324 2042 drmmstantiarum
337 2001 384 2040 non
393 1988 493 2052 pertinet
507 1989 534 2038 ad
547 1988 686 2050 theologum.

61 2063 109 2115 Sed
125 2065 207 2114 eontra
224 2077 231 2111 ι
247 2060 376 2124 ignorantia
393 2059 610 2110 circumstantiarum
629 2062 707 2110 causat
720 2057 835 2108 involun-

35 2139 147 2193 tarium,
163 2138 192 2188 nt
210 2134 363 2187 damascenus
382 2136 407 2182 ct
423 2131 544 2194 Gregorius
556 2133 672 2196 Ngsscnos
687 2131 765 2180 dicunt
779 2129 835 2192 (uhi
890 2141 893 2148 ’

33 2206 126 2272 supra).
140 2206 187 2257 Sed
207 2202 407 2256 sedentariam
425 2202 633 2267 exeusataculpa‚
650 2202 716 2266 cujus
731 2202 834 2254 conside·

34 2279 91 2330 ratio
106 2279 210 2344 pertinet
222 2277 251 2328 ad
263 2276 403 2340 theologum.
415 2276 474 2339 orgo
490 2278 515 2324 et
525 2273 674 2325 consideratio
688 2273 835 2326 circumstan-

34 2353 116 2402 tiarum
129 2350 160 2402 ad
169 2351 301 2413 theologum
313 2347 419 2413 pertinet.

63 2425 227 2488 (cerauno,
237 2447 269 2460 ·-
277 2419 334 2471 Cim
347 2433 375 2470 er
386 2417 564 2469 drmmstantiis
574 2417 668 2467 humani
681 2421 743 2469 auus
756 2420 834 2484 dispo·

34 2497 117 2545 nantur
129 2493 159 2544 in
170 2492 249 2544 ordine
264 2493 293 2544 ad
303 2492 409 2542 nlhmum
421 2491 497 2555 duom,
509 2503 587 2542 carum
599 2489 722 2553 speculatio
737 2491 835 2544 mamma

36 2568 62 2617 nd
72 2566 208 2630 theologum
222 2563 334 2629 spectat)

63 2638 203 2704 despondeo
224 2637 360 2700 dicendum,
381 2635 441 2700 quod
468 2634 646 2685 circumstantia
670 2634 784 2700 pertinent
807 2634 836 2683 ad

36 2708 242 2762 considerationem
259 2706 360 2772 theologi
372 2706 455 2772 triplici
465 2705 564 2758 ratione.
574 2704 650 2758 anh
663 2705 836 2771 parcensque

69 2863 102 2926 (1)
117 2867 152 2912 lte
163 2863 279 2911 hn'sctiam
292 2865 336 2923 tv,
349 2863 427 2914 scot,
440 2862 493 2909 (dot.
506 2861 549 2928 td,
562 2876 602 2921 qu.
617 2861 645 2926 h,
660 2867 704 2910 art.
721 2859 748 2921 i,
763 2867 837 2918 quaes-

40 2927 641 2991 tiunc.t,adt,ctgureseinnc.i,incorp.·
734 2951 738 2956 -
