1984 3309
222 174 253 210 nr
268 171 369 210 icardus
384 171 531 211 meramnum
546 175 570 211 nr
586 173 702 212 normes.
820 164 862 213 llll

63 250 152 300 renem
159 261 190 298 ex
201 249 343 300 sensibilium
352 249 489 298 motionihns
500 263 550 314 quae
559 249 583 299 in
593 249 713 314 spiritibus
721 251 865 302 sensualibus

63 320 262 384 conservantur),
273 337 287 368 u
299 323 424 370 etmorent
433 320 569 385 principium
582 321 732 384 sensitlvum3
742 338 756 368 u
764 321 796 372 ila
805 321 865 385 quhd

62 392 93 442 sit
113 391 219 455 quadam
236 391 363 456 apparitio,
381 404 407 440 ac
426 390 446 440 si
463 394 519 442 tunc
538 391 675 456 principium
696 392 830 442 sensitivam
850 391 863 443 l

62 463 130 512 rehns
143 461 202 525 ipsis
217 461 366 512 exterioribus
383 465 517 511 mutaretur.
534 463 563 511 lit
574 465 634 512 tanta
650 465 789 526 potestesse
800 477 863 514 com·

62 532 135 582 motio
154 531 275 596 spirituum
294 536 318 582 et
335 532 542 596 humorumqudd
560 533 691 597 hujusmodi
711 534 864 600 apparitiones

62 603 133 653 etiam
142 603 291 666 vigilanlihus
304 604 374 666 fiant,
390 604 450 653 sicut
463 606 527 668 patet
543 602 567 652 iu
584 603 722 668 phreneticis
735 608 759 654 et
775 605 800 656 in
813 605 864 656 aliis

62 670 203 740 hujusmodi.
220 675 284 725 Sicut
300 676 372 739 igitur
387 677 431 725 hue
449 675 475 724 iil
491 683 533 744 per
546 675 671 744 naturalem
690 675 863 728 commotionem

62 747 198 808 humorum,
217 749 245 796 at*
255 747 390 811 quandoque
401 746 470 796 ctiam
485 759 528 811 per
540 746 679 796 volumtatem
694 743 807 809 hominis,
824 747 866 812 qni.

61 817 190 868 voluntarie
203 817 343 880 imaginatur
355 819 415 882 qnod
427 817 490 882 prihs
504 819 620 879 senserat3
632 817 668 867 ita
684 817 753 867 etiam
766 819 810 869 hoc
823 833 863 882 po-

62 894 107 940 test
118 889 172 939 lieri
183 889 269 940 virtute
278 890 355 953 angeli
366 890 422 941 huni
430 891 467 940 uel
480 888 547 953 mali,
559 889 695 952 quandoque
706 889 799 952 quidem
810 901 864 940 cum

63 961 199 1012 alienatione
208 961 347 1026 hcorporeis
358 962 477 1024 sensibus,
489 961 624 1026 quandoque
634 963 709 1012 antem
721 961 806 1026 ahsqne
819 962 862 1012 tuli

63 1032 208 1084 alienatione.
288 1040 295 1048 ‘
747 1043 750 1050 ’

92 1106 125 1155 ld
137 1105 238 1170 pumum
253 1116 307 1170 ergo
322 1105 455 1165 hundam,
470 1104 530 1169 qohd
541 1103 677 1170 principium
691 1102 816 1167 phantasia
826 1107 862 1155 ost

63 1177 154 1228 isensn
168 1177 294 1228 secnodhm
306 1182 393 1229 ‘actum
407 1178 459 1227 Non
471 1177 533 1226 enirn
545 1187 668 1242 possumus
676 1174 797 1238 imaginari
807 1189 859 1240 qum

62 1249 123 1299 nullo
138 1250 208 1300 modo
227 1249 355 1312 sentimus,
373 1249 411 1299 rel
434 1247 561 1298 secundnm
577 1251 663 1307 totum,
680 1245 719 1296 rel
737 1247 861 1298 secundhm

62 1323 162 1383 partem3
177 1321 239 1370 sicut
250 1333 324 1370 cecus
336 1323 405 1369 natus
415 1331 462 1369 non
473 1323 550 1384 potest
562 1316 683 1382 imaginari
695 1317 801 1386 colorem.
817 1318 862 1370 Sed

63 1391 183 1456 aliquando
199 1390 334 1454 imaginatio
349 1391 495 1454 informatur,
511 1394 536 1440 nt
553 1394 616 1440 aetus
631 1387 769 1453 phantastici
787 1389 863 1440 motus

64 1460 417 1526 consurgatahimpressionihus
427 1461 525 1512 interius
534 1459 715 1519 conservulum
724 1458 807 1510 dictum
817 1463 860 1509 est.

92 1535 124 1583 ld
136 1533 264 1584 secundnm
279 1533 412 1596 dicendum,
423 1533 484 1597 qndd
496 1532 589 1596 angelus
600 1533 737 1582 transmutat
750 1529 862 1592 imagina-

64 1603 156 1668 tionem,
166 1617 214 1655 non
222 1603 316 1668 quidem
326 1604 477 1669 imprimendo
488 1604 587 1668 aliquam
599 1604 694 1654 iormam
703 1599 860 1664 imaginariam

64 1677 124 1727 nolo
133 1678 201 1728 modo
209 1689 251 1741 por
260 1689 352 1726 sensnm
360 1675 423 1740 prins
432 1680 562 1741 acceptam
573 1689 619 1726 non
630 1674 688 1725 cuim
698 1675 777 1740 posset
785 1673 860 1724 lacere

63 1747 121 1811 qnid
135 1761 212 1800 sacru
231 1747 396 1810 imaginaretur
409 1747 512 1810 colores3
523 1749 565 1798 sed
581 1749 625 1798 huo
642 1746 697 1796 iacit
714 1757 757 1809 por
775 1749 861 1798 motum

64 1818 160 1872 localem?
169 1820 293 1884 spirituum
305 1823 329 1869 et
338 1821 471 1883 humorum,
489 1823 515 1870 ut
527 1819 612 1870 dictum
623 1821 666 1868 est.

88 1889 126 1942 hd
139 1892 234 1942 tendum
245 1891 379 1955 dicendum,
391 1890 451 1954 qndd
464 1890 591 1942 commistio
604 1889 643 1939 illa
658 1889 753 1953 spiritns
765 1885 862 1950 angelini

66 1962 93 2012 ad
107 1962 298 2027 imaginationem
312 1963 434 2012 humanam
447 1974 494 2012 non
511 1966 546 2012 est
557 1973 601 2024 per
615 1959 752 2022 essentiam,
768 1957 808 2007 sed
821 1971 862 2020 per

67 2033 168 2085 odedum
181 2042 256 2099 quern
261 2033 370 2098 predicto
381 2035 450 2084 modo
464 2032 488 2084 in
504 2032 665 2096 imaginatione
682 2029 751 2090 lacit,
771 2027 809 2078 cui
824 2027 863 2076 de-

70 2110 177 2157 monstrat
196 2112 250 2170 quae
273 2105 322 2169 ipse
334 2132 338 2136 -
349 2105 425 2168 nunt,
442 2118 489 2155 non
505 2107 587 2154 ’hmen
611 2105 641 2153 e'o
655 2101 728 2151 modo
740 2111 798 2161 que
814 2099 863 2162 ipse

69 2179 136 2228 norit
233 2199 236 2204 ·
414 2195 418 2198 ·
462 2209 465 2212 -
573 2195 576 2200 ¹
668 2201 673 2208 ι
707 2199 710 2206 >
793 2205 794 2208 =
824 2189 828 2194 ·

98 2251 130 2299 ld
139 2253 245 2316 quartum
254 2247 452 2312 dioendnmqqudd
462 2247 559 2310 angelus
568 2254 665 2296 causans
674 2241 772 2307 aliquam
783 2240 863 2305 imagi·

72 2319 152 2371 hanam
165 2320 294 2383 sumnam,
306 2321 440 2384 quandoque
458 2319 550 2382 quidem
564 2317 632 2368 simul
654 2315 793 2365 intehestum
813 2311 864 2375 illn-

71 2391 149 2456 muel,
162 2397 190 2442 ut
199 2397 322 2456 cognoscat
331 2391 385 2455 quid
400 2404 441 2456 per
456 2388 586 2454 hujusmodi
596 2385 764 2438 similitudines·
773 2385 860 2448 sipiriti-

71 2465 219 2528 oetnrtllpet
234 2457 294 2514 *tnnc
309 2463 373 2514 nulla
392 2467 428 2514 cst
445 2458 560 2533 deceptio.
582 2459 721 2522 Quandoque
744 2454 807 2508 uerh·
821 2469 864 2520 per

72 2536 219 2596 operationem
233 2535 310 2600 angeli
327 2535 468 2587 solummodo
484 2532 644 2584 similitudines
661 2543 736 2581 rerum
754 2530 863 2594 apparent

71 2602 94 2652 in
104 2607 277 2672 imaginatinae;
288 2620 331 2658 nec
346 2611 422 2658 tamen
432 2610 487 2656 tunc
502 2608 608 2656 causatur
616 2600 720 2667 deceptio
734 2601 762 2652 ah
771 2599 861 2663 angelo,

75 2679 112 2728 sed
122 2692 152 2730 ex
161 2680 252 2734 delectu
264 2679 393 2732 intellectis
404 2679 468 2743 ejus,
486 2676 592 2734 cultalia
602 2679 715 2741 apparent
728 2689 734 2724 ι
747 2673 863 2736 diculneo

93 2831 136 2940 ,dm
150 2837 212 2946 sixt
222 2836 333 2888 Daniel„
341 2835 410 2896 vm,
419 2847 481 2882 rem.
493 2833 568 2894 lmen
579 2815 690 2880 Duotsl„
698 2830 743 2886 lx,
754 2835 814 2872 versu
824 2823 865 2878 ΞΒ,

80 2907 100 2939 ῐῐ
113 2909 170 2945 erce
194 2933 201 2945 .
626 2917 628 2922 ,
