1984 3309
97 178 129 232 pu
141 176 240 216 cornu.
252 176 336 216 rnours
348 176 436 217 cnm.
449 169 568 223 ouium
581 177 614 218 nu
628 178 762 219 munerun.
786 171 832 218 tot

32 266 72 318 per
85 255 196 307 ortuum
206 254 317 319 remis,
331 256 373 306 sed
384 255 469 307 tuisse
484 256 565 308 codor
582 257 670 308 henim
687 259 766 310 stetim
778 257 832 309 cim

31 326 260 381 humanitem
276 327 429 378 annatim:
443 328 502 379 sicut
514 329 582 380 etiarn
593 329 671 380 cutim
683 331 737 381 edan
751 345 832 396 corpus

31 403 64 448 est
76 399 229 464 dispositum,
240 399 367 450 infunditur
377 399 391 450 i
400 401 449 451 Deo
462 401 540 452 amma
550 401 664 454 reumatis
671 439 680 466 ‚
690 415 741 467 qua
754 405 832 453 umen

30 477 122 523 nonest
136 473 279 524 extraduce.
690 477 693 482 '

59 545 124 596 Unde
137 546 201 608 patet
214 543 297 596 solutio
310 544 339 595 ud
353 545 455 595 tertium.

328 698 486 749 surrectus
501 699 531 748 11.

59 813 147 859 Utrum
156 813 226 870 pueri
233 812 333 858 cristato
340 814 480 859 innocentia
491 815 552 869 arcti,
561 813 664 868 fuissem
674 814 804 870 injustitia

359 876 501 933 confirmati.

64 993 229 1044 Adsecundum
242 991 276 1042 sic
287 992 416 1057 proceditur
423 993 468 1058 (1).
478 993 574 1060 Videtur
583 991 643 1058 quod
656 995 722 1060 pueri
733 996 757 1045 iu
770 999 832 1046 statu

29 1064 166 1114 innocentie
185 1064 251 1128 uati,
263 1063 370 1113 'tuissent
387 1064 411 1113 iu
428 1064 519 1126 iustitia
534 1064 668 1116 coniurati.
690 1065 749 1116 Dicit
768 1065 831 1116 euim

28 1136 161 1200 Gregorius,
175 1136 215 1186 Ν.
235 1135 389 1194 Moralium,
405 1150 474 1200 super
489 1136 545 1188 iliud
563 1136 608 1186 roo
625 1151 633 1185 :
652 1137 766 1188 «Somno
778 1151 829 1188 nreo

28 1209 210 1273 requiescerem,
226 1206 377 1271 sipareuteur
386 1207 484 1271 primum
495 1209 558 1258 nulla
570 1209 665 1273 putredo
675 1209 763 1274 peccati
782 1222 830 1260 cor-

28 1285 158 1346 rumperet,
172 1292 317 1343 uwuuqum
329 1292 359 1329 eu
370 1282 395 1329 se
406 1279 466 1330 titios
479 1281 591 1343 gehennae
604 1283 736 1347 generaret,
752 1280 793 1331 sed
806 1281 831 1331 hi

28 1353 65 1415 qui
81 1365 146 1402 nuuc
163 1363 205 1414 per
218 1351 394 1413 Redemptorenr
407 1351 511 1402 mirandi
530 1355 598 1416 sunt,
616 1351 658 1403 soii
671 1351 700 1402 ab
710 1351 750 1402 ilio
766 1352 832 1402 electi

29 1428 185 1475 nascerentur.
196 1438 212 1468 »
225 1422 285 1485 Ergo
296 1425 442 1473 noscerentur
455 1437 537 1474 omues
554 1423 578 1472 in
589 1423 681 1488 justitia
695 1423 830 1474 confirmati.

55 1501 78 1546 t.
93 1498 221 1556 merea,
236 1494 356 1544 iussimus
368 1495 425 1544 dicit
434 1493 460 1544 in
473 1495 550 1546 libro:
565 1512 578 1543 n
588 1493 632 1546 Cur
646 1495 707 1546 Deus
723 1496 801 1558 homo,
817 1512 831 1542 »

27 1569 84 1633 qnod
95 1567 138 1618 «si
146 1566 217 1630 primi
226 1569 335 1629 parentes
342 1564 375 1616 sic
383 1566 501 1630 uicissent,
509 1571 534 1616 ut
542 1567 624 1616 tentati
632 1579 677 1617 non
688 1571 830 1630 peccassent,

27 1641 54 1691 ita
71 1639 264 1691 confirmarentur
276 1651 327 1686 cum
341 1637 406 1687 ouini
418 1637 543 1703 propagine
555 1651 611 1698 sua,
625 1641 651 1688 ut
666 1637 724 1688 ultra
738 1651 832 1704 peccare

27 1727 72 1764 nou
91 1713 201 1776 possent.
213 1725 227 1755 r
241 1710 301 1772 Ergo
314 1709 380 1772 pueri
392 1713 537 1759 mererentur
554 1709 578 1758 iu
591 1709 680 1773 justitia
696 1708 830 1760 confirmati.

58 1789 81 1835 3.
92 1784 224 1844 Prae'tereu,
233 1781 320 1831 murm
327 1783 363 1830 est
375 1779 491 1843 potentius
505 1779 573 1843 quim
582 1782 674 1832 malum.
684 1783 730 1833 Sed
740 1785 832 1846 propter

29 1858 149 1919 peccatum
159 1852 229 1917 primi
242 1851 343 1901 hominis
357 1855 479 1902 consecuta
494 1855 530 1901 est
546 1853 671 1904 necessitas
682 1853 792 1918 peccandi
808 1853 832 1904 in

30 1928 63 1977 his
76 1927 118 1991 qui
132 1927 260 1975 nunonem
269 1936 299 1974 ex
316 1936 353 1974 eo.
363 1925 422 1987 Ergo
432 1923 454 1973 si
462 1923 551 1987 primus
565 1925 634 1975 homo
646 1923 768 1995 injustitia
781 1937 833 1988 per-

28 1999 139 2062 stitisset,
155 1995 299 2047 derivaretur
315 1995 343 2044 ad
357 1999 460 2058 posteros
473 1993 598 2047 necessitas
611 1994 747 2046 obseruandi
758 1994 831 2058 justi·

29 2071 92 2120 tiarn.
615 2079 616 2082 ’

59 2146 80 2192 t.
93 2142 219 2202 pretereo,
227 2138 322 2200 angelus
331 2138 450 2188 adherens
458 2139 515 2197 lieo,
524 2137 574 2188 aliis
583 2137 743 2203 peccantibus,
753 2137 831 2187 statim

28 2218 61 2263 est
69 2215 96 2263 in
104 2210 199 2276 justitia
213 2209 368 2274 confirmatus,
378 2214 406 2259 ut
413 2209 509 2260 utteriirs
518 2223 611 2274 peccare
622 2223 668 2262 nou
678 2215 764 2273 posset.
772 2211 832 2274 Ergo

29 2285 131 2335 similiter
146 2286 173 2333 et
185 2283 256 2331 homo
267 2281 288 2331 si
299 2281 419 2332 tentationi
430 2281 566 2346 restitisset,
581 2283 726 2333 confirmatus
739 2281 831 2333 suisset.

28 2359 70 2408 Sed
80 2356 157 2422 quads
171 2355 223 2422 ipse
233 2352 290 2416 tuit,
305 2353 363 2404 tales
380 2354 438 2404 alios
453 2359 594 2417 generasset.
610 2355 669 2418 Ergo
686 2357 709 2403 et
726 2354 775 2419 ejus
792 2353 832 2403 tilii

29 2427 154 2480 confirmati
170 2426 197 2476 iu
214 2424 303 2488 justitie
316 2426 472 2475 numerentur.

58 2502 103 2553 Sed
116 2498 257 2558 tortuosi,
269 2498 329 2561 quod
340 2497 478 2560 Augustinus
491 2496 559 2560 dicit,
569 2495 630 2546 xed-
641 2497 677 2546 De
691 2499 767 2549 Gt'ott.
781 2497 832 2548 Dei

32 2573 93 2639 (cap.
107 2576 139 2623 1⁰
150 2571 179 2637 ):
194 2587 210 2618 u
224 2568 289 2619 Tunc
303 2569 357 2619 teliu
370 2569 478 2619 universa
494 2572 555 2620 esset
572 2570 672 2618 huorono
684 2569 798 2634 societas,
812 2571 831 2621 si

29 2660 67 2697 nee
75 2646 109 2696 itti
121 2643 225 2711 (scilicet
233 2640 302 2706 primi
312 2641 430 2705 pareres)
443 2641 528 2692 matum
538 2640 562 2690 in
571 2641 674 2705 posteros
682 2643 829 2706 trajicerent,

59 2790 89 2856 (i)
102 2796 138 2840 lie
147 2749 269 2836 irisetiam
279 2787 306 2848 i,
319 2788 349 2846 2,
361 2801 402 2846 qu.
412 2786 441 2833 st
451 2822 457 2846 ,
468 2792 513 2835 art.
524 2787 547 2841 23
559 2793 583 2832 et
593 2787 624 2845 n,
636 2787 714 2838 Soet„
724 2785 778 2833 dist.
790 2786 829 2844 so,

29 2857 104 2964 312,
120 2853 210 2908 ur.s;
226 2857 254 2898 ut
269 2851 415 2903 etdismit.
430 2863 470 2909 qu.
484 2851 513 2911 2,
531 2851 613 2904 uncte
630 2851 829 2902 etuditom.,v,
