1984 3309
128 169 159 206 DE
173 167 357 210 Plioufflloffll
370 173 485 224 noum,
499 173 618 218 ΟῙΙΔΚἩΙΙ
630 177 662 214 to
676 176 777 215 coneus.
810 171 856 217 638

51 247 113 308 test,
129 248 156 294 ut
168 244 253 302 medin
271 247 357 298 deurit.
376 251 457 302 Posset
473 255 552 302 autem
569 252 670 316 restitui,
688 254 708 306 si
724 250 856 306 aduentum

52 319 226 368 converteretur
237 316 262 367 in
273 318 349 383 ipsum
364 321 489 372 humidum.
501 323 559 386 Ergo
569 323 732 378 nutrimentum
744 340 790 377 non
803 340 857 379 oon·

51 387 152 438 rertitur
164 387 189 438 in
202 389 321 440 veritatem
333 392 437 444 humanae
450 397 546 444 nature.

84 463 107 510 t.
124 461 249 525 Praeterea,
264 459 284 510 si
303 461 436 514 alimentum
450 465 558 516 transiret
574 467 599 517 in
614 468 734 518 ueritatem
751 469 855 520 humane

50 537 154 597 nature,
168 533 276 598 quiequid
288 534 312 584 in
331 535 423 586 donnino
435 537 568 600 deperditur
577 539 699 590 restaurari
709 544 795 604 posset.
808 541 856 591 Sed

53 618 115 655 mors
125 604 214 656 homini
224 615 272 656 non
282 605 362 656 eccidit
375 606 420 657 nisi
427 621 468 672 per
474 609 651 673 deperditionem
658 611 763 675 adonius.
775 612 857 662 Posset

51 677 123 740 igitur
136 675 207 728 horno
220 691 261 742 per
275 679 427 743 sumptionem
442 680 544 730 alimenti
557 680 582 730 iu
593 685 727 746 perpetuum
740 696 764 733 se
775 687 854 733 eontra

51 753 149 798 mortem
163 747 232 808 tueri.

82 823 107 868 5.
123 821 253 882 Preterea,
268 819 289 870 si
306 821 439 872 alimentum
457 823 482 872 iu
500 823 621 874 teutatem
641 825 747 876 humane
768 827 854 876 nature

49 893 173 953 transiret,
193 891 252 941 nihil
269 895 330 942 esset
340 892 364 942 iu
379 891 469 943 homine
484 895 545 958 quod
559 907 606 944 non
620 899 696 958 posset
710 897 816 946 recedere
829 899 855 944 et

50 961 166 1027 reparari3
182 962 237 1026 quia
248 963 270 1013 id
282 963 341 1026 quod
358 963 381 1014 iu
394 963 485 1014 homine
501 969 645 1028 generaretur
655 979 684 1016 eu
695 965 817 1027 adimente,
830 971 854 1020 et

49 1035 159 1084 recedere
171 1037 197 1084 et
210 1033 312 1098 reparari
325 1040 411 1098 posset.
424 1035 449 1084 Si
459 1047 513 1099 ergo
530 1036 598 1088 homo
607 1036 646 1087 din
658 1035 759 1097 ureret,
771 1049 853 1100 seque·

50 1109 114 1155 retur
124 1104 186 1169 qudd
201 1101 259 1155 nihil
275 1105 336 1171 quod
348 1105 373 1154 in
387 1119 414 1156 eo
425 1104 471 1154 luit
483 1105 630 1158 paenaliter
642 1107 668 1158 iu
682 1106 794 1172 principio
806 1121 852 1158 sue

51 1175 210 1240 generationis
222 1175 320 1226 linaliter
334 1181 460 1228 remaneret
472 1177 496 1226 iu
507 1177 558 1241 ipso
568 1194 574 1227 :
585 1183 608 1228 et
621 1178 654 1229 sio
667 1192 712 1230 uon
722 1183 783 1229 esset
793 1179 852 1229 idenr

51 1252 121 1300 nomo
144 1261 242 1300 numero
258 1260 300 1312 per
313 1251 385 1298 totam
400 1248 470 1298 uitam
484 1249 629 1313 suam,oi1m
644 1251 672 1300 ad
691 1252 734 1302 hoo
747 1251 806 1315 quod
823 1251 854 1301 sit

50 1321 112 1372 idern
127 1333 234 1380 numero,
245 1319 372 1384 requiratur
381 1319 487 1370 identitas
501 1321 611 1371 materiae.
621 1321 668 1371 lloe
678 1324 755 1371 autern
768 1324 805 1371 est
818 1321 854 1370 in·

50 1392 203 1444 conveniens.
214 1393 265 1445 Nou
275 1405 330 1456 ergo
342 1391 474 1464 alimentum
486 1392 566 1443 transit
580 1392 605 1442 in
619 1391 739 1443 ueritatem
748 1395 854 1445 numana

46 1469 143 1516 nature.

80 1536 129 1588 Sed
140 1542 220 1587 eontra
229 1539 277 1595 est,
290 1535 350 1600 quod
361 1535 415 1586 dieit
424 1534 565 1598 Augustinus
573 1534 597 1584 iu
607 1534 646 1584 lib.
657 1538 692 1584 lie
703 1550 763 1585 vero
776 1536 852 1602 relip.

50 1612 117 1673 terp.
138 1605 186 1670 td)
207 1622 213 1656 t
232 1623 245 1654 n
259 1605 371 1658 Alimenta
389 1605 464 1656 oannis
479 1609 586 1669 eormpta
604 1605 644 1671 (id
660 1610 709 1670 est,
725 1606 851 1658 amittentia

47 1683 145 1730 formam
154 1691 221 1729 suam
229 1675 279 1742 )‚io
288 1677 440 1728 membrorum
451 1677 559 1747 labrioam
571 1677 676 1740 migrant.
687 1696 701 1725 n
711 1678 755 1730 Sed
765 1679 850 1730 fatuea

48 1750 205 1802 membrorum
223 1749 323 1813 pertinet
335 1749 363 1798 ad
376 1748 496 1799 veritatem
507 1750 612 1800 humane
625 1753 721 1801 natue.
736 1751 796 1814 Ergo
810 1751 852 1800 ali-

48 1825 127 1873 menta
144 1819 268 1872 transeunt
284 1821 309 1870 in
327 1819 446 1870 veritatem
465 1821 571 1872 humane
590 1825 677 1872 natura
693 1838 699 1871 :
714 1826 740 1872 ut
757 1826 781 1871 et
800 1821 848 1871 Vll.

51 1895 173 1959 densere..
190 1905 245 1957 cap.
263 1896 292 1941 ld
313 1908 318 1941 :
335 1893 406 1942 «Nee
419 1895 445 1942 tu
456 1905 492 1950 rme
506 1892 605 1942 mutabis
620 1893 645 1942 in
659 1898 683 1944 te
700 1894 758 1944 siout
776 1893 850 1944 cibem

48 1965 122 2016 earnis
136 1970 195 2029 tore,
210 1965 265 2026 sed,
276 1968 320 2015 etc.
333 1980 348 2010 »

80 2039 243 2100 (concepero.
256 2061 287 2073 -
297 2036 331 2086 ad
348 2035 521 2086 restaurandum
534 2034 590 2085 illud
606 2034 666 2098 quod
680 2047 720 2097 per
738 2034 849 2085 actionem

49 2107 130 2159 caloris
145 2107 259 2158 naturalis
271 2103 401 2171 deperditur
415 2106 443 2156 ad
457 2104 576 2155 veritatem
587 2106 693 2154 humanae
704 2109 789 2155 nature
799 2118 851 2169 per·

49 2179 138 2242 linens,
154 2181 249 2243 oportet
261 2177 345 2241 diquid
359 2177 387 2228 de
401 2175 509 2226 alimento
521 2175 623 2226 conuerti
635 2174 659 2223 in
672 2175 790 2226 ueritatem
806 2177 850 2226 lru-

48 2263 120 2301 ruanae
135 2248 250 2312 nature.)

76 2321 218 2386 despondeo
241 2321 376 2380 dicendum,
400 2317 460 2384 qudd
483 2317 606 2369 seeundum
626 2317 800 2383 Philosophum,
820 2320 848 2370 ll.

47 2391 189 2460 Meteptpe.
207 2394 282 2458 (tent.
302 2393 349 2454 ll,
362 2395 404 2444 hoo
423 2393 490 2442 modo
505 2404 529 2440 se
547 2389 616 2440 hahet
628 2392 803 2454 unumquodque
821 2392 849 2441 ad

48 2464 182 2528 rentatem,
200 2464 261 2514 siout
272 2477 296 2514 se
307 2465 376 2514 habet
388 2465 415 2514 ad
426 2477 484 2512 esse.
499 2463 556 2512 lllud
570 2474 623 2523 ergo
636 2461 737 2524 pertinet
750 2463 779 2514 ed
789 2463 849 2514 ueri·

47 2539 115 2586 telem
135 2539 226 2586 naturae
243 2535 338 2600 alicujus
346 2572 354 2598 ‚
368 2535 427 2598 quod
447 2537 482 2585 est
500 2535 528 2584 de
544 2533 706 2584 constitutione
723 2533 796 2598 ipsius
810 2548 850 2584 na·

47 2611 110 2659 lure.
124 2609 171 2660 Sed
187 2611 269 2658 natura
283 2601 402 2678 dupliciter
417 2605 555 2656 considerari
568 2609 643 2670 potest
658 2621 664 2654 ι
680 2619 726 2656 uno
741 2607 807 2657 rnodo
825 2606 848 2656 in

47 2775 84 2818 uti
101 2773 236 2831 dietpohurn
254 2773 324 2820 iatum
345 2773 368 2818 in
383 2739 437 2816 euru
453 2783 547 2816 sensum
562 2769 685 2816 adhibetur
699 2788 706 2814 z
723 2734 848 2816 Paulatim

47 2838 183 2887 morimur,
201 2840 318 2882 momento
340 2835 514 2892 aetiopntmor
530 2844 581 2876 stne
600 2850 607 2876 .·
624 2832 665 2877 Sto
684 2833 735 2877 eleo
756 2832 848 2888 temper

48 2896 170 2955 deficiente
184 2900 261 2957 perit.
343 2955 347 2958 -
