1984 3309
241 102 273 139 nu
288 98 388 139 tcntnus
404 100 528 141 ununninns
543 103 559 140 Α
575 102 724 142 vonunnnuu.
836 98 881 144 stu

70 178 148 227 habet
164 177 194 227 ad
207 180 283 227 actum
297 178 433 241 superioris,
448 180 472 228 in
488 184 597 242 quinutunn
613 180 706 231 inierint
722 182 823 245 potentin
835 184 882 245 ugit

71 249 97 299 iu
120 248 209 299 uirtute
226 249 348 314 superioris
366 251 480 300 mouentis
494 251 579 315 ipsum,
595 252 628 301 sic
646 252 707 302 enim
723 256 746 303 et
758 258 821 303 antus
835 269 882 305 nnu—

71 320 155 371 uentis
171 321 240 386 primi
260 322 386 372 formaliter
400 336 424 372 se
439 322 508 373 hahet
524 325 552 373 nd
564 327 637 373 actum
650 324 804 375 instrumenti.
818 327 881 376 Unde

71 396 143 456 patet
156 394 218 456 quud
233 392 354 457 imperium
368 398 392 443 et
405 399 469 445 aetus
483 393 606 459 imperatus
623 399 675 446 sunt
688 410 747 447 unus
765 401 828 447 actus
840 400 882 447 hu-

71 477 175 526 manus,
191 464 251 514 nient
270 465 384 527 quoddam
401 468 474 516 tutum
494 469 530 515 est
546 480 616 517 uuunm
626 484 633 530 ;
645 469 686 518 sed
706 472 741 518 est
758 470 882 519 secundun

72 540 157 599 pantes
172 536 254 585 multa.

107 608 146 659 Ad
157 608 260 671 primum
269 622 323 672 ergo
332 608 465 670 dicundum,
475 610 536 672 quud
550 608 570 658 si
582 614 659 659 essent
669 612 777 675 potentin
788 614 883 665 diuersae

71 681 103 730 ad
118 680 223 730 inuicem
237 693 283 731 non
297 680 419 741 ordinatu,
433 684 497 729 actus
511 694 589 731 earnm
603 687 681 733 esseut
702 684 836 748 simpliciter
849 686 884 735 di-

75 753 157 816 uersi3
170 754 211 803 sed
221 754 311 815 quando
322 752 480 815 unupotentia
490 757 525 802 est
535 756 746 815 menusanum,
757 761 811 805 tunn
821 761 883 807 nctus

75 838 161 875 eanum
179 829 233 875 sunt
246 826 412 888 quonammodo
423 838 497 887 nuus;
512 838 565 875 nam
579 826 639 875 iden
652 830 687 877 est
697 832 762 877 antus
772 828 885 878 mouentis

77 900 102 946 et
117 896 177 946 moii
186 933 195 958 ‚
207 899 233 945 ui
248 895 330 946 dicitur
346 894 370 945 ἰή
386 896 424 945 ΙΗ.
445 896 520 959 Pliyn.

108 969 145 1019 tn
163 968 290 1019 secuudum
308 967 442 1028 dicendum,
455 966 515 1030 quid
531 981 560 1017 ex
573 970 616 1018 tuuc
636 969 695 1031 quud
715 968 836 1032 impurium
860 974 885 1020 et

76 1044 148 1091 antus
164 1039 290 1103 imperatus
303 1042 397 1102 possunt
415 1039 444 1088 ab
461 1038 561 1088 inuicem
580 1039 692 1103 separari,
708 1040 804 1089 hahetur
824 1043 884 1104 quod

78 1116 137 1161 sunt
154 1112 227 1161 multu
239 1111 358 1175 partibusi
371 1123 424 1159 num
436 1114 512 1174 pantes
523 1110 621 1161 hominis
633 1116 731 1174 possunt
744 1113 772 1161 ab
786 1112 884 1163 inuicem

75 1182 196 1247 separari,
209 1196 259 1248 quae
273 1184 352 1233 tumen
362 1186 415 1231 sunt
430 1195 501 1231 ununu
513 1184 572 1231 toto.

111 1256 148 1305 Ad
162 1254 256 1305 tertium
272 1254 406 1315 dicendum,
421 1253 481 1317 quod
495 1253 553 1302 nihil
565 1253 670 1316 prohihet
684 1255 709 1303 in
722 1254 759 1304 his
770 1269 820 1317 quae
834 1260 886 1307 nunt

78 1328 155 1379 multa
165 1326 268 1390 partibus
276 1330 300 1375 et
309 1338 380 1375 unum
392 1327 448 1387 tuto,
457 1338 528 1373 uuum
538 1337 589 1373 esse
597 1324 662 1387 prius
670 1325 715 1375 aliu
725 1341 730 1373 2
741 1325 800 1375 sicut
808 1325 885 1375 anima

78 1399 182 1463 quundnm
195 1396 264 1449 modo
280 1401 316 1447 est
329 1396 393 1460 prius
407 1408 517 1459 corpore,
531 1398 555 1445 et
569 1400 656 1445 nonest
672 1396 736 1461 prius
746 1396 796 1447 aliis
809 1409 886 1446 unem-

78 1471 139 1521 bris.

388 1540 551 1591 ARTICULUS
566 1540 592 1589 V.

265 1648 351 1693 Utrum
361 1651 428 1692 actus
438 1647 570 1692 voluntatis
579 1648 713 1703 imperetur.

113 1762 150 1813 nd
166 1759 274 1823 quintum
287 1757 320 1807 sic
333 1756 460 1820 proceditur
475 1756 519 1821 (i).
536 1756 628 1806 Videtur
642 1758 705 1820 qnod
721 1759 784 1807 actus
804 1757 887 1807 uolun-

78 1834 135 1887 tatis
151 1845 200 1881 non
215 1830 246 1880 sit
256 1830 388 1893 imperatus.
405 1827 465 1877 Dicit
478 1827 540 1877 enim
552 1828 691 1891 Augustinus
702 1828 726 1877 in
737 1829 795 1878 Vltl.
810 1829 884 1891 conf.

80 1908 146 1971 (cap.
159 1903 183 1967 9)
196 1918 201 1951 :
216 1918 230 1949 u
241 1902 338 1963 imperat
348 1899 436 1948 animus
446 1901 472 1948 ut
480 1900 536 1948 uelit
545 1900 635 1948 animus
644 1938 650 1962 ‚
659 1912 702 1949 nen
710 1903 787 1949 tanuen
797 1899 860 1949 iacit.
870 1915 884 1946 u

79 1978 146 2027 Velle
161 1977 241 2025 antem
259 1976 295 2023 est
307 1972 371 2020 uetus
390 1969 523 2020 voluntatis.
538 1971 597 2033 Ergo
613 1974 675 2020 uetus
694 1969 819 2021 uoluntatis
839 1983 886 2019 nun

184 2062 197 2095 u
213 2081 219 2095 .

80 2050 282 2176 1πῃὲἶῃέιξεετιεπθῆ,
295 2114 317 2164 ei
330 2112 437 2163 conuenit
455 2111 561 2176 imperari
574 2150 580 2174 ,
595 2111 632 2161 cui
645 2111 752 2162 conuenit
765 2110 889 2175 imperium

82 2190 226 2254 intelligere.
237 2188 280 2239 Sed
292 2184 415 2245 uoluntatis
426 2198 472 2236 non
485 2188 520 2235 est
530 2183 657 2246 intelligere
670 2183 803 2248 imperium
815 2183 889 2234 differt

81 2264 144 2314 enini
159 2261 269 2311 voluntas
285 2260 312 2308 uh
325 2258 456 2319 intellectu,
471 2256 539 2320 cujus
553 2258 589 2306 nst
603 2255 738 2318 intelligere.
753 2256 812 2317 Ergo
823 2259 888 2307 nctus

82 2333 212 2386 voluntatis
226 2344 273 2382 non
285 2329 416 2394 imperatur.

118 2411 141 2455 3.
157 2406 287 2465 Puaetnrea,
304 2402 416 2467 sinliquis
429 2404 491 2451 nctus
504 2400 626 2451 uoluntatis
638 2399 775 2464 imperatur,
789 2401 840 2465 pari
851 2414 889 2452 ra·

83 2480 150 2529 tione
164 2488 247 2527 omues
264 2474 411 2538 imperantur.
422 2473 467 2523 Sed
479 2472 500 2523 si
512 2485 592 2523 omnes
605 2474 668 2522 actus
680 2473 805 2523 voluntatis
815 2472 894 2544 impe-¹

83 2554 174 2608 rantur,
183 2558 280 2597 necesse
291 2547 326 2595 est
334 2546 359 2595 in
366 2544 481 2595 infinitum
490 2546 621 2608 procedure,
631 2544 684 2606 quia
694 2547 757 2593 actus
765 2544 889 2596 uoluntatis

83 2618 196 2686 piuneutit
213 2620 288 2667 nutum
305 2616 438 2681 imperantis
451 2615 559 2678 rationis,
575 2620 601 2665 ut
614 2615 700 2665 dictum
714 2619 749 2666 est
766 2619 822 2679 (aut.
840 2618 887 2682 113

121 2773 155 2837 (1)
170 2778 204 2820 Be
222 2774 258 2819 his
274 2774 344 2819 etium
356 2770 520 2829 in11,Seut.,
537 2771 591 2817 dist.
612 2770 656 2831 nt,
671 2783 711 2827 qu.
724 2769 752 2829 1,
769 2771 852 2827 uut.1;
868 2780 891 2820 et

86 2854 127 2900 qn.
140 2838 165 2900 3,
177 2838 206 2883 de
219 2837 290 2896 mulo,
306 2841 350 2882 unt.
363 2835 386 2895 3,
403 2834 431 2879 ud
444 2832 469 2879 5.
502 2847 505 2851 ·
