1984 3309
152 127 197 175 tat
352 136 412 174 ems
428 138 449 185 ι,
465 135 558 178 onssr.
575 133 620 184 cv,
638 133 693 172 aur.
714 131 747 170 nr.

150 213 236 265 tonnas
252 213 362 263 creaturis
379 212 498 275 agentibus
511 250 517 274 ,
532 215 556 260 et
574 223 613 260 eas
632 213 694 260 tenet
708 209 731 258 in
748 223 808 258 esse.
825 209 892 261 Unde
911 224 949 261 non

150 284 223 335 sotium
239 288 274 334 est
290 297 357 333 cansa
373 284 501 345 actionum,
515 283 538 331 in
554 283 661 344 qnantum
674 283 713 330 dat
724 283 834 342 turmam,
848 297 902 346 cpna¹
920 287 947 332 est

149 355 287 419 principium
301 355 411 415 actionis,
426 354 486 403 sicut
500 367 611 418 generans
625 352 707 402 dicitnr
727 365 777 402 esse
791 367 862 403 cansa
880 355 951 405 motis

150 426 253 490 gravium
267 431 290 476 et
302 424 404 486 terium,
415 426 534 476 sedetiam
547 425 605 474 sicut
619 437 756 474 conservans
771 424 857 475 turmas
871 430 896 476 et
908 426 950 474 rir-

149 501 210 548 tutcs
221 511 314 548 rernm:
330 501 396 561 prout
409 498 444 547 sol
459 498 543 548 dicitnr
558 509 626 546 cansa
634 493 828 547 manifestationis
842 498 949 558 colorum,

148 570 292 634 inquantum
306 569 343 618 dat
353 573 377 618 et
389 573 510 619 conservat
523 569 598 619 tumen
612 580 657 632 ipro
669 567 846 620 manifestantur
855 569 948 618 colores.

149 641 179 690 nt
190 641 244 704 quia
259 641 331 689 torma
346 641 425 691 retest
433 641 492 689 intra
504 654 564 701 rem,
576 643 599 688 et
614 637 677 689 tantia
690 638 764 701 magis
780 639 870 702 quanto
880 641 949 690 consi·

149 714 242 763 deratur
252 715 278 761 nt
285 713 347 776 prior
357 717 380 763 et
391 711 553 775 uniuersalium
566 715 588 761 et
601 711 649 776 ipse
663 711 723 760 Deus
737 715 771 760 est
780 709 873 775 proprie
887 725 947 760 causa

149 783 221 849 ipsius
233 797 284 833 esse
293 783 426 834 universatis
436 785 459 833 in
471 784 540 832 rebus
553 783 672 843 omnibns,
683 783 741 845 qnod
753 781 815 831 inter
829 783 906 833 omnia
921 789 949 832 ert

150 854 222 917 magis
238 855 345 904 intimum
358 856 442 916 rebus,
455 855 557 918 aeqnitur
570 853 630 917 qudd
644 855 704 904 Dens
715 853 739 902 in
753 853 861 903 omnibns
874 853 947 903 intimi

150 929 266 989 operetur.
278 927 307 975 Et
314 931 406 991 propter
415 928 458 975 hoc
469 926 495 974 in
506 937 570 974 sacra
583 925 698 989 Scriptura
708 924 853 988 operationes
867 928 947 974 nature

150 997 197 1047 tteo
215 997 384 1057 attribuuntur,
399 997 463 1061 quasi
479 997 583 1060 operanti
602 996 627 1046 in
645 999 742 1058 natura,
756 995 882 1046 seeundum
898 997 948 1046 ittnd

150 1068 208 1124 lod,
228 1070 248 1117 x
263 1085 269 1118 2
286 1087 300 1116 u
314 1069 375 1118 Pette
393 1074 417 1119 et
429 1069 534 1118 caminus
552 1067 649 1119 vestiisti
662 1081 718 1131 me,
731 1067 819 1119 omibus
839 1072 864 1118 et
877 1070 948 1119 neruis

149 1138 284 1204 compegisti
295 1153 331 1190 me
346 1139 388 1204 (t).
399 1156 413 1185 r

181 1212 213 1260 tid
228 1210 326 1276 primum
337 1224 390 1274 ergo
399 1210 534 1274 dicendum,
546 1211 607 1275 quod
618 1213 678 1262 Dens
693 1211 834 1262 sufficienter
846 1217 948 1277 operatur

148 1281 173 1331 in
186 1283 252 1333 nonis
265 1285 293 1334 ad
306 1284 398 1333 modum
412 1282 480 1345 primi
494 1281 600 1346 agentis;
615 1297 658 1334 nec
669 1287 763 1348 propter
774 1285 820 1333 truc
834 1284 948 1349 superfluit

149 1354 252 1419 operatio
265 1356 415 1405 secundorum
426 1354 551 1417 agentium.

181 1426 346 1478 Adsecnndum
354 1425 946 1490 desudem,qnodtinaaetiononpr'ocedit'adnobus
973 1433 974 1446 ¹

150 1498 270 1562 agentibus
281 1499 349 1548 nnius
360 1497 454 1548 ordinis.
468 1497 513 1550 Sed
528 1497 585 1548 nihii
596 1497 700 1562 prohibet
710 1497 766 1562 quin
782 1509 830 1548 nna
839 1501 863 1548 et
873 1499 945 1549 eaden

149 1568 209 1622 actio
223 1571 330 1632 procedat
343 1568 443 1632 inprime
456 1571 480 1619 et
490 1570 589 1620 secundo
600 1571 690 1633 agente.

182 1640 214 1688 td
227 1640 320 1690 tertium
332 1640 461 1703 dicentium,
472 1640 533 1704 quod
546 1641 605 1690 Dens
615 1654 660 1690 non
679 1639 752 1692 sotium
765 1641 805 1691 dat
817 1643 901 1692 tonnas
912 1655 943 1691 re·

149 1710 192 1759 trus
198 1747 207 1773 ,
217 1711 257 1760 sed
270 1712 339 1769 etiem
352 1716 471 1762 conservat
483 1725 522 1762 eas
535 1712 559 1761 iu
570 1727 633 1768 esse,
644 1716 666 1762 et
678 1711 776 1776 apptieat
789 1725 829 1762 eas
842 1713 871 1763 ed
882 1727 944 1777 agen·

149 1782 216 1845 dum;
234 1785 257 1832 et
268 1788 303 1834 est
319 1783 370 1834 tinis
384 1785 484 1834 cnutum
496 1783 625 1844 actionum,
642 1785 669 1833 ut
679 1784 766 1833 dictum
779 1785 823 1833 est.

439 1925 601 1976 annotinos
615 1927 652 1975 Vt.

170 2044 258 2088 Utrum
271 2045 335 2090 Deus
347 2044 421 2102 puscit
430 2044 621 2154 sucerednitputd
636 2046 723 2099 preter
736 2042 846 2088 umorem
859 2044 926 2090 retur

491 2118 517 2150 m
535 2123 543 2150 ι
556 2119 604 2152 om.

181 2217 214 2266 dd
228 2219 317 2266 sentum
330 2216 364 2266 sic
375 2216 504 2281 proceditur
515 2215 559 2281 (2).
570 2215 664 2265 Videtur
675 2213 735 2278 qndd
748 2213 807 2264 Deus
818 2227 863 2265 non
877 2213 944 2280 possit

149 2287 223 2339 tacere
240 2288 325 2350 etiqnid
338 2291 420 2350 praeter
432 2287 536 2337 ordinem
549 2287 615 2337 rebus
628 2284 734 2336 inditum.
754 2285 813 2336 tticit
825 2285 886 2336 enim
898 2287 943 2335 An-

183 2404 214 2466 (t)
227 2407 263 2451 Sic
273 2411 296 2450 et
306 2409 337 2451 11.
348 2406 468 2456 Mutat..
476 2409 533 2465 vn,
545 2417 605 2452 rens.
616 2406 660 2463 22,
672 2405 814 2452 admirabilis
826 2405 864 2452 itte
874 2411 943 2450 muter

148 2475 238 2524 septem
252 2468 304 2514 dtiin
319 2470 433 2526 loquens:
448 2470 505 2515 Nun
515 2482 556 2526 epo
569 2470 687 2526 spiritum
702 2472 724 2513 et
737 2469 847 2513 ocimum
857 2468 942 2514 mi

148 2530 230 2580 eodm,
242 2536 264 2576 et
279 2533 437 2590 einputerum
452 2531 557 2576 membro
575 2544 626 2576 uon
642 2544 684 2588 epu
703 2533 760 2588 ipso
775 2543 825 2577 com
871 2529 941 2580 i,aed

148 2594 237 2637 moedi
253 2595 367 2644 Creator,
383 2600 425 2639 etc.
442 2595 478 2639 Sic
495 2593 523 2638 de
535 2594 724 2650 caeoerisquoque
740 2594 830 2652 Restm.
884 2595 939 2646 tvl,
970 2615 971 2624 κ

149 2668 209 2699 vers.
229 2655 244 2697 8
259 2669 285 2700 ac
300 2656 425 2713 deinceps:
440 2657 490 2712 Qui
503 2657 581 2714 operit
598 2657 683 2699 eoetoou
698 2655 820 2705 nuditus,
839 2661 859 2699 et
874 2659 941 2715 porat

149 2723 220 2761 terren
226 2717 355 2776 pluviam
367 2720 410 2775 qut
418 2719 536 2776 producit
549 2713 707 2763 inruentibus
720 2719 843 2777 [oeuomet
851 2717 939 2763 tutem

148 2780 263 2823 servituti
276 2779 415 2833 domiuum
430 2783 474 2837 pue·
487 2781 655 2837 dotiumeutis
666 2793 742 2826 escum
759 2782 889 2838 ipsorum,
902 2783 939 2823 etc.

182 2847 213 2907 (t)
224 2851 257 2893 lte
269 2848 304 2893 tris
312 2850 384 2895 etiem
392 2852 434 2896 111.
446 2858 505 2909 part.
510 2884 517 2910 ,
526 2863 567 2908 qn.
580 2849 620 2911 te,
633 2855 677 2897 art.
689 2851 719 2905 23
730 2856 754 2896 et
765 2851 856 2898 Contra
865 2851 939 2898 cert..
