1984 3309
167 132 284 181 Quolono
296 130 377 171 dumi
389 129 561 170 inmanem
573 128 688 181 Simu,
701 129 757 169 HG·
816 122 864 170 299

61 228 110 277 pue
125 214 162 264 est
177 210 317 275 principium
332 209 409 271 retiis,
424 222 453 260 er
462 222 508 273 quo
521 221 587 259 meus
599 208 699 273 percipit
711 208 820 271 seipsam.
836 208 864 258 Et

61 285 109 335 ideo
122 284 209 335 dieitur
229 297 254 333 se
267 296 405 347 eognosoere
417 296 457 347 per
471 295 536 333 suum
549 280 702 344 presentiam.
720 281 765 331 Sed
784 281 812 333 ad
830 294 867 331 re·

61 358 157 407 eundum
177 355 333 419 coguitionem
351 356 379 405 de
401 357 477 406 menie
497 354 638 414 habendam,
654 366 698 403 uon
719 352 804 403 suffieit
817 352 869 416 ejus

61 430 196 493 presentia,
209 429 250 479 sed
266 426 388 491 requiritur
402 424 499 490 diligens
512 428 535 475 ει
555 424 644 475 subtilis
656 424 783 488 inquisitio.
800 425 868 476 Unde

61 506 82 552 ει
93 502 160 553 multi
169 506 276 551 naturam
288 499 370 551 enimse
381 498 486 563 ignorant
493 536 501 559 ,
508 501 531 549 et
540 497 606 548 multi
615 497 686 547 etium
697 497 868 549 cumprimum

61 574 140 625 uuimae
152 575 300 625 erraverunt.
311 573 408 636 Propter
416 572 475 635 quod
483 569 625 633 Augustinus
631 568 696 631 dioit,
704 569 734 619 X.
746 569 785 618 De
796 568 869 617 Trio.

62 646 118 711 (erp.
136 646 186 709 9),
205 646 234 695 de
248 645 289 694 inii
305 642 453 707 inquisitione
468 642 552 691 menis
570 656 576 691 ι
593 658 607 688 u
616 641 668 691 Nou
678 640 743 690 reiut
752 640 870 691 absentem

62 721 258 782 sequereturne
268 716 419 777 eernere,sed
428 716 566 778 presentem
574 714 662 777 queret
668 710 798 765 discernere
807 712 869 775 (rip

62 790 85 839 id
98 794 145 854 est,
157 802 300 853 cognoscere
313 786 466 837 differentium
482 786 587 840 suamab
599 784 651 835 eliis
665 784 748 847 reius3
762 784 823 847 quod
832 786 872 834 est

64 875 198 926 mguoseere
211 860 364 925 quidditetern
381 862 404 909 ει
417 862 522 909 naturam
536 871 611 907 suem.

93 936 125 985 dd
135 934 238 999 primum
247 945 301 994 ergo
312 928 442 993 dicendum,
451 929 513 993 quod
523 943 588 979 mens
597 928 698 993 seipsam
706 940 748 991 per
759 940 786 977 se
796 926 871 991 nouit,

66 1004 216 1069 quetundem
227 1002 300 1053 insui
312 1001 386 1065 ipsios
398 999 553 1063 cognitionem
559 997 744 1065 peruenit,iieet
752 1011 794 1062 per
804 1012 871 1048 suuni

65 1080 142 1127 ardun
158 1079 215 1142 Ipsa
225 1076 290 1127 euim
302 1077 396 1137 estque
406 1072 560 1137 cognoscitur,
568 1070 622 1135 quia
633 1072 684 1135 ipsa
692 1070 791 1134 seipsam
800 1072 869 1134 amat,

64 1154 88 1198 ui
96 1148 177 1201 ididem
189 1147 296 1209 subditur
306 1146 351 1212 (Ξ).
364 1146 441 1197 Potest
451 1144 514 1195 euim
527 1142 613 1206 aliquid
623 1142 668 1193 diei
681 1157 730 1207 per
742 1156 768 1190 ee
779 1144 870 1191 notum

64 1221 196 1286 dupliciter:
210 1218 253 1271 *rel
265 1217 321 1283 quia
334 1230 375 1282 per
386 1217 443 1267 ninii
453 1216 513 1267 eliud
525 1215 613 1279 iu-ejus
621 1215 725 1266 notitiem
737 1212 869 1277 devenitur,

64 1294 121 1344 siout
136 1293 245 1344 dicuntur
253 1292 329 1357 prima
339 1288 454 1355 principie
463 1302 544 1353 perse
553 1289 628 1350 nota,·
639 1287 676 1337 rei
689 1284 743 1349 quia
756 1297 804 1335 uon
814 1283 870 1334 suut

64 1364 226 1429 cognoscibilia
241 1378 285 1430 per
299 1362 413 1423 accidens,
422 1362 481 1412 sieut
494 1360 556 1411 eolor
567 1363 603 1411 est
611 1372 653 1423 per
666 1371 690 1409 se
702 1356 809 1418 visibitis,
817 1356 872 1417 sutr-

64 1440 145 1495 steutiu
158 1442 239 1490 autem
251 1451 294 1503 per
304 1435 417 1488 accidens.

94 1512 128 1562 dd
137 1510 264 1562 seeundum
275 1504 477 1571 dicendum,qudd
491 1495 591 1556 essentie
601 1500 677 1566 augeli
689 1504 725 1551 est
735 1501 795 1551 sieut
805 1503 870 1550 eeius

64 1583 88 1632 iu
105 1596 191 1647 genere
212 1579 410 1645 intelligibilium
423 1582 446 1629 ει
458 1578 511 1629 ideo
530 1590 556 1628 se
569 1576 639 1627 hebet
651 1576 675 1625 ει
688 1576 714 1623 ut
731 1572 874 1633 intellectus

66 1658 89 1705 et
101 1659 126 1705 ut
139 1654 307 1705 intellectum.
318 1652 383 1702 Unde
400 1651 493 1715 angelus
505 1662 570 1700 suam
585 1646 708 1697 essentiam
717 1658 759 1710 per
773 1644 875 1709 seipsum

67 1726 235 1791 apprehendit,
247 1738 294 1775 uou
306 1726 384 1773 eutem
399 1722 530 1773 intellectus
542 1722 670 1781 humanus,
681 1717 722 1781 qui
731 1717 769 1766 rei
778 1719 814 1766 est
823 1729 873 1766 om·

68 1799 119 1850 uiuo
132 1800 157 1851 in
168 1796 274 1863 potentia
284 1798 390 1859 respectu
402 1792 595 1862 intelligibilium,
607 1787 668 1839 sieut
677 1788 811 1840 intellectus
823 1800 877 1851 pos-

69 1871 153 1935 sibilis3
166 1868 204 1919 ved
217 1872 254 1919 est
267 1870 333 1917 uetus
346 1864 524 1929 inteiligibiiium
537 1876 588 1927 pue
602 1862 761 1912 abstrahuntur
774 1858 875 1923 dptrau-

70 1942 220 2003 tasmutihus‚
235 1940 296 1991 sicud
309 1938 440 1989 inteiieeius
454 1950 545 2000 agens·

98 2015 132 2065 id
147 2013 240 2065 tertium
260 2010 396 2071 dieenduru,
411 2008 472 2073 qudd
487 2008 583 2058 verbum
597 2005 655 2055 idud
669 2000 805 2066 Philosophi
817 2000 875 2050 uui-

70 2087 187 2139 versnliter
196 2098 280 2135 verum
293 2086 329 2135 est
341 2082 365 2131 iu
382 2080 445 2135 omni
455 2080 579 2133 iuieiieetu.
598 2077 661 2127 Siout
676 2074 739 2126 enirn
758 2086 840 2124 seusu
851 2072 877 2123 iu

70 2163 120 2211 ertu
135 2161 176 2210 est
192 2155 311 2222 sensibile
327 2154 352 2205 iu
366 2156 432 2214 retu,
447 2155 539 2217 propter
559 2146 731 2202 rimditudnen
746 2142 874 2205 sensibilis,

71 2246 119 2297 quae
134 2232 170 2287 en
180 2231 254 2283 forma
263 2225 346 2291 seusds
357 2225 381 2277 iu
392 2226 458 2287 aetu;
471 2221 504 2273 ita
515 2220 647 2273 intellectus
656 2217 682 2269 iu
690 2220 744 2267 aeto
756 2218 792 2266 est
805 2213 874 2265 intel·

104 2376 135 2441 (1)
149 2379 195 2425 Vel
205 2378 266 2423 sieut
277 2379 313 2423 est
321 2374 346 2419 iu
357 2370 482 2431 Augustini
490 2375 563 2427 textu,
573 2366 614 2414 red
619 2367 763 2425 presentem
773 2375 797 2409 re
807 2365 876 2407 earet

74 2444 222 2495 discernere*
233 2439 296 2497 quod
306 2435 473 2496 significantius
481 2430 640 2490 estzquamris
648 2428 701 2475 erim
710 2438 779 2473 nemo
790 2430 878 2483 queret

74 2508 120 2553 siue
132 2518 199 2565 oure,
215 2514 299 2549 sensus
310 2500 334 2545 in
345 2500 406 2545 idem
417 2497 486 2543 redit.

102 2574 135 2641 (2)
149 2575 209 2623 Putd
220 2575 254 2622 sie
267 2590 272 2617 :
288 2572 355 2617 Meno
368 2582 452 2616 amore
466 2570 570 2627 seipsam
582 2577 633 2610 eroes
640 2564 732 2621 potest,
742 2560 795 2604 eriri
804 2555 878 2605 etium

75 2640 225 2685 rennuerit:
239 2648 299 2682 nom
312 2634 430 2692 poomodo
446 2635 512 2677 ornat
524 2629 589 2687 qood
604 2627 697 2673 neseis?
711 2623 763 2669 Aut
777 2622 880 2680 sipoto-

73 2706 139 2761 ps‘em
149 2702 216 2747 dieat
227 2712 259 2745 ex
270 2699 363 2743 poetria
376 2695 489 2755 peperoli
502 2694 541 2738 oet
554 2690 657 2749 speeioti
667 2690 769 2734 merrtem
781 2684 880 2730 eredere

76 2779 97 2812 re
105 2779 154 2813 esre
163 2762 329 2821 intemperatos
340 2761 404 2805 oliae
415 2759 519 2817 experto
526 2759 569 2805 est,
577 2757 599 2800 ει
609 2753 665 2799 ideo
676 2759 760 2797 amon
768 2748 882 2805 reipsum,

76 2826 278 2888 insipientissime
293 2824 412 2881 loquitor.
431 2821 499 2869 Unde
509 2819 575 2865 erim
585 2828 652 2865 meur
662 2815 771 2871 ntiquom
779 2812 880 2858 πιοειεπι

77 2894 155 2945 norit,
166 2892 190 2937 re·
200 2904 226 2937 ee
234 2900 287 2937 noo
306 2886 397 2935 uerit?
487 2938 490 2945 ,
