<?xml version="1.0" encoding="UTF-8"?>
<!DOCTYPE html PUBLIC "-//W3C//DTD XHTML 1.0 Transitional//EN"
    "http://www.w3.org/TR/xhtml1/DTD/xhtml1-transitional.dtd">
<html xmlns="http://www.w3.org/1999/xhtml" xml:lang="en" lang="en">
 <head>
  <title>
</title>
<meta http-equiv="Content-Type" content="text/html;charset=utf-8" />
  <meta name='ocr-system' content='tesseract 3.04.00' />
  <meta name='ocr-capabilities' content='ocr_page ocr_carea ocr_par ocr_line ocrx_word'/>
</head>
<body>
  <div class='ocr_page' id='page_1' title='image "./summatheologica00nicogoog_0563.png"; bbox 0 0 1984 3309; ppageno 0'>
   <div class='ocr_carea' id='block_1_1' title="bbox 126 153 728 211">
    <p class='ocr_par' dir='ltr' id='par_1_1' title="bbox 126 153 728 211">
     <span class='ocr_line' id='line_1_1' title="bbox 126 153 728 211; baseline -0.003 -11"><span class='ocrx_word' id='word_1_1' title='bbox 126 153 173 200; x_wconf 74' lang='grc' dir='ltr'>ιιι</span> <span class='ocrx_word' id='word_1_2' title='bbox 326 159 387 199; x_wconf 80' lang='lat' dir='ltr'>aius</span> <span class='ocrx_word' id='word_1_3' title='bbox 402 161 423 210; x_wconf 84' lang='grc' dir='ltr'>ι,</span> <span class='ocrx_word' id='word_1_4' title='bbox 439 159 531 204; x_wconf 75' lang='grc' dir='ltr'><strong>ουιετ.</strong></span> <span class='ocrx_word' id='word_1_5' title='bbox 548 158 612 211; x_wconf 78' lang='lat' dir='ltr'>exn,</span> <span class='ocrx_word' id='word_1_6' title='bbox 629 157 684 200; x_wconf 78' lang='lat' dir='ltr'>nur.</span> <span class='ocrx_word' id='word_1_7' title='bbox 702 162 728 199; x_wconf 88' lang='lat' dir='ltr'>m.</span> 
     </span>
    </p>
   </div>
   <div class='ocr_carea' id='block_1_2' title="bbox 124 187 973 2791">
    <p class='ocr_par' dir='ltr' id='par_1_2' title="bbox 124 187 969 573">
     <span class='ocr_line' id='line_1_2' title="bbox 125 187 969 299; baseline 0.001 -11"><span class='ocrx_word' id='word_1_8' title='bbox 125 240 241 289; x_wconf 79' lang='lat' dir='ltr'>vomatur.</span> <span class='ocrx_word' id='word_1_9' title='bbox 256 236 313 286; x_wconf 87' lang='lat' dir='ltr'>ilino</span> <span class='ocrx_word' id='word_1_10' title='bbox 326 235 434 299; x_wconf 82' lang='lat' dir='ltr'>estquod</span> <span class='ocrx_word' id='word_1_11' title='bbox 448 237 476 286; x_wconf 87' lang='lat' dir='ltr'>ad</span> <span class='ocrx_word' id='word_1_12' title='bbox 486 236 603 298; x_wconf 76' lang='lat' dir='ltr'>Virginem</span> <span class='ocrx_word' id='word_1_13' title='bbox 617 237 709 288; x_wconf 84' lang='lat' dir='ltr'>llariam</span> <span class='ocrx_word' id='word_1_14' title='bbox 723 237 814 289; x_wconf 80' lang='lat' dir='ltr'>Gabriel</span> <span class='ocrx_word' id='word_1_15' title='bbox 827 239 918 289; x_wconf 82' lang='lat' dir='ltr'>amblu-</span> <span class='ocrx_word' id='word_1_16' title='bbox 965 187 969 267; x_wconf 29' lang='lat' dir='ltr'>W</span> 
     </span>
     <span class='ocr_line' id='line_1_3' title="bbox 124 306 917 373; baseline 0 -15"><span class='ocrx_word' id='word_1_17' title='bbox 124 310 188 373; x_wconf 77' lang='lat' dir='ltr'>peius</span> <span class='ocrx_word' id='word_1_18' title='bbox 199 307 331 365; x_wconf 67' lang='lat' dir='ltr'>mittiturgu</span> <span class='ocrx_word' id='word_1_19' title='bbox 344 306 405 370; x_wconf 79' lang='lat' dir='ltr'>quod</span> <span class='ocrx_word' id='word_1_20' title='bbox 415 310 493 356; x_wconf 87' lang='lat' dir='ltr'>tamen</span> <span class='ocrx_word' id='word_1_21' title='bbox 506 307 550 356; x_wconf 87' lang='lat' dir='ltr'>luit</span> <span class='ocrx_word' id='word_1_22' title='bbox 560 320 671 358; x_wconf 79' lang='lat' dir='ltr'>summum</span> <span class='ocrx_word' id='word_1_23' title='bbox 685 309 745 360; x_wconf 87' lang='lat' dir='ltr'>inter</span> <span class='ocrx_word' id='word_1_24' title='bbox 755 309 832 360; x_wconf 86' lang='lat' dir='ltr'>omnia</span> <span class='ocrx_word' id='word_1_25' title='bbox 843 310 917 360; x_wconf 82' lang='lat' dir='ltr'>diuina</span> 
     </span>
     <span class='ocr_line' id='line_1_4' title="bbox 124 377 918 445; baseline 0.001 -16"><span class='ocrx_word' id='word_1_26' title='bbox 124 379 259 439; x_wconf 80' lang='lat' dir='ltr'>ministeria,</span> <span class='ocrx_word' id='word_1_27' title='bbox 278 381 303 426; x_wconf 90' lang='lat' dir='ltr'>ut</span> <span class='ocrx_word' id='word_1_28' title='bbox 316 377 402 429; x_wconf 82' lang='lat' dir='ltr'>ibidem</span> <span class='ocrx_word' id='word_1_29' title='bbox 416 377 527 430; x_wconf 77' lang='lat' dir='ltr'>subditur.</span> <span class='ocrx_word' id='word_1_30' title='bbox 547 379 575 428; x_wconf 83' lang='lat' dir='ltr'>lit</span> <span class='ocrx_word' id='word_1_31' title='bbox 588 379 639 430; x_wconf 88' lang='lat' dir='ltr'>ideo</span> <span class='ocrx_word' id='word_1_32' title='bbox 655 379 788 445; x_wconf 81' lang='lat' dir='ltr'>simpliciter</span> <span class='ocrx_word' id='word_1_33' title='bbox 802 380 918 432; x_wconf 72' lang='lat' dir='ltr'>bbendum</span> 
     </span>
     <span class='ocr_line' id='line_1_5' title="bbox 124 449 919 517; baseline 0.001 -16"><span class='ocrx_word' id='word_1_34' title='bbox 124 456 160 501; x_wconf 88' lang='lat' dir='ltr'>est</span> <span class='ocrx_word' id='word_1_35' title='bbox 170 465 221 500; x_wconf 88' lang='lat' dir='ltr'>oum</span> <span class='ocrx_word' id='word_1_36' title='bbox 230 449 350 514; x_wconf 77' lang='lat' dir='ltr'>Dionysio,</span> <span class='ocrx_word' id='word_1_37' title='bbox 361 449 421 512; x_wconf 86' lang='lat' dir='ltr'>qubd</span> <span class='ocrx_word' id='word_1_38' title='bbox 432 450 562 513; x_wconf 83' lang='lat' dir='ltr'>superiores</span> <span class='ocrx_word' id='word_1_39' title='bbox 571 451 644 515; x_wconf 75' lang='lat' dir='ltr'>angeli</span> <span class='ocrx_word' id='word_1_40' title='bbox 657 463 775 517; x_wconf 79' lang='lat' dir='ltr'>nunquam</span> <span class='ocrx_word' id='word_1_41' title='bbox 785 453 813 502; x_wconf 85' lang='lat' dir='ltr'>ad</span> <span class='ocrx_word' id='word_1_42' title='bbox 823 454 919 504; x_wconf 83' lang='lat' dir='ltr'>exterius</span> 
     </span>
     <span class='ocr_line' id='line_1_6' title="bbox 124 519 412 573; baseline -0.01 -1"><span class='ocrx_word' id='word_1_43' title='bbox 124 521 273 572; x_wconf 87' lang='lat' dir='ltr'>ministerium</span> <span class='ocrx_word' id='word_1_44' title='bbox 283 519 412 573; x_wconf 75' lang='lat' dir='ltr'>mittamini.</span> 
     </span>
    </p>

    <p class='ocr_par' dir='ltr' id='par_1_3' title="bbox 125 592 972 1514">
     <span class='ocr_line' id='line_1_7' title="bbox 155 592 921 656; baseline 0.007 -13"><span class='ocrx_word' id='word_1_45' title='bbox 155 593 298 656; x_wconf 79' lang='lat' dir='ltr'>ltprimum</span> <span class='ocrx_word' id='word_1_46' title='bbox 309 605 365 656; x_wconf 77' lang='lat' dir='ltr'>ergo</span> <span class='ocrx_word' id='word_1_47' title='bbox 376 592 514 656; x_wconf 77' lang='lat' dir='ltr'>maenium,</span> <span class='ocrx_word' id='word_1_48' title='bbox 525 593 585 656; x_wconf 84' lang='lat' dir='ltr'>qubtl</span> <span class='ocrx_word' id='word_1_49' title='bbox 597 593 656 644; x_wconf 87' lang='lat' dir='ltr'>siem</span> <span class='ocrx_word' id='word_1_50' title='bbox 665 594 690 644; x_wconf 92' lang='lat' dir='ltr'>in</span> <span class='ocrx_word' id='word_1_51' title='bbox 704 595 852 646; x_wconf 73' lang='lat' dir='ltr'>missionibus</span> <span class='ocrx_word' id='word_1_52' title='bbox 865 596 921 647; x_wconf 82' lang='lat' dir='ltr'>diui·</span> 
     </span>
     <span class='ocr_line' id='line_1_8' title="bbox 125 662 922 730; baseline 0.003 -15"><span class='ocrx_word' id='word_1_53' title='bbox 125 677 205 715; x_wconf 85' lang='lat' dir='ltr'>uarum</span> <span class='ocrx_word' id='word_1_54' title='bbox 220 673 368 729; x_wconf 83' lang='lat' dir='ltr'>personarum</span> <span class='ocrx_word' id='word_1_55' title='bbox 381 663 456 728; x_wconf 83' lang='lat' dir='ltr'>aliqua</span> <span class='ocrx_word' id='word_1_56' title='bbox 471 668 508 714; x_wconf 89' lang='lat' dir='ltr'>est</span> <span class='ocrx_word' id='word_1_57' title='bbox 521 662 631 726; x_wconf 86' lang='lat' dir='ltr'>visibilis,</span> <span class='ocrx_word' id='word_1_58' title='bbox 641 679 692 730; x_wconf 79' lang='lat' dir='ltr'>qua</span> <span class='ocrx_word' id='word_1_59' title='bbox 706 666 833 716; x_wconf 86' lang='lat' dir='ltr'>attenditur</span> <span class='ocrx_word' id='word_1_60' title='bbox 844 681 922 717; x_wconf 83' lang='lat' dir='ltr'>seeun-</span> 
     </span>
     <span class='ocr_line' id='line_1_9' title="bbox 125 735 922 808; baseline 0.003 -22"><span class='ocrx_word' id='word_1_61' title='bbox 125 735 178 786; x_wconf 84' lang='lat' dir='ltr'>‹lirm</span> <span class='ocrx_word' id='word_1_62' title='bbox 188 739 315 808; x_wconf 82' lang='lat' dir='ltr'>ereaturapr</span> <span class='ocrx_word' id='word_1_63' title='bbox 326 747 465 799; x_wconf 78' lang='lat' dir='ltr'>corpoream,</span> <span class='ocrx_word' id='word_1_64' title='bbox 475 736 550 799; x_wconf 85' lang='lat' dir='ltr'>aliqua</span> <span class='ocrx_word' id='word_1_65' title='bbox 558 735 689 798; x_wconf 86' lang='lat' dir='ltr'>inuisibilis,</span> <span class='ocrx_word' id='word_1_66' title='bbox 700 749 752 801; x_wconf 77' lang='lat' dir='ltr'>que</span> <span class='ocrx_word' id='word_1_67' title='bbox 761 735 790 786; x_wconf 88' lang='lat' dir='ltr'>lit</span> <span class='ocrx_word' id='word_1_68' title='bbox 801 738 922 788; x_wconf 80' lang='lat' dir='ltr'>semnlbm</span> 
     </span>
     <span class='ocr_line' id='line_1_10' title="bbox 126 806 923 873; baseline 0.003 -16"><span class='ocrx_word' id='word_1_69' title='bbox 126 807 266 872; x_wconf 89' lang='lat' dir='ltr'>spiritualem</span> <span class='ocrx_word' id='word_1_70' title='bbox 286 807 405 870; x_wconf 82' lang='lat' dir='ltr'>ellectum3</span> <span class='ocrx_word' id='word_1_71' title='bbox 425 807 458 856; x_wconf 83' lang='lat' dir='ltr'>ita</span> <span class='ocrx_word' id='word_1_72' title='bbox 478 807 503 856; x_wconf 91' lang='lat' dir='ltr'>in</span> <span class='ocrx_word' id='word_1_73' title='bbox 528 806 675 860; x_wconf 77' lang='lat' dir='ltr'>missionibus</span> <span class='ocrx_word' id='word_1_74' title='bbox 697 808 830 870; x_wconf 72' lang='lat' dir='ltr'>angelorum</span> <span class='ocrx_word' id='word_1_75' title='bbox 850 809 923 873; x_wconf 83' lang='lat' dir='ltr'>aliqm</span> 
     </span>
     <span class='ocr_line' id='line_1_11' title="bbox 125 877 924 943; baseline 0.004 -15"><span class='ocrx_word' id='word_1_76' title='bbox 125 879 206 929; x_wconf 80' lang='lat' dir='ltr'>licitum</span> <span class='ocrx_word' id='word_1_77' title='bbox 219 878 329 940; x_wconf 84' lang='lat' dir='ltr'>exterior,</span> <span class='ocrx_word' id='word_1_78' title='bbox 346 891 397 941; x_wconf 80' lang='lat' dir='ltr'>quae</span> <span class='ocrx_word' id='word_1_79' title='bbox 406 877 493 928; x_wconf 86' lang='lat' dir='ltr'>soilioet</span> <span class='ocrx_word' id='word_1_80' title='bbox 507 883 541 928; x_wconf 87' lang='lat' dir='ltr'>est</span> <span class='ocrx_word' id='word_1_81' title='bbox 555 879 583 929; x_wconf 85' lang='lat' dir='ltr'>ad</span> <span class='ocrx_word' id='word_1_82' title='bbox 594 878 689 943; x_wconf 76' lang='lat' dir='ltr'>aliquoi</span> <span class='ocrx_word' id='word_1_83' title='bbox 696 879 851 930; x_wconf 86' lang='lat' dir='ltr'>ministerium</span> <span class='ocrx_word' id='word_1_84' title='bbox 867 882 924 932; x_wconf 82' lang='lat' dir='ltr'>oirm</span> 
     </span>
     <span class='ocr_line' id='line_1_12' title="bbox 127 949 924 1014; baseline 0 -12"><span class='ocrx_word' id='word_1_85' title='bbox 127 949 250 1014; x_wconf 84' lang='lat' dir='ltr'>oorporaiia</span> <span class='ocrx_word' id='word_1_86' title='bbox 271 949 437 1011; x_wconf 81' lang='lat' dir='ltr'>exbibendnm3</span> <span class='ocrx_word' id='word_1_87' title='bbox 458 953 482 998; x_wconf 92' lang='grc' dir='ltr'><strong>ει</strong></span> <span class='ocrx_word' id='word_1_88' title='bbox 504 949 631 999; x_wconf 76' lang='lat' dir='ltr'>secundnm</span> <span class='ocrx_word' id='word_1_89' title='bbox 652 952 711 1000; x_wconf 89' lang='lat' dir='ltr'>bano</span> <span class='ocrx_word' id='word_1_90' title='bbox 726 951 860 1002; x_wconf 80' lang='lat' dir='ltr'>missionem</span> <span class='ocrx_word' id='word_1_91' title='bbox 882 965 924 1002; x_wconf 91' lang='lat' dir='ltr'>nou</span> 
     </span>
     <span class='ocr_line' id='line_1_13' title="bbox 126 1017 925 1084; baseline 0.003 -13"><span class='ocrx_word' id='word_1_92' title='bbox 126 1035 206 1072; x_wconf 86' lang='lat' dir='ltr'>omues</span> <span class='ocrx_word' id='word_1_93' title='bbox 224 1020 354 1070; x_wconf 80' lang='lat' dir='ltr'>mittuntur.</span> <span class='ocrx_word' id='word_1_94' title='bbox 374 1020 423 1069; x_wconf 79' lang='lat' dir='ltr'>ilia</span> <span class='ocrx_word' id='word_1_95' title='bbox 443 1024 478 1070; x_wconf 88' lang='lat' dir='ltr'>est</span> <span class='ocrx_word' id='word_1_96' title='bbox 495 1020 603 1084; x_wconf 86' lang='lat' dir='ltr'>interior,</span> <span class='ocrx_word' id='word_1_97' title='bbox 618 1017 740 1072; x_wconf 75' lang='lat' dir='ltr'>monadum</span> <span class='ocrx_word' id='word_1_98' title='bbox 760 1021 925 1073; x_wconf 66' lang='lat' dir='ltr'>intellectuales</span> 
     </span>
     <span class='ocr_line' id='line_1_14' title="bbox 125 1090 925 1157; baseline 0.005 -16"><span class='ocrx_word' id='word_1_99' title='bbox 125 1091 233 1150; x_wconf 72' lang='lat' dir='ltr'>ebenus,</span> <span class='ocrx_word' id='word_1_100' title='bbox 248 1093 315 1153; x_wconf 90' lang='lat' dir='ltr'>prout</span> <span class='ocrx_word' id='word_1_101' title='bbox 336 1090 424 1140; x_wconf 87' lang='lat' dir='ltr'>soilioet</span> <span class='ocrx_word' id='word_1_102' title='bbox 438 1105 500 1140; x_wconf 92' lang='lat' dir='ltr'>unus</span> <span class='ocrx_word' id='word_1_103' title='bbox 517 1092 612 1154; x_wconf 80' lang='lat' dir='ltr'>angelus</span> <span class='ocrx_word' id='word_1_104' title='bbox 626 1091 740 1142; x_wconf 86' lang='lat' dir='ltr'>illuminat</span> <span class='ocrx_word' id='word_1_105' title='bbox 756 1093 842 1157; x_wconf 49' lang='lat' dir='ltr'>aliens,</span> <span class='ocrx_word' id='word_1_106' title='bbox 857 1097 882 1144; x_wconf 87' lang='lat' dir='ltr'>et</span> <span class='ocrx_word' id='word_1_107' title='bbox 896 1095 925 1145; x_wconf 85' lang='lat' dir='ltr'>siu</span> 
     </span>
     <span class='ocr_line' id='line_1_15' title="bbox 127 1161 925 1230; baseline 0.003 -18"><span class='ocrx_word' id='word_1_108' title='bbox 127 1175 206 1213; x_wconf 89' lang='lat' dir='ltr'>omnes</span> <span class='ocrx_word' id='word_1_109' title='bbox 220 1161 295 1223; x_wconf 75' lang='lat' dir='ltr'>angeli</span> <span class='ocrx_word' id='word_1_110' title='bbox 311 1162 438 1211; x_wconf 87' lang='lat' dir='ltr'>mittuntur.</span> <span class='ocrx_word' id='word_1_111' title='bbox 454 1161 499 1212; x_wconf 81' lang='lat' dir='ltr'>Vel</span> <span class='ocrx_word' id='word_1_112' title='bbox 515 1161 579 1212; x_wconf 86' lang='lat' dir='ltr'>aliter</span> <span class='ocrx_word' id='word_1_113' title='bbox 597 1162 719 1214; x_wconf 79' lang='lat' dir='ltr'>dicendum</span> <span class='ocrx_word' id='word_1_114' title='bbox 732 1162 794 1227; x_wconf 82' lang='lat' dir='ltr'>qubd</span> <span class='ocrx_word' id='word_1_115' title='bbox 807 1165 925 1230; x_wconf 75' lang='lat' dir='ltr'>Apostolus</span> 
     </span>
     <span class='ocr_line' id='line_1_16' title="bbox 125 1231 923 1299; baseline 0.004 -16"><span class='ocrx_word' id='word_1_116' title='bbox 125 1231 213 1283; x_wconf 86' lang='lat' dir='ltr'>inducit</span> <span class='ocrx_word' id='word_1_117' title='bbox 229 1232 286 1282; x_wconf 84' lang='lat' dir='ltr'>illud</span> <span class='ocrx_word' id='word_1_118' title='bbox 301 1233 330 1282; x_wconf 84' lang='lat' dir='ltr'>aul</span> <span class='ocrx_word' id='word_1_119' title='bbox 343 1233 485 1296; x_wconf 78' lang='lat' dir='ltr'>probandam</span> <span class='ocrx_word' id='word_1_120' title='bbox 498 1233 560 1296; x_wconf 76' lang='lat' dir='ltr'>puto</span> <span class='ocrx_word' id='word_1_121' title='bbox 575 1233 680 1284; x_wconf 85' lang='lat' dir='ltr'>Christus</span> <span class='ocrx_word' id='word_1_122' title='bbox 693 1233 724 1283; x_wconf 88' lang='lat' dir='ltr'>sit</span> <span class='ocrx_word' id='word_1_123' title='bbox 737 1234 812 1299; x_wconf 85' lang='lat' dir='ltr'>major</span> <span class='ocrx_word' id='word_1_124' title='bbox 825 1236 923 1298; x_wconf 75' lang='lat' dir='ltr'>augelis,</span> 
     </span>
     <span class='ocr_line' id='line_1_17' title="bbox 125 1305 925 1371; baseline 0.004 -17"><span class='ocrx_word' id='word_1_125' title='bbox 125 1317 167 1369; x_wconf 83' lang='lat' dir='ltr'>por</span> <span class='ocrx_word' id='word_1_126' title='bbox 181 1318 237 1369; x_wconf 86' lang='lat' dir='ltr'>quos</span> <span class='ocrx_word' id='word_1_127' title='bbox 248 1305 300 1356; x_wconf 88' lang='lat' dir='ltr'>data</span> <span class='ocrx_word' id='word_1_128' title='bbox 309 1308 346 1356; x_wconf 90' lang='lat' dir='ltr'>est</span> <span class='ocrx_word' id='word_1_129' title='bbox 355 1305 412 1368; x_wconf 80' lang='lat' dir='ltr'>ier,</span> <span class='ocrx_word' id='word_1_130' title='bbox 428 1308 455 1355; x_wconf 92' lang='lat' dir='ltr'>ut</span> <span class='ocrx_word' id='word_1_131' title='bbox 465 1305 499 1356; x_wconf 86' lang='lat' dir='ltr'>sio</span> <span class='ocrx_word' id='word_1_132' title='bbox 510 1307 614 1357; x_wconf 86' lang='lat' dir='ltr'>ostendat</span> <span class='ocrx_word' id='word_1_133' title='bbox 626 1305 784 1357; x_wconf 79' lang='lat' dir='ltr'>excellentiam</span> <span class='ocrx_word' id='word_1_134' title='bbox 796 1319 862 1359; x_wconf 86' lang='lat' dir='ltr'>nova</span> <span class='ocrx_word' id='word_1_135' title='bbox 873 1308 925 1371; x_wconf 80' lang='lat' dir='ltr'>legis</span> 
     </span>
     <span class='ocr_line' id='line_1_18' title="bbox 125 1375 972 1442; baseline 0.002 -15"><span class='ocrx_word' id='word_1_136' title='bbox 125 1379 153 1427; x_wconf 78' lang='lat' dir='ltr'>aul</span> <span class='ocrx_word' id='word_1_137' title='bbox 165 1382 275 1428; x_wconf 86' lang='lat' dir='ltr'>veterem.</span> <span class='ocrx_word' id='word_1_138' title='bbox 288 1378 353 1429; x_wconf 86' lang='lat' dir='ltr'>llnde</span> <span class='ocrx_word' id='word_1_139' title='bbox 369 1391 415 1428; x_wconf 91' lang='lat' dir='ltr'>nun</span> <span class='ocrx_word' id='word_1_140' title='bbox 424 1381 512 1440; x_wconf 83' lang='lat' dir='ltr'>oportet</span> <span class='ocrx_word' id='word_1_141' title='bbox 522 1377 582 1441; x_wconf 85' lang='lat' dir='ltr'>qubd</span> <span class='ocrx_word' id='word_1_142' title='bbox 594 1376 732 1440; x_wconf 78' lang='lat' dir='ltr'>intelligatur</span> <span class='ocrx_word' id='word_1_143' title='bbox 743 1375 790 1427; x_wconf 88' lang='lat' dir='ltr'>nisi</span> <span class='ocrx_word' id='word_1_144' title='bbox 802 1379 832 1428; x_wconf 80' lang='lat' dir='ltr'>(le</span> <span class='ocrx_word' id='word_1_145' title='bbox 844 1380 925 1442; x_wconf 78' lang='lat' dir='ltr'>unguib</span> <span class='ocrx_word' id='word_1_146' title='bbox 971 1411 972 1422; x_wconf 61' lang='lat'>2</span> 
     </span>
     <span class='ocr_line' id='line_1_19' title="bbox 127 1447 972 1514; baseline -0.004 -16"><span class='ocrx_word' id='word_1_147' title='bbox 127 1448 261 1510; x_wconf 84' lang='lat' dir='ltr'>ministerii,</span> <span class='ocrx_word' id='word_1_148' title='bbox 276 1455 317 1514; x_wconf 84' lang='lat' dir='ltr'>per</span> <span class='ocrx_word' id='word_1_149' title='bbox 327 1462 384 1512; x_wconf 86' lang='lat' dir='ltr'>qnos</span> <span class='ocrx_word' id='word_1_150' title='bbox 395 1449 446 1497; x_wconf 83' lang='lat' dir='ltr'>nata</span> <span class='ocrx_word' id='word_1_151' title='bbox 461 1449 555 1498; x_wconf 64' lang='lat' dir='ltr'>estleia,</span> <span class='ocrx_word' id='word_1_152' title='bbox 971 1447 972 1458; x_wconf 62' lang='lat'>¹</span> 
     </span>
    </p>

    <p class='ocr_par' dir='ltr' id='par_1_4' title="bbox 127 1519 928 2295">
     <span class='ocr_line' id='line_1_20' title="bbox 159 1519 924 1584; baseline 0 -14"><span class='ocrx_word' id='word_1_153' title='bbox 159 1522 193 1571; x_wconf 75' lang='lat' dir='ltr'>id</span> <span class='ocrx_word' id='word_1_154' title='bbox 210 1522 334 1572; x_wconf 84' lang='lat' dir='ltr'>seeundum</span> <span class='ocrx_word' id='word_1_155' title='bbox 351 1520 486 1582; x_wconf 81' lang='lat' dir='ltr'>dicendum,</span> <span class='ocrx_word' id='word_1_156' title='bbox 505 1519 630 1572; x_wconf 79' lang='lat' dir='ltr'>secuudum</span> <span class='ocrx_word' id='word_1_157' title='bbox 648 1519 799 1584; x_wconf 51' lang='lat' dir='ltr'>[lionpsiump</span> <span class='ocrx_word' id='word_1_158' title='bbox 811 1520 873 1584; x_wconf 78' lang='lat' dir='ltr'>quon</span> <span class='ocrx_word' id='word_1_159' title='bbox 891 1521 924 1570; x_wconf 89' lang='lat' dir='ltr'>ille</span> 
     </span>
     <span class='ocr_line' id='line_1_21' title="bbox 128 1590 923 1656; baseline -0.003 -12"><span class='ocrx_word' id='word_1_160' title='bbox 128 1593 224 1656; x_wconf 77' lang='lat' dir='ltr'>angelus</span> <span class='ocrx_word' id='word_1_161' title='bbox 237 1592 278 1656; x_wconf 86' lang='lat' dir='ltr'>qui</span> <span class='ocrx_word' id='word_1_162' title='bbox 288 1593 372 1642; x_wconf 90' lang='lat' dir='ltr'>missus</span> <span class='ocrx_word' id='word_1_163' title='bbox 387 1595 423 1642; x_wconf 88' lang='lat' dir='ltr'>est</span> <span class='ocrx_word' id='word_1_164' title='bbox 434 1591 460 1640; x_wconf 89' lang='lat' dir='ltr'>ad</span> <span class='ocrx_word' id='word_1_165' title='bbox 471 1592 614 1654; x_wconf 82' lang='lat' dir='ltr'>purgantium</span> <span class='ocrx_word' id='word_1_166' title='bbox 624 1590 683 1641; x_wconf 86' lang='lat' dir='ltr'>labia</span> <span class='ocrx_word' id='word_1_167' title='bbox 695 1590 832 1655; x_wconf 73' lang='lat' dir='ltr'>Propheta,</span> <span class='ocrx_word' id='word_1_168' title='bbox 845 1593 890 1642; x_wconf 88' lang='lat' dir='ltr'>luit</span> <span class='ocrx_word' id='word_1_169' title='bbox 899 1593 923 1643; x_wconf 85' lang='lat' dir='ltr'>de</span> 
     </span>
     <span class='ocr_line' id='line_1_22' title="bbox 128 1661 925 1728; baseline 0 -15"><span class='ocrx_word' id='word_1_170' title='bbox 128 1663 275 1713; x_wconf 81' lang='lat' dir='ltr'>interioribus</span> <span class='ocrx_word' id='word_1_171' title='bbox 289 1664 387 1726; x_wconf 80' lang='lat' dir='ltr'>angelis3</span> <span class='ocrx_word' id='word_1_172' title='bbox 397 1661 437 1712; x_wconf 84' lang='lat' dir='ltr'>sed</span> <span class='ocrx_word' id='word_1_173' title='bbox 452 1661 525 1712; x_wconf 80' lang='lat' dir='ltr'>dietus</span> <span class='ocrx_word' id='word_1_174' title='bbox 534 1667 570 1712; x_wconf 87' lang='lat' dir='ltr'>est</span> <span class='ocrx_word' id='word_1_175' title='bbox 582 1661 730 1728; x_wconf 70' lang='lat' dir='ltr'>Seraphim,</span> <span class='ocrx_word' id='word_1_176' title='bbox 745 1663 769 1712; x_wconf 85' lang='lat' dir='ltr'>id</span> <span class='ocrx_word' id='word_1_177' title='bbox 784 1667 833 1726; x_wconf 87' lang='lat' dir='ltr'>est,</span> <span class='ocrx_word' id='word_1_178' title='bbox 850 1666 925 1714; x_wconf 74' lang='lat' dir='ltr'>a&#39;aeen</span> 
     </span>
     <span class='ocr_line' id='line_1_23' title="bbox 127 1728 925 1802; baseline 0.001 -19"><span class='ocrx_word' id='word_1_179' title='bbox 127 1734 202 1802; x_wconf 78' lang='lat' dir='ltr'>deae,</span> <span class='ocrx_word' id='word_1_180' title='bbox 220 1733 349 1797; x_wconf 73' lang='lat' dir='ltr'>equivoci,</span> <span class='ocrx_word' id='word_1_181' title='bbox 360 1737 452 1798; x_wconf 87' lang='lat' dir='ltr'>propter</span> <span class='ocrx_word' id='word_1_182' title='bbox 464 1735 511 1784; x_wconf 84' lang='lat' dir='ltr'>boe</span> <span class='ocrx_word' id='word_1_183' title='bbox 524 1729 585 1797; x_wconf 81' lang='lat' dir='ltr'>quiid</span> <span class='ocrx_word' id='word_1_184' title='bbox 605 1737 699 1784; x_wconf 82' lang='lat' dir='ltr'>uenerat</span> <span class='ocrx_word' id='word_1_185' title='bbox 713 1735 741 1783; x_wconf 88' lang='lat' dir='ltr'>ad</span> <span class='ocrx_word' id='word_1_186' title='bbox 759 1728 925 1787; x_wconf 76' lang='lat' dir='ltr'>incendendum</span> 
     </span>
     <span class='ocr_line' id='line_1_24' title="bbox 127 1803 927 1876; baseline 0.001 -21"><span class='ocrx_word' id='word_1_187' title='bbox 127 1803 188 1855; x_wconf 84' lang='lat' dir='ltr'>labia</span> <span class='ocrx_word' id='word_1_188' title='bbox 199 1804 327 1876; x_wconf 77' lang='lat' dir='ltr'>Propheta.</span> <span class='ocrx_word' id='word_1_189' title='bbox 338 1805 379 1854; x_wconf 79' lang='lat' dir='ltr'>Vel</span> <span class='ocrx_word' id='word_1_190' title='bbox 395 1804 517 1855; x_wconf 71' lang='lat' dir='ltr'>munuum</span> <span class='ocrx_word' id='word_1_191' title='bbox 528 1803 588 1868; x_wconf 82' lang='lat' dir='ltr'>publ</span> <span class='ocrx_word' id='word_1_192' title='bbox 599 1805 727 1869; x_wconf 88' lang='lat' dir='ltr'>superiores</span> <span class='ocrx_word' id='word_1_193' title='bbox 739 1806 816 1867; x_wconf 77' lang='lat' dir='ltr'>angeli</span> <span class='ocrx_word' id='word_1_194' title='bbox 830 1820 927 1858; x_wconf 87' lang='lat' dir='ltr'>eommu-</span> 
     </span>
     <span class='ocr_line' id='line_1_25' title="bbox 128 1874 927 1940; baseline 0.003 -16"><span class='ocrx_word' id='word_1_195' title='bbox 128 1874 205 1925; x_wconf 84' lang='lat' dir='ltr'>nicaut</span> <span class='ocrx_word' id='word_1_196' title='bbox 216 1876 309 1940; x_wconf 86' lang='lat' dir='ltr'>propria</span> <span class='ocrx_word' id='word_1_197' title='bbox 322 1876 395 1935; x_wconf 86' lang='lat' dir='ltr'>dona,</span> <span class='ocrx_word' id='word_1_198' title='bbox 407 1876 421 1926; x_wconf 80' lang='lat' dir='ltr'>a</span> <span class='ocrx_word' id='word_1_199' title='bbox 432 1875 515 1939; x_wconf 91' lang='lat' dir='ltr'>quibus</span> <span class='ocrx_word' id='word_1_200' title='bbox 529 1876 715 1940; x_wconf 85' lang='lat' dir='ltr'>denominantur,</span> <span class='ocrx_word' id='word_1_201' title='bbox 730 1877 886 1928; x_wconf 71' lang='lat' dir='ltr'>molientibus</span> <span class='ocrx_word' id='word_1_202' title='bbox 895 1879 927 1927; x_wconf 91' lang='lat' dir='ltr'>in-</span> 
     </span>
     <span class='ocr_line' id='line_1_26' title="bbox 129 1944 926 2014; baseline 0.003 -19"><span class='ocrx_word' id='word_1_203' title='bbox 129 1944 249 1996; x_wconf 82' lang='lat' dir='ltr'>ferioribus</span> <span class='ocrx_word' id='word_1_204' title='bbox 261 1945 355 2008; x_wconf 76' lang='lat' dir='ltr'>angelis.</span> <span class='ocrx_word' id='word_1_205' title='bbox 367 1945 404 1996; x_wconf 84' lang='lat' dir='ltr'>siu</span> <span class='ocrx_word' id='word_1_206' title='bbox 416 1946 487 2010; x_wconf 76' lang='lat' dir='ltr'>igitur</span> <span class='ocrx_word' id='word_1_207' title='bbox 499 1959 558 1996; x_wconf 89' lang='lat' dir='ltr'>unus</span> <span class='ocrx_word' id='word_1_208' title='bbox 571 1946 599 1996; x_wconf 85' lang='lat' dir='ltr'>tle</span> <span class='ocrx_word' id='word_1_209' title='bbox 608 1945 727 2010; x_wconf 80' lang='lat' dir='ltr'>Seraphim</span> <span class='ocrx_word' id='word_1_210' title='bbox 741 1946 819 1998; x_wconf 84' lang='lat' dir='ltr'>dictus</span> <span class='ocrx_word' id='word_1_211' title='bbox 829 1954 865 2000; x_wconf 86' lang='grc' dir='ltr'>εει</span> <span class='ocrx_word' id='word_1_212' title='bbox 874 1963 926 2014; x_wconf 90' lang='lat' dir='ltr'>pur·</span> 
     </span>
     <span class='ocr_line' id='line_1_27' title="bbox 129 2016 928 2082; baseline 0.001 -15"><span class='ocrx_word' id='word_1_213' title='bbox 129 2017 195 2082; x_wconf 74' lang='lat' dir='ltr'>pass&#39;e</span> <span class='ocrx_word' id='word_1_214' title='bbox 209 2016 315 2067; x_wconf 83' lang='lat' dir='ltr'>inoenlio</span> <span class='ocrx_word' id='word_1_215' title='bbox 330 2017 389 2066; x_wconf 86' lang='lat' dir='ltr'>labia</span> <span class='ocrx_word' id='word_1_216' title='bbox 404 2019 544 2082; x_wconf 73' lang='lat' dir='ltr'>Propheta,</span> <span class='ocrx_word' id='word_1_217' title='bbox 558 2030 603 2068; x_wconf 90' lang='lat' dir='ltr'>non</span> <span class='ocrx_word' id='word_1_218' title='bbox 614 2018 668 2081; x_wconf 88' lang='lat' dir='ltr'>quia</span> <span class='ocrx_word' id='word_1_219' title='bbox 682 2019 727 2068; x_wconf 80' lang='lat' dir='ltr'>boc</span> <span class='ocrx_word' id='word_1_220' title='bbox 736 2016 787 2082; x_wconf 83' lang='lat' dir='ltr'>ipse</span> <span class='ocrx_word' id='word_1_221' title='bbox 800 2017 928 2072; x_wconf 74' lang='lat' dir='ltr'>immediati</span> 
     </span>
     <span class='ocr_line' id='line_1_28' title="bbox 127 2086 927 2153; baseline 0 -15"><span class='ocrx_word' id='word_1_222' title='bbox 127 2089 222 2153; x_wconf 82' lang='lat' dir='ltr'>iuuerit,</span> <span class='ocrx_word' id='word_1_223' title='bbox 232 2091 272 2140; x_wconf 83' lang='lat' dir='ltr'>seo</span> <span class='ocrx_word' id='word_1_224' title='bbox 283 2087 338 2152; x_wconf 86' lang='lat' dir='ltr'>quia</span> <span class='ocrx_word' id='word_1_225' title='bbox 346 2086 442 2139; x_wconf 86' lang='lat' dir='ltr'>iuierior</span> <span class='ocrx_word' id='word_1_226' title='bbox 449 2089 544 2153; x_wconf 76' lang='lat' dir='ltr'>angelus</span> <span class='ocrx_word' id='word_1_227' title='bbox 552 2088 636 2138; x_wconf 84' lang='lat' dir='ltr'>uirtute</span> <span class='ocrx_word' id='word_1_228' title='bbox 648 2089 698 2152; x_wconf 83' lang='lat' dir='ltr'>ejus</span> <span class='ocrx_word' id='word_1_229' title='bbox 710 2089 927 2142; x_wconf 71' lang='lat' dir='ltr'>nostrosnostros</span> 
     </span>
     <span class='ocr_line' id='line_1_29' title="bbox 127 2159 924 2226; baseline -0.001 -15"><span class='ocrx_word' id='word_1_230' title='bbox 127 2162 189 2224; x_wconf 87' lang='lat' dir='ltr'>Papa</span> <span class='ocrx_word' id='word_1_231' title='bbox 206 2160 290 2211; x_wconf 85' lang='lat' dir='ltr'>dieitur</span> <span class='ocrx_word' id='word_1_232' title='bbox 310 2159 429 2210; x_wconf 85' lang='lat' dir='ltr'>absoluere</span> <span class='ocrx_word' id='word_1_233' title='bbox 444 2159 561 2224; x_wconf 83' lang='lat' dir='ltr'>aliquem,</span> <span class='ocrx_word' id='word_1_234' title='bbox 575 2159 664 2210; x_wconf 81' lang='lat' dir='ltr'>etiamsi</span> <span class='ocrx_word' id='word_1_235' title='bbox 679 2173 720 2226; x_wconf 84' lang='lat' dir='ltr'>per</span> <span class='ocrx_word' id='word_1_236' title='bbox 740 2159 811 2210; x_wconf 86' lang='lat' dir='ltr'>alium</span> <span class='ocrx_word' id='word_1_237' title='bbox 828 2161 924 2212; x_wconf 81' lang='lat' dir='ltr'>oilleium</span> 
     </span>
     <span class='ocr_line' id='line_1_30' title="bbox 127 2232 416 2295; baseline -0.003 -14"><span class='ocrx_word' id='word_1_238' title='bbox 127 2232 278 2283; x_wconf 85' lang='lat' dir='ltr'>absolutionis</span> <span class='ocrx_word' id='word_1_239' title='bbox 289 2232 416 2295; x_wconf 85' lang='lat' dir='ltr'>impendat.</span> 
     </span>
    </p>

    <p class='ocr_par' dir='ltr' id='par_1_5' title="bbox 125 2301 973 2509">
     <span class='ocr_line' id='line_1_31' title="bbox 161 2301 924 2366; baseline 0.003 -16"><span class='ocrx_word' id='word_1_240' title='bbox 161 2302 195 2351; x_wconf 83' lang='lat' dir='ltr'>ld</span> <span class='ocrx_word' id='word_1_241' title='bbox 204 2303 295 2353; x_wconf 88' lang='lat' dir='ltr'>tortium</span> <span class='ocrx_word' id='word_1_242' title='bbox 309 2301 444 2362; x_wconf 79' lang='lat' dir='ltr'>dicendum,</span> <span class='ocrx_word' id='word_1_243' title='bbox 453 2301 514 2366; x_wconf 82' lang='lat' dir='ltr'>qubd</span> <span class='ocrx_word' id='word_1_244' title='bbox 526 2301 611 2352; x_wconf 79' lang='lat' dir='ltr'>divine</span> <span class='ocrx_word' id='word_1_245' title='bbox 624 2314 730 2366; x_wconf 76' lang='lat' dir='ltr'>persone</span> <span class='ocrx_word' id='word_1_246' title='bbox 744 2316 792 2353; x_wconf 89' lang='lat' dir='ltr'>non</span> <span class='ocrx_word' id='word_1_247' title='bbox 807 2305 924 2354; x_wconf 86' lang='lat' dir='ltr'>mittuntur</span> 
     </span>
     <span class='ocr_line' id='line_1_32' title="bbox 127 2371 973 2441; baseline 0.002 -19"><span class='ocrx_word' id='word_1_248' title='bbox 127 2372 153 2422; x_wconf 90' lang='lat' dir='ltr'>in</span> <span class='ocrx_word' id='word_1_249' title='bbox 163 2371 316 2424; x_wconf 89' lang='lat' dir='ltr'>ministerium</span> <span class='ocrx_word' id='word_1_250' title='bbox 320 2409 329 2436; x_wconf 90' lang='lat'>‚</span> <span class='ocrx_word' id='word_1_251' title='bbox 343 2375 383 2423; x_wconf 79' lang='lat' dir='ltr'>seul</span> <span class='ocrx_word' id='word_1_252' title='bbox 397 2373 514 2438; x_wconf 74' lang='lat' dir='ltr'>equivoco</span> <span class='ocrx_word' id='word_1_253' title='bbox 527 2373 587 2424; x_wconf 89' lang='lat' dir='ltr'>mitti</span> <span class='ocrx_word' id='word_1_254' title='bbox 600 2373 719 2437; x_wconf 84' lang='lat' dir='ltr'>dicuntur,</span> <span class='ocrx_word' id='word_1_255' title='bbox 733 2379 801 2426; x_wconf 87' lang='lat' dir='ltr'>ulex</span> <span class='ocrx_word' id='word_1_256' title='bbox 815 2374 926 2441; x_wconf 77' lang='lat' dir='ltr'>predictis</span> <span class='ocrx_word' id='word_1_257' title='bbox 972 2435 973 2438; x_wconf 8' lang='grc' dir='ltr'><strong>Ἴ</strong></span> 
     </span>
     <span class='ocr_line' id='line_1_33' title="bbox 125 2444 973 2509; baseline 0.001 -15"><span class='ocrx_word' id='word_1_258' title='bbox 125 2448 191 2509; x_wconf 86' lang='lat' dir='ltr'>patet</span> <span class='ocrx_word' id='word_1_259' title='bbox 202 2444 258 2508; x_wconf 86' lang='lat' dir='ltr'>(qu.</span> <span class='ocrx_word' id='word_1_260' title='bbox 269 2444 326 2508; x_wconf 81' lang='lat' dir='ltr'>ta).</span> <span class='ocrx_word' id='word_1_261' title='bbox 972 2459 973 2464; x_wconf 52' lang='lat'>¹</span> 
     </span>
    </p>

    <p class='ocr_par' dir='ltr' id='par_1_6' title="bbox 126 2515 924 2791">
     <span class='ocr_line' id='line_1_34' title="bbox 159 2515 924 2580; baseline 0.005 -15"><span class='ocrx_word' id='word_1_262' title='bbox 159 2516 193 2565; x_wconf 81' lang='lat' dir='ltr'>ao</span> <span class='ocrx_word' id='word_1_263' title='bbox 205 2519 312 2578; x_wconf 84' lang='lat' dir='ltr'>quartum</span> <span class='ocrx_word' id='word_1_264' title='bbox 325 2516 459 2579; x_wconf 79' lang='lat' dir='ltr'>(licendum,</span> <span class='ocrx_word' id='word_1_265' title='bbox 471 2516 530 2580; x_wconf 82' lang='lat' dir='ltr'>puto</span> <span class='ocrx_word' id='word_1_266' title='bbox 542 2517 567 2566; x_wconf 91' lang='lat' dir='ltr'>in</span> <span class='ocrx_word' id='word_1_267' title='bbox 583 2515 667 2568; x_wconf 80' lang='lat' dir='ltr'>diuinis</span> <span class='ocrx_word' id='word_1_268' title='bbox 678 2515 815 2568; x_wconf 83' lang='lat' dir='ltr'>ministeriis</span> <span class='ocrx_word' id='word_1_269' title='bbox 826 2519 862 2568; x_wconf 91' lang='lat' dir='ltr'>est</span> <span class='ocrx_word' id='word_1_270' title='bbox 869 2516 924 2568; x_wconf 89' lang='lat' dir='ltr'>mul-</span> 
     </span>
     <span class='ocr_line' id='line_1_35' title="bbox 126 2586 924 2652; baseline 0.003 -17"><span class='ocrx_word' id='word_1_271' title='bbox 126 2586 199 2649; x_wconf 81' lang='lat' dir='ltr'>tiplex</span> <span class='ocrx_word' id='word_1_272' title='bbox 215 2588 297 2650; x_wconf 73' lang='lat' dir='ltr'>gruom</span> <span class='ocrx_word' id='word_1_273' title='bbox 320 2587 404 2637; x_wconf 76' lang='lat' dir='ltr'>:unde</span> <span class='ocrx_word' id='word_1_274' title='bbox 416 2586 475 2636; x_wconf 85' lang='lat' dir='ltr'>nibil</span> <span class='ocrx_word' id='word_1_275' title='bbox 489 2588 595 2646; x_wconf 82' lang='lat' dir='ltr'>probibet</span> <span class='ocrx_word' id='word_1_276' title='bbox 614 2587 681 2638; x_wconf 89' lang='lat' dir='ltr'>etiam</span> <span class='ocrx_word' id='word_1_277' title='bbox 699 2589 823 2652; x_wconf 75' lang='lat' dir='ltr'>inequales</span> <span class='ocrx_word' id='word_1_278' title='bbox 835 2589 924 2652; x_wconf 77' lang='lat' dir='ltr'>angelus</span> 
     </span>
     <span class='ocr_line' id='line_1_36' title="bbox 128 2657 924 2725; baseline 0.005 -19"><span class='ocrx_word' id='word_1_279' title='bbox 128 2657 258 2708; x_wconf 78' lang='lat' dir='ltr'>immediate</span> <span class='ocrx_word' id='word_1_280' title='bbox 274 2658 301 2707; x_wconf 87' lang='lat' dir='ltr'>ad</span> <span class='ocrx_word' id='word_1_281' title='bbox 316 2657 441 2708; x_wconf 81' lang='lat' dir='ltr'>ministeria</span> <span class='ocrx_word' id='word_1_282' title='bbox 452 2659 525 2722; x_wconf 88' lang='lat' dir='ltr'>mitti;</span> <span class='ocrx_word' id='word_1_283' title='bbox 535 2659 568 2709; x_wconf 86' lang='lat' dir='ltr'>ita</span> <span class='ocrx_word' id='word_1_284' title='bbox 579 2663 655 2709; x_wconf 84' lang='lat' dir='ltr'>tanen</span> <span class='ocrx_word' id='word_1_285' title='bbox 668 2658 727 2723; x_wconf 80' lang='lat' dir='ltr'>uubd</span> <span class='ocrx_word' id='word_1_286' title='bbox 738 2661 864 2725; x_wconf 86' lang='lat' dir='ltr'>superiores</span> <span class='ocrx_word' id='word_1_287' title='bbox 875 2658 924 2709; x_wconf 90' lang='lat' dir='ltr'>mil·</span> 
     </span>
     <span class='ocr_line' id='line_1_37' title="bbox 128 2727 864 2791; baseline 0.005 -15"><span class='ocrx_word' id='word_1_288' title='bbox 128 2730 205 2776; x_wconf 88' lang='lat' dir='ltr'>tantur</span> <span class='ocrx_word' id='word_1_289' title='bbox 216 2728 245 2776; x_wconf 81' lang='lat' dir='ltr'>ad</span> <span class='ocrx_word' id='word_1_290' title='bbox 259 2727 337 2777; x_wconf 89' lang='lat' dir='ltr'>altiora</span> <span class='ocrx_word' id='word_1_291' title='bbox 347 2729 488 2791; x_wconf 83' lang='lat' dir='ltr'>ministeria,</span> <span class='ocrx_word' id='word_1_292' title='bbox 500 2729 622 2781; x_wconf 80' lang='lat' dir='ltr'>interiores</span> <span class='ocrx_word' id='word_1_293' title='bbox 638 2730 693 2780; x_wconf 74' lang='lat' dir='ltr'>verb</span> <span class='ocrx_word' id='word_1_294' title='bbox 707 2731 735 2781; x_wconf 85' lang='lat' dir='ltr'>aul</span> <span class='ocrx_word' id='word_1_295' title='bbox 748 2731 864 2783; x_wconf 80' lang='lat' dir='ltr'>interiora.</span> 
     </span>
    </p>
   </div>
   <div class='ocr_carea' id='block_1_3' title="bbox 0 0 999 3309">
    <p class='ocr_par' dir='ltr' id='par_1_7' title="bbox 0 0 999 3309">
     <span class='ocr_line' id='line_1_38' title="bbox 0 0 999 3309; baseline 0 0"><span class='ocrx_word' id='word_1_296' title='bbox 0 0 999 3309; x_wconf 95' lang='lat' dir='ltr'> </span> 
     </span>
    </p>
   </div>
  </div>
 </body>
</html>
