1984 3309
128 259 175 306 186
314 265 375 304 rans
391 266 414 313 r,
426 264 519 310 onnsn.
537 265 622 316 cxxvi,
637 264 691 302 rur.
710 264 743 302 vr.

159 348 182 394 a.
194 343 321 405 Praeterea,
330 341 356 392 in
372 340 479 392 memoria
496 344 662 393 conservantur
672 341 761 407 species
775 354 867 407 rerum,
881 357 932 409 que

126 418 180 467 actu
191 426 237 465 non
247 414 381 479 cogitantur.
390 414 434 465 Sed
444 416 488 465 boc
500 428 546 465 non
558 414 707 479 estpossibile
717 412 820 465 uendere
828 414 854 465 in
865 416 932 467 intel-

125 488 204 547 lectu,
223 485 276 550 qnia
293 485 420 535 intellectus
432 487 458 535 tlt
472 484 497 535 in
519 488 585 545 actu,
600 498 642 551 per
660 486 705 535 boc
721 486 781 549 qnod
797 485 935 541 informatur

127 558 204 623 specie
219 556 365 622 intelligibili.
380 556 523 607 intellectum
538 559 613 607 autern
628 570 679 607 esse
690 557 715 606 in
729 558 795 621 actu,
806 562 842 608 est
856 558 934 624 ipsum

125 629 253 693 intelligere
270 628 295 677 in
312 630 370 677 actm
387 628 416 676 Et
428 628 462 677 sic
474 626 605 677 intellectus
618 626 693 677 omnia
709 626 816 689 intelligit
831 629 856 679 in
871 634 934 695 actu,

125 714 222 764 gnomm
236 698 324 764 species
337 699 397 763 apud
408 712 433 750 sa
443 699 521 749 babet.
537 698 588 749 Non
598 712 652 763 ergo
663 698 772 750 memoria
786 699 858 750 estin
869 706 934 766 parte

125 773 276 823 intellectiva.

155 845 199 895 Sed
210 848 287 894 contra
296 845 410 908 estquod
421 843 561 908 Augustinus
569 842 633 903 dicit,
642 843 672 893 x.
684 850 716 892 De
726 842 796 892 Trio.
807 842 870 907 (cap.
885 848 911 894 ιι
916 859 933 910 p,

124 916 186 980 qnbd
198 933 212 964 u
223 916 333 966 memoria
339 953 348 979 ,
363 914 528 978 intelligentia,
541 916 564 965 et
577 914 682 965 voluntas
695 916 748 963 sunt
763 927 810 963 nna
826 928 903 966 mens.
920 922 933 964 ι’)

156 988 166 1052 l
173 990 316 1039 Coumnmo.
330 1014 361 1025 —
374 985 480 1037 blemoria
493 989 521 1036 ut
536 984 608 1036 virtus
625 985 782 1037 conservativa
800 987 934 1051 specierum

123 1059 300 1123 intelligibilium
316 1064 371 1127 est,
386 1060 414 1109 ad
432 1061 521 1122 partem
534 1060 622 1122 spectat
638 1056 816 1121 intellectivam,
831 1061 857 1107 nt
878 1060 935 1111 vcrb

125 1132 153 1182 ad
166 1131 291 1195 nectente,
306 1133 331 1179 nt
348 1130 464 1194 praeterita
475 1169 482 1193 ,
495 1144 563 1179 suum
575 1132 705 1195 respectum
718 1128 800 1193 babet,
815 1130 892 1194 magis
907 1134 935 1183 ad

125 1202 207 1258 animae
225 1201 358 1253 sensitivam
371 1204 457 1266 partem
472 1199 577 1265 attinet.)

156 1272 290 1339 Responieo
310 1271 444 1333 dicendum,
462 1271 523 1337 qubd
543 1270 594 1322 cun
611 1272 639 1329 de
656 1270 744 1340 ratione
765 1273 884 1324 memorias
906 1276 935 1325 sit

124 1359 258 1397 conservare
274 1346 363 1410 species
374 1346 449 1394 rerum
467 1356 517 1407 quae
528 1345 581 1393 actu
594 1356 638 1393 non
655 1342 873 1409 apprehenduntur,
888 1346 935 1397 boe
981 1368 982 1387 ι

123 1417 222 1481 primunr
242 1416 380 1468 considerari
397 1417 504 1481 oportet,
519 1418 594 1464 antrum
616 1415 706 1479 species
721 1414 880 1478 intelligibiles
902 1419 935 1469 sic

122 1489 147 1540 in
159 1489 275 1540 intellectu
283 1486 411 1540 conservari
421 1490 525 1551 possunt.
540 1485 619 1536 Posuit
630 1486 691 1537 enim
702 1486 817 1536 bvicenua
827 1487 872 1538 boc
883 1502 936 1541 esse
981 1510 982 1543 ι

122 1560 271 1625 impossibile.
282 1562 308 1611 ln
319 1562 383 1623 parte
393 1559 455 1608 enirn
465 1556 575 1609 sensitiva
586 1558 675 1608 dicebat
688 1560 733 1609 hoc
743 1557 847 1609 accidere¹
858 1572 935 1631 qurau·
981 1546 982 1613 i

122 1635 172 1682 tum
186 1633 214 1683 ad
230 1633 316 1697 aliquas
330 1630 460 1695 potentias,
471 1630 497 1679 in
512 1634 621 1693 quantum
637 1634 691 1679 sunt
712 1634 776 1680 actus
792 1644 934 1695 organorum

122 1702 272 1768 corporalium
282 1703 307 1751 iu
316 1700 398 1765 qraibus
409 1701 542 1765 conservari
551 1702 641 1767 possint
650 1702 731 1766 aliquan
744 1701 834 1767 specics
844 1705 935 1771 absque
981 1744 982 1767 ,

122 1775 205 1826 actuali
220 1772 416 1838 apprehensione,
435 1772 460 1820 in
476 1772 594 1823 intellectu
612 1776 701 1837 autem,
712 1772 752 1837 qui
766 1777 829 1824 caret
842 1790 934 1839 organo
981 1772 982 1849 l

123 1846 241 1928 corporali,
256 1844 312 1895 nibil
330 1844 407 1895 existit
424 1843 469 1894 nisi
482 1844 663 1909 intelligibiliter3
681 1846 742 1896 unde
755 1850 847 1909 oportet
861 1848 933 1899 intel-

123 1918 179 1983 ligi'
174 1933 198 1967 ιιι
210 1922 261 1968 actu
272 1917 328 1967 illud
336 1917 402 1980 cujus
414 1916 493 1966 similit
494 1916 555 1966 ιιιιοΙ
549 1931 574 1966 m
585 1916 702 1967 intellectu
714 1916 798 1967 existit
811 1915 851 1968 Sic
864 1934 932 1985 ergo,
981 1912 982 1991 l

123 1989 267 2041 secundum
260 2003 348 2053 ipsum,
359 1987 426 2052 quarn
438 1987 482 2039 citit
493 1986 574 2069 aliquis
587 1990 639 2038 actu
652 1988 734 2038 desiuit
747 1988 877 2051 intelligere
890 1993 934 2042 ali-
981 1998 982 2043 ι

123 2075 192 2126 qnam
210 2074 272 2121 rom,
291 2059 375 2110 desinit
389 2073 439 2111 esse
455 2058 517 2109 illius
537 2060 571 2109 rei
585 2059 674 2123 species
690 2060 715 2109 in
731 2060 864 2127 intellectu3
888 2066 982 2119 sed

23 2136 26 2141 ’
123 2136 226 2198 oportet,
241 2132 261 2184 si
276 2131 351 2182 denuo
366 2131 416 2181 vult
435 2131 559 2182 illamrem
574 2131 711 2195 intelligere,
727 2132 788 2197 qnod
808 2140 934 2187 convertat

123 2218 148 2255 se
162 2205 190 2255 ad
205 2204 346 2254 intellectum
359 2206 477 2267 agentem,
492 2217 560 2267 quem
578 2202 644 2267 pouit
665 2204 817 2255 substantiam
834 2218 933 2269 separa·
981 2232 982 2273 3

122 2280 168 2326 ιιιιι
178 2313 187 2339 ,
200 2281 226 2325 ut
247 2277 275 2326 ab
290 2274 329 2324 illo
348 2275 442 2325 eliunnt
461 2275 551 2339 species
569 2274 722 2339 intelligibiles
738 2275 763 2326 in
782 2276 932 2329 intellectum
981 2286 982 2343 ξ

123 2347 264 2413 possibilem.
277 2346 305 2395 lit
319 2358 349 2394 ex
361 2358 389 2395 eo
402 2345 511 2397 exercitio
525 2349 548 2396 et
559 2358 602 2395 usu
616 2347 765 2397 convertendi
776 2360 802 2397 se
817 2349 845 2398 ad
860 2348 935 2401 intel·

122 2422 207 2471 lectum
217 2421 331 2481 agentem,
342 2417 476 2481 relinquitur
484 2418 607 2469 secundum
617 2418 693 2483 ipsun
704 2418 807 2482 medam
818 2420 933 2475 habilitas
981 2454 982 2485 ι

122 2490 147 2540 in
158 2490 277 2540 intellectu
288 2487 392 2552 possibili
407 2489 556 2541 convertendi
574 2502 599 2539 se
610 2490 639 2539 ιιι
650 2489 790 2541 intellectum
803 2496 930 2555 agentem,
981 2508 982 2539 ι

122 2575 190 2627 quem
209 2560 298 2611 dicebat
316 2573 366 2610 esse
387 2560 489 2611 habitum
507 2561 618 2613 scientiae.
631 2560 759 2612 Secundum
782 2560 852 2625 igilur
869 2565 932 2616 banc

122 2632 259 2698 positionem
276 2630 334 2681 nibil
349 2637 494 2683 conservatur
514 2633 538 2683 in
552 2636 616 2697 parte
634 2631 787 2697 intellectiva,
804 2636 865 2699 quod
881 2650 931 2697 pon
981 2664 982 2667 =

122 2710 175 2756 actu
191 2704 337 2767 intelligatur.
352 2705 417 2755 Unde
429 2719 477 2756 non
488 2704 573 2771 poterit
588 2702 644 2767 poni
657 2704 764 2756 memoria
776 2706 801 2756 in
815 2710 881 2771 parte
893 2708 931 2759 in-

122 2776 239 2829 tellectiva
251 2776 375 2825 secundnm
385 2777 447 2827 bunc
462 2780 564 2829 modum.

153 2848 199 2899 Sed
211 2848 262 2897 bec
277 2846 353 2911 opinio
368 2848 490 2900 manifeste
506 2850 617 2913 repugnat
633 2847 701 2900 dictis
714 2850 851 2901 Aristotelis.
867 2852 931 2903 llicit

122 2918 222 2969 enimin
236 2919 275 2968 ιιι.
290 2920 329 2967 De
342 2920 429 2969 noima
444 2920 510 2986 (text
525 2920 559 2983 3),
571 2917 632 2983 qubd
646 2919 699 2971 clrm
712 2920 928 2987 intellectuspossi-

123 2986 211 3039 briis
190 3002 224 3040 mc
234 2987 274 3040 liat
287 2988 389 3055 singula,
402 2993 430 3041 nt
440 2991 515 3043 miens
527 2990 627 3042 dicatur
629 2990 679 3055 quis
692 2990 816 3043 secundnm
832 2997 926 3059 actum3
