1984 3309
53 177 56 182 ’
133 190 181 238 itt
312 200 373 241 utus
388 200 412 250 ι,
427 200 519 245 consu.
535 198 618 251 uxxvr,
635 198 689 237 aar.
706 197 750 236 vn.

134 289 226 339 corpus,
240 275 299 327 sicut
307 290 380 341 neque
388 290 463 327 ceram
473 282 499 327 et
509 276 612 340 liguram.
623 292 637 323 u
647 276 692 325 Sed
703 275 775 338 ligura
788 274 870 325 unitur
878 288 944 326 cerm

134 348 197 399 nullo
210 362 304 413 corpore
318 349 440 401 mediante.
455 351 513 412 Ergo
525 353 549 399 et
561 350 635 399 anima
646 346 743 412 corpori.

169 422 325 485 (concussio.
342 448 372 459 -
384 420 442 471 Cium
458 422 535 472 anima
548 422 640 471 uniatur
656 418 746 483 corpori
758 429 806 469 uon
820 422 848 469 ut
864 422 946 470 motor

136 495 235 553 tantum,
248 494 288 543 sed
302 497 328 543 ut
342 493 429 557 lorma,
441 493 580 557 impossibile
594 496 629 543 est
642 490 704 543 uniri
714 491 804 555 corpori
819 490 928 541 bominis
936 529 944 554 ,
980 515 981 551 ι

134 566 172 616 vel
182 566 345 630 cujuscumque
355 566 458 617 animalis
467 566 579 616 mediante
593 565 669 629 aliquo
683 564 801 629 corpore.)

166 638 301 701 Respoudco
318 639 450 699 dicendum,
464 638 524 701 qudd
541 638 561 688 si
577 637 653 687 anima
665 637 791 687 secuudum
805 636 947 687 Platonicos

135 711 224 773 corpori
239 710 340 761 uniretur
354 710 427 761 solum
437 715 464 759 nt
473 714 556 774 motor,
570 709 709 761 couveniens
719 713 781 759 esset
788 709 867 760 dicere
880 712 944 774 quod

135 781 195 832 inter
210 782 311 831 animam
326 782 426 833 bominis
439 784 477 833 vol
490 784 652 846 cujuscumque
666 780 783 842 animalis,
799 784 824 830 et
840 794 944 845 corpus,

135 854 211 916 abqua
223 854 268 905 alia
281 868 376 919 corpora
390 854 464 905 media
473 854 649 905 intervenirent.
658 852 770 904 Convenit
779 852 845 903 euim
857 853 946 904 motori

135 925 219 989 aliquid
237 927 325 978 distans
342 940 385 991 per
396 927 473 977 media
484 926 558 989 magis
572 926 698 991 propinqua
716 938 819 976 movere.
837 924 866 975 Si
887 926 946 976 verb

136 998 212 1047 anima
227 998 305 1048 unitur
318 998 408 1062 corpori
415 1002 445 1048 nt
457 1000 548 1059 bruna,
565 999 624 1049 sicut
636 998 685 1062 jam
701 998 785 1049 dictum
800 1000 837 1048 est
854 998 918 1063 (art.
933 1002 946 1047 l

136 1073 160 1118 et
170 1069 210 1132 6),
220 1069 361 1133 impossibile
369 1071 474 1134 estquod
482 1070 573 1120 uniatur
589 1069 610 1119 ei
621 1070 696 1135 aliquo
705 1082 800 1133 corpore
811 1070 944 1121 mediante.
981 1106 982 1115 ,

136 1140 207 1203 Cujus
218 1141 277 1191 ratio
285 1146 333 1205 est,
344 1142 398 1205 quia
406 1142 439 1192 sic
448 1142 531 1192 dicitur
541 1142 626 1206 aliquid
639 1156 717 1191 unum
727 1143 842 1207 quomodo
855 1146 881 1193 et
890 1158 945 1206 eran·

135 1210 208 1261 forma
227 1216 302 1263 autem
324 1226 365 1277 per
381 1213 479 1277 seipsam
496 1213 551 1263 lacit
571 1219 682 1264 remeses
698 1213 722 1263 in
741 1216 811 1276 actu,
826 1213 883 1265 cim
904 1230 948 1281 per

136 1284 259 1334 cosentiam
271 1298 336 1335 suam
348 1285 378 1336 sit
392 1289 470 1349 actus,
485 1299 528 1335 uec
541 1286 579 1336 dat
596 1300 646 1336 esse
659 1298 702 1350 per
715 1286 806 1349 aliquod
821 1288 945 1351 medium;

137 1356 198 1406 uude
211 1356 288 1407 unitas
298 1356 331 1407 rei
341 1357 472 1420 compositae
483 1372 513 1408 eu
524 1358 619 1409 materia
630 1361 654 1409 et
663 1359 744 1420 torma,
760 1361 796 1407 est
808 1371 853 1421 per
867 1360 946 1423 ipsam

137 1427 302 1492 formamque
315 1429 440 1479 secuudum
450 1429 550 1494 seipsam
557 1430 635 1481 unitur
644 1429 758 1493 materia,
766 1434 791 1479 ut
800 1433 870 1481 actus
881 1432 944 1496 ejus.

137 1498 185 1548 Neu
196 1503 232 1549 est
242 1499 327 1563 aliquid
339 1499 401 1549 aliud
413 1499 509 1564 uniens,
522 1500 567 1553 nisi
580 1513 662 1565 agens,
678 1501 738 1565 quod
750 1500 804 1551 lacit
819 1504 946 1553 materiam

137 1582 188 1621 esse
199 1570 225 1620 in
238 1575 290 1621 actu
299 1587 306 1633 3
316 1574 343 1621 ut
355 1570 437 1622 dicitur
450 1571 476 1621 iu
489 1572 547 1622 Vlll.
560 1572 699 1638 Metupbpe.
719 1574 788 1635 (text.
803 1572 860 1639 15).
878 1576 946 1626 Unde

138 1647 201 1708 patet
213 1656 264 1693 esse
273 1642 342 1694 ialsas
352 1643 472 1708 opiniones
481 1656 560 1707 eorum
571 1644 611 1709 qui
622 1648 747 1709 posuerunt
758 1644 835 1709 aliqua
847 1662 947 1714 corpora

138 1729 189 1766 esse
202 1714 278 1766 media
293 1714 353 1765 iuter
367 1714 467 1765 animam
477 1720 501 1766 et
512 1730 593 1781 corpus
609 1717 717 1769 bominis.
730 1718 832 1777 Quorum
848 1721 946 1783 qnidam
982 1744 983 1785 3

138 1787 250 1837 Platonici
264 1786 384 1851 dixerunt,
400 1789 461 1852 quod
476 1789 554 1839 anima
569 1789 709 1841 intellectiva
724 1790 793 1840 babet
808 1804 897 1856 corpus
912 1793 948 1841 in-

139 1859 284 1924 corruptibile
295 1858 339 1909 sibi
351 1861 485 1913 naturaliter
495 1862 594 1922 unitum,
604 1864 618 1911 a
627 1874 672 1926 quo
686 1874 803 1925 uunquam
813 1870 946 1927 separatur,

139 1936 163 1983 et
171 1946 199 1983 eo
206 1933 321 1983 mediante
331 1932 409 1985 unitur
416 1934 612 1998 mrporiboruiuis
621 1933 771 1997 corruptibili.
779 1933 880 1993 Quidum
890 1935 948 1986 verb

140 2005 259 2069 dixerunt,
275 2006 335 2070 quod
348 2008 428 2057 unitur
437 2007 527 2071 corpori
541 2007 654 2057 mediante
668 2005 748 2070 spiritu
765 2018 887 2069 corporeo.
902 2006 947 2058 Alii

140 2076 195 2128 verb
207 2078 321 2142 dixerunt,
329 2079 389 2141 quod
398 2079 477 2129 unitur
485 2078 574 2143 corpori
586 2078 699 2129 mediante
708 2077 773 2141 lune,
783 2090 852 2141 quam
864 2080 948 2131 dicunt

140 2163 192 2200 esse
204 2163 300 2214 corpus,
314 2154 336 2202 et
352 2154 380 2203 de
395 2155 476 2202 natura
488 2150 576 2214 ,quinta
592 2149 696 2201 essentiae
715 2164 721 2197 ε
739 2148 772 2199 ita
788 2151 851 2213 quod
865 2152 946 2201 anima

141 2223 275 2285 vegetabilis
291 2225 370 2276 unitur
384 2224 474 2289 corpori
487 2222 601 2274 mediante
610 2223 660 2272 lucc
675 2221 850 2287 coelilspdcrei‚
866 2225 946 2275 anima

140 2294 194 2346 verb
208 2296 323 2347 sensibilis
336 2298 450 2347 mediante
466 2297 517 2346 luce
527 2295 580 2346 ooeli
590 2294 731 2359 crystallini,
746 2293 822 2344 anima
837 2296 897 2349 verb
912 2297 948 2345 in-

140 2368 277 2419 tellectualis
290 2368 404 2419 mediante
414 2370 466 2418 luce
478 2367 531 2418 cmii
540 2366 655 2432 empyrei3
666 2366 729 2431 quod
742 2366 849 2416 fictitium
863 2370 889 2418 et
907 2370 947 2418 dc-

140 2439 225 2491 risibile
237 2445 346 2505 apparet,
357 2444 406 2490 tum
420 2439 473 2502 quia
486 2441 580 2489 luxnou
592 2443 627 2489 ost
638 2452 727 2503 corpus,
737 2442 786 2488 tum
794 2437 850 2501 quia
863 2441 947 2503 quinta

142 2514 293 2569 essentiauou
302 2511 521 2562 veuitmaterialiter
530 2510 746 2574 incompositionem
755 2510 860 2574 corporis
867 2512 946 2572 minti,

141 2583 194 2633 cbm
207 2584 237 2633 sit
247 2583 408 2645 inalterabilis,
419 2584 458 2633 sed
472 2582 599 2633 virtualiter
609 2586 715 2647 tautum3
730 2586 778 2633 tum
794 2582 864 2635 eliam
871 2621 879 2647 ‚
893 2584 946 2649 quia

142 2656 218 2705 anima
232 2653 363 2705 immediati
372 2654 461 2719 corpori
474 2654 552 2705 unitur
564 2660 589 2705 ut
603 2655 674 2706 lorma
688 2655 798 2706 materia.

174 2728 208 2776 ld
229 2727 329 2790 primum
343 2737 398 2788 ergo
413 2725 551 2787 licendum,
563 2726 624 2791 quod
642 2726 781 2790 ingruatinus
796 2726 901 2789 loquitur
918 2727 946 2775 de

143 2799 219 2849 anima
232 2798 257 2848 iu
266 2799 377 2861 quantum
386 2801 463 2848 movet
473 2810 572 2863 corpus:
585 2799 645 2849 uude
654 2798 726 2849 utitur
734 2799 804 2849 verbo
815 2798 945 2849 udmr'nr's-

145 2872 274 2920 trationis.
291 2867 320 2919 nu
331 2881 409 2921 verum
423 2871 473 2933 est,
487 2872 548 2933 quuod
560 2872 772 2935 partes'grossiores
787 2872 892 2935 corporis
906 2884 946 2935 peu

144 2945 273 2995 subtiliores
283 2947 375 3005 movet3
389 2947 413 2995 et
423 2960 438 2992 a
448 2943 547 3008 primum
561 2945 735 2999 instrumentum
748 2944 839 2995 vntutis
851 2948 945 2996 motiva
