1984 3309
134 163 180 210 tte
329 172 389 209 raas
405 172 428 219 1,
445 169 539 216 onear.
555 169 610 218 cvr,
624 169 679 207 cnr.
697 171 733 208 111.

164 249 210 300 Sed
227 253 305 300 contra
319 252 368 311 est,
390 248 449 311 quod
472 246 595 310 Dionysius
618 246 676 312 dicit
689 244 737 310 (l),
753 263 767 295 a
781 248 838 297 banc
861 247 938 311 legem

134 335 184 372 osse
195 321 321 371 divinitalis
331 318 490 380 immobiliter,
505 317 617 368 firmatam
633 323 659 369 nt
675 318 783 370 inferiora
798 321 939 372 reducantur

135 392 159 443 iu
173 395 243 442 ileum
257 407 298 456 per
311 391 462 456 superiora.»
845 428 847 438 .

165 465 328 530 (Conmusro.
337 464 429 514 -Clrm
440 463 495 514 ordo
505 461 648 516 contineatur
658 462 700 512 sub
709 461 789 512 ordine
797 463 859 513 sicut
872 477 940 513 cansa

136 535 265 587 continetur
281 537 322 586 sub
337 549 418 597 causa,
435 546 482 583 non
494 537 572 597 potest
585 533 679 596 angelus
688 533 782 584 interior
796 535 942 599 superiorem

135 607 275 670 illuminare,
293 606 396 669 potentia
414 605 502 655 scilieet
514 605 610 654 naturali
628 608 652 655 et
666 605 803 668 ordinaria.)
829 644 832 652 .
879 645 884 654 .
903 611 907 614 '

168 678 303 742 Respondeo
317 677 450 739 dicendum,
463 675 524 739 qnbd
534 674 653 727 inferiores
668 675 744 739 angeli
757 690 881 740 nunquam
891 679 944 728 illn-

137 750 225 800 minant
246 749 385 812 superiores,
404 749 444 802 sed
464 761 555 811 semper
577 747 604 796 ab
626 747 660 797 eis
678 747 845 803 illuminantur.
869 750 945 813 Cujus

135 821 194 872 ratio
209 829 260 882 est,
275 820 328 884 quia
341 821 400 870 sicut
414 819 482 882 snpra
495 819 581 869 dietum
594 821 629 868 est
645 818 693 882 (qu.
707 821 762 882 tots,
778 823 824 868 art.
835 820 875 883 6),
892 821 944 870 ordo

137 894 266 944 continetur
279 894 321 943 snb
334 894 426 955 ordine,
439 892 498 941 sicut
512 904 579 942 earrsa
591 890 718 942 continetur
730 891 772 940 snb
786 904 867 942 rausa.
881 892 945 942 Unde

138 966 198 1016 siem
212 964 328 1015 ordinatur
349 977 418 1014 causa
438 965 464 1013 ad
484 962 639 1022 consumite
662 962 715 1022 ordo
735 963 764 1012 ad
783 963 903 1014 ordinem.
922 965 947 1012 Et

137 1038 189 1090 ideo
205 1040 300 1087 nonest
317 1036 495 1098 inconveniens,
513 1035 534 1084 si
553 1035 672 1097 aliquando
690 1033 777 1097 aliquid
798 1035 839 1084 liat
862 1041 946 1100 praeter

138 1109 243 1159 ordinem
257 1108 370 1158 interioris
387 1121 461 1157 causae
470 1145 476 1167 ,
486 1107 513 1156 ad
531 1105 679 1156 ordinandum
694 1104 718 1154 in
729 1107 877 1168 superiorem
894 1122 947 1158 cau·

139 1189 206 1230 sam:
222 1180 283 1230 sieut
298 1179 324 1228 in
337 1180 404 1230 rebus
416 1179 523 1228 humanis
539 1177 716 1246 pretermittitur
731 1179 869 1229 mandatnm
891 1195 946 1245 prue-

140 1251 208 1315 sidis,
221 1255 245 1300 ut
255 1252 373 1302 obediatur
383 1250 489 1316 principi.
503 1251 531 1300 Et
544 1249 575 1299 ita
588 1249 699 1312 contingit
709 1253 735 1298 ut
747 1253 944 1314 preterordinen

139 1328 226 1374 naturae
244 1322 366 1387 corporalis
382 1321 465 1386 aliquid
477 1323 538 1371 Deus
555 1319 690 1373 miraculose
710 1324 834 1386 operetur,
846 1325 876 1374 ad
890 1324 947 1374 ordi·

141 1397 239 1446 nandum
247 1395 352 1445 homines
362 1395 386 1443 iu
396 1395 446 1458 ejus
457 1392 616 1456 cognitionem.
627 1393 669 1441 Sed
684 1394 850 1456 pretermissio
861 1395 946 1446 ordios

141 1467 180 1532 qni
195 1468 288 1517 debetur
295 1465 449 1530 spiritualibus
462 1463 605 1526 substantiis,
623 1463 647 1512 iu
657 1464 719 1513 nullo
731 1465 834 1528 pertinet
844 1469 874 1518 ad
889 1468 946 1518 ordi·

141 1539 258 1588 nationem
271 1537 389 1587 bominum
404 1536 520 1600 iubeam,
532 1534 583 1584 edm
597 1533 740 1599 operationes
754 1536 895 1598 augelorum
905 1553 946 1588 uon

143 1609 190 1660 sint
200 1610 267 1660 nobis
282 1606 420 1670 manifeste,
431 1607 491 1657 sicut
500 1607 644 1672 operationes
657 1605 798 1656 sensibilium
811 1621 944 1672 corporum.

143 1682 170 1730 lit
182 1681 234 1733 ideo
245 1681 311 1742 ordo,
323 1679 363 1741 qui
376 1679 485 1729 convenit
497 1678 651 1742 spiritualibus
665 1677 813 1742 substantiis,
829 1695 946 1745 nunqnam

143 1750 215 1800 alteo
238 1751 418 1813 pretermittitur
440 1750 496 1815 quin
515 1763 604 1814 semper
622 1749 729 1800 interiora
746 1756 888 1802 moveantur
911 1768 948 1817 per

143 1820 276 1885 superiora,
288 1825 312 1870 ct
323 1835 369 1871 non
379 1821 392 1870 b
403 1834 522 1871 conuerso.

174 1894 208 1942 ld
225 1892 321 1956 primum
340 1906 394 1955 ergo
409 1893 549 1956 dicendum,
562 1891 622 1954 qudd
642 1892 795 1944 ecclesiastica
818 1895 949 1946 hierarchia

144 1963 245 2014 imitatur
265 1961 380 2014 celestem
402 1963 543 2028 aliqualiter3
559 1965 598 2014 sed
614 1977 660 2014 nort
676 1962 776 2032 perlecti
797 1967 949 2031 consequitur

144 2036 195 2100 ejus
205 2035 384 2107 similitudinem.
395 2036 422 2086 ln
431 2036 520 2085 celesti
529 2035 589 2086 enirn
597 2035 723 2086 hierarchia
732 2036 852 2088 toleratio
865 2039 950 2089 ordinis

145 2112 180 2158 est
191 2121 220 2158 ex
232 2108 399 2171 propinquitate
412 2109 441 2157 ad
453 2109 537 2172 lteum3
552 2110 575 2156 et
591 2107 642 2158 ideo
655 2107 688 2155 illi
704 2107 743 2170 qui
758 2111 813 2160 sunt
829 2109 882 2162 lieo
897 2123 948 2174 pro-

145 2179 289 2243 pinquiores,
305 2182 394 2229 suntet
416 2179 485 2242 gradu
501 2177 656 2242 sublimiores,
672 2182 695 2227 et
715 2177 810 2228 scientia
822 2177 945 2233 clariores.

179 2295 211 2356 (1)
227 2299 344 2355 colligitur
362 2310 390 2342 ex
408 2298 448 2342 lib.
467 2298 501 2342 De
519 2299 610 2350 Erotes.
630 2297 766 2346 terreret„
787 2311 843 2358 cap.
865 2301 897 2358 5,
911 2301 948 2344 ubi

146 2360 216 2415 prmo
232 2361 283 2404 nliis
297 2361 389 2405 verbis:
403 2361 453 2404 Lex
467 2365 500 2405 est
513 2361 673 2421 principetur
690 2359 774 2404 dictet
793 2367 947 2409 socrosancta

149 2421 158 2485 (
166 2421 245 2487 θεσμὸς
259 2425 300 2478 τῆς
315 2421 421 2491 θέαρχίας
435 2421 570 2490 ruviene),
586 2427 616 2467 ut
627 2421 658 2466 ad
674 2422 745 2466 iltius
762 2422 946 2472 divinissimam

147 2491 226 2536 lucem
244 2493 350 2538 secundo
370 2493 523 2538 reducantur
540 2505 585 2550 por
607 2494 707 2549 priam,
723 2496 765 2538 cte.
787 2495 857 2540 Hane
882 2495 947 2553 porro

147 2553 223 2610 teqem
233 2552 373 2599 divinitatis
384 2555 542 2600 immobiliter
551 2556 673 2613 firmatam
684 2554 743 2599 bene
754 2561 820 2602 vetus
831 2559 946 2616 Interprcs

147 2614 230 2668 reddit,
241 2616 341 2671 indeque
353 2620 376 2661 S.
386 2619 495 2675 Thomas,
508 2618 561 2674 quia
572 2617 736 2672 equivalenter
744 2619 828 2684 θεσμὸς
841 2620 946 2686 πανὶερος

148 2685 193 2729 hoc
203 2685 328 2742 significat,
343 2687 394 2730 cdm
408 2688 421 2730 d
433 2687 497 2733 srrrno
510 2688 626 2746 positione
634 2689 717 2755 θεσμὸς
725 2700 754 2732 ex
764 2690 863 2736 notione
872 2701 946 2749 grece

148 2756 212 2799 vocis
225 2757 329 2812 dicutur,
344 2763 367 2800 et
380 2757 487 2826 πανίερος
501 2760 537 2805 vel
551 2762 704 2804 sacrosancto
716 2757 752 2802 vei
766 2763 870 2804 omnino
880 2771 945 2807 encre

149 2825 297 2883 intelligatur,
304 2826 364 2880 quia
375 2827 525 2889 inviolabilis,
535 2831 639 2885 adeoque
651 2829 800 2875 immobiliter
809 2834 942 2886 constitut-q

149 2887 277 2944 similiaque
287 2888 354 2944 supra
366 2901 453 2947 excep.
463 2893 520 2938 vm
537 2893 627 2939 cetere.
639 2893 762 2938 reseraret.
771 2893 875 2941 iudicata
887 2897 942 2942 sunt.
