1984 3309
214 127 246 164 nn
260 124 399 166 nurarmnu
413 124 593 168 enmrurununr
608 127 624 166 n
641 128 697 168 nuo.
814 121 859 170 tte

69 200 105 252 tire
116 205 151 253 ert
163 205 238 253 motus
252 202 359 266 quidam,
376 221 389 250 »
410 203 534 254 seeundrim
554 203 718 269 Philosophum
731 205 756 256 in
770 207 810 256 llt.
825 211 860 258 De

66 275 146 324 enimn
165 275 238 339 (tent.
259 275 318 338 28).
333 275 453 326 Sufficiens
472 280 547 326 autem
567 275 704 342 prineipinm
719 278 859 341 intelligendi

66 349 99 394 est
114 346 190 397 lumen
202 346 345 432 intelligibile
360 346 459 397 inditum
473 346 609 399 intellectui.
626 346 684 412 Ergo
697 355 860 404 enumeretur

64 417 91 466 ab
106 419 159 468 atie.
308 462 310 465 .

94 494 114 538 3.
132 492 260 554 mirrea,
274 491 333 545 eleut
354 505 437 542 sensus
454 495 559 542 moretur
577 492 591 542 b
607 493 721 553 sensibili,
742 493 775 544 ita
791 495 859 546 intet-

65 562 129 613 teetus
143 564 173 613 ab
190 563 334 628 intelligibili.
348 564 393 614 Sed
407 565 467 618 bens
481 578 528 614 neu
541 567 575 615 est
589 557 738 629 intelligibilis
751 564 765 616 i
778 567 858 630 uobis,

17 655 22 672 ·
65 636 101 684 sel
112 641 214 686 uestrum
228 636 368 686 intellectum
375 635 472 686 eneedit.
482 637 542 699 Ergo
554 637 613 688 bens
623 651 669 688 neu
679 639 755 701 petest
767 652 859 694 merere

63 711 161 758 nustmm
169 708 319 761 intellectum.

35 818 38 826 ,
91 780 133 830 Sed
145 784 224 832 centra
237 797 243 830 :
256 781 340 831 doeens
351 783 429 830 moret
441 779 581 830 intellectum
593 779 738 832 autiernus.
747 783 791 833 Sed
800 783 861 836 lleus

64 868 78 898 u
89 851 152 904 doeet
164 854 281 905 bominem
296 854 417 906 seientiam
424 892 433 918 ‚
448 869 462 900 »
479 853 538 904 sieut
556 851 638 904 dieitur
655 853 679 904 in
695 855 789 906 Pretm.
802 857 860 920 Ergo

65 923 117 974 ilem
128 929 206 977 moret
218 924 361 976 intellectum
372 926 482 976 huminis.

93 998 248 1056 (Conmumo.
256 1025 288 1036 -
296 997 354 1048 Cim
360 999 420 1048 Deus
433 997 463 1047 sit
472 997 572 1062 primum
585 995 717 1061 intelligens
727 1001 751 1049 et
761 1000 860 1064 primum

63 1079 107 1131 em,
117 1069 143 1118 in
152 1084 199 1134 que
212 1069 289 1121 omnia
300 1069 363 1119 enliu
373 1068 524 1134 praeexistunt
537 1066 721 1132 intelligibiliter,
731 1075 809 1122 meret
824 1071 860 1120 iu-

63 1137 170 1191 teltertum
189 1145 303 1203 creatum,
316 1144 339 1191 et
349 1141 423 1190 (lando
435 1141 458 1190 ei
471 1140 579 1191 uirtutem
594 1139 621 1188 ab
637 1138 823 1204 intelligendum,
838 1146 861 1193 et

62 1209 211 1274 imprimendo
220 1211 309 1277 speeies
321 1211 479 1276 intelligibiles
494 1211 578 1276 quibus
591 1215 644 1262 aelu
659 1211 797 1278 intelligat.)

89 1283 224 1348 Respondeo
244 1284 377 1348 dicendum,
393 1281 453 1347 qubd
470 1283 530 1333 sieut
549 1283 574 1332 in
595 1281 698 1346 mutibus¹
707 1285 860 1348 corporalibus

63 1368 151 1406 movens
164 1354 256 1419 dieitur,
269 1354 331 1421 qubel
340 1357 379 1406 dat
391 1355 496 1417 leimam,
509 1365 561 1417 quae
574 1356 609 1404 est
624 1349 760 1418 principium
772 1359 858 1421 metus3

63 1425 91 1476 ita
106 1427 188 1479 dicitur
205 1441 297 1478 morere
310 1429 467 1490 intellectum,
479 1425 541 1490 unbd
557 1429 635 1477 earrsat
645 1427 750 1490 termam,
764 1441 814 1491 quae
826 1432 861 1478 est

63 1500 196 1564 principium
211 1500 372 1551 intellectualis
385 1498 538 1564 operatiouiS,
553 1509 603 1562 quen
617 1497 698 1548 dieitur
712 1502 785 1549 motus
794 1497 861 1550 iutel-
975 1521 976 1554 l

63 1570 137 1622 lectus.
151 1571 297 1637 operationis
310 1575 385 1622 autem
400 1571 530 1623 intellectis
543 1571 580 1619 est
593 1569 675 1632 duplex
688 1568 823 1634 principium
836 1569 860 1620 in
929 1619 942 1641 ,
975 1573 976 1640 j

63 1640 201 1706 intelligente
217 1658 223 1692 ι
238 1656 309 1692 uuum
324 1641 409 1692 scilieet
422 1642 482 1705 qued
500 1643 535 1690 est
547 1637 597 1703 ipsa
608 1639 679 1690 virtus
692 1639 860 1704 intellectualis,

63 1716 116 1777 quod
129 1715 225 1779 quibem
237 1714 375 1778 principium
388 1717 423 1763 est
432 1713 501 1764 etiam
517 1711 542 1761 iu
555 1711 696 1772 intelligente
707 1712 731 1761 in
742 1712 859 1777 putentia3

63 1785 119 1836 atiud
132 1789 212 1837 autem
228 1789 263 1837 est
276 1785 413 1850 principium
426 1783 568 1846 intelligendi
582 1783 606 1832 iu
619 1787 682 1847 actu,
700 1782 787 1834 seilicet
799 1783 861 1834 simi-

63 1856 128 1908 liturlu
138 1857 174 1908 rei
184 1857 307 1908 intellectae
315 1857 340 1907 in
350 1858 502 1920 intelligente.
512 1855 598 1905 {licitur
608 1867 662 1919 erge
672 1855 758 1920 aliquid
769 1869 861 1907 movere

64 1925 214 1993 intellectum,
230 1929 279 1980 aire
296 1931 335 1980 det
350 1927 488 1992 intelligenti
506 1927 613 1978 virtutem
627 1928 655 1978 ed
672 1927 860 1996 intelligendum,

63 2000 108 2052 sire
119 2002 239 2067 imprimat
255 2001 278 2051 ei
291 2001 463 2052 similitudinem
477 1999 510 2050 rei
526 1999 654 2049 intelteete.
671 1999 769 2061 Utroque
786 1999 860 2048 aulem

63 2074 200 2125 multotiens
216 2076 293 2123 meret
306 2073 446 2122 intellectum
459 2073 570 2120 ereetum.
585 2071 637 2133 lpse
650 2068 712 2119 enim
730 2071 767 2118 est
785 2068 861 2131 ipsum

62 2145 158 2207 primum
174 2159 216 2196 eus
233 2145 396 2208 immateriale3
410 2148 434 2194 et
453 2142 506 2206 qnia
518 2139 702 2192 intellectualitas
716 2137 863 2203 consequitur

62 2216 290 2279 immaterialitatem,
309 2215 483 2280 sequitur'qubd
496 2214 547 2278 ipae
562 2213 592 2264 sit
604 2213 703 2276 primum
722 2211 860 2274 intelligens.

63 2287 125 2338 bule
144 2288 199 2338 rim
217 2287 316 2351 primum
332 2288 356 2336 in
374 2286 476 2350 quelibet
490 2284 569 2337 ordine
585 2283 615 2334 sit
636 2296 705 2333 eausa
719 2295 797 2333 eorum
811 2297 862 2347 que

63 2363 241 2424 consequuntur,
253 2359 356 2423 sequitur
372 2357 433 2421 quei
447 2359 476 2408 ab
495 2359 546 2421 ipso
560 2356 590 2408 sit
602 2354 675 2407 omnis
691 2354 765 2404 uirtus
779 2353 863 2405 intelli·

64 2433 137 2493 gendi.
157 2432 269 2482 Similiter
284 2430 336 2480 erim
352 2431 401 2495 ipse
422 2430 451 2479 sit
471 2430 647 2494 numeneus,
666 2431 689 2478 et
701 2426 778 2478 emnia
799 2427 861 2478 entia

62 2505 208 2566 uraeenistant
221 2503 305 2568 inipso
319 2502 413 2553 sieut'in
424 2503 497 2567 prima
511 2514 590 2564 carisa,
603 2504 693 2564 oportet
704 2499 764 2564 qubrl
778 2498 824 2550 sint
837 2498 862 2548 iu

63 2589 88 2626 eo
104 2575 280 2639 intelligibiliter
297 2573 422 2626 bernnibm
440 2576 533 2625 modurn
552 2574 612 2637 ejus.
627 2571 692 2622 Sicut
709 2571 863 2622 enimomnes

63 2647 161 2700 rationes
175 2661 251 2698 rerum
269 2645 423 2710 intelligibiles
438 2645 513 2711 pmmb
530 2643 630 2694 existunt
646 2643 669 2694 in
683 2645 742 2706 ileu,
753 2646 776 2694 et
789 2643 817 2692 ab
834 2654 862 2691 eo

64 2719 196 2770 derivantur
207 2719 232 2768 iu
245 2717 302 2769 alios
318 2718 461 2782 intellectus,
477 2719 504 2767 ut
520 2722 572 2766 actu
587 2715 730 2780 iutelligaut3
743 2715 776 2765 sie
793 2714 864 2764 etiam

64 2790 194 2841 derivantur
210 2791 234 2840 in
248 2780 378 2851 creaturas,
391 2794 418 2840 ut
431 2788 565 2840 subsistant.
580 2787 618 2838 Sie
632 2787 701 2850 igitur
714 2787 773 2836 lleus
787 2785 865 2832 moret

64 2860 204 2914 intellectum
222 2863 337 2924 creatum,
352 2861 498 2927 inquantum
516 2860 554 2912 dat
573 2858 594 2911 ei
613 2858 720 2914 virtutem
738 2856 766 2906 al
780 2850 865 2904 iutelli-
