1984 3309
143 194 188 241 ³86
341 199 401 236 raus
416 201 439 248 r,
455 198 547 244 cuns-r.
565 196 630 246 xcrr,
648 195 704 232 aar.
721 195 738 230 r.

142 275 321 330 consideratione
334 280 410 325 antem
427 276 494 340 plena
507 277 531 324 et
543 273 617 323 lrroida
629 268 809 332 intelligibilium
820 267 939 318 effectuum

141 349 264 414 impeditur
276 349 345 398 bomo
357 348 382 398 in
395 352 456 399 statu
466 345 588 412 prasenti,
602 358 643 408 per
653 346 697 394 boo
711 343 774 406 qrrod
784 337 940 392 distrabitnrd

142 422 295 482 sensibilibus,
306 425 330 472 et
337 420 396 471 circa
404 435 431 472 ea
442 423 573 484 occupatur.
583 418 628 467 Sed
638 416 697 466 sicut
707 414 791 466 dicitur
799 411 939 472 ucet.,v11:

144 513 158 543 u
167 496 226 544 lteus
242 494 296 545 lecit
306 494 421 544 bominem
435 496 521 542 rectum
533 493 576 554 (l).
589 505 603 536 u
615 490 667 539 llaec
680 491 756 538 autern
769 487 814 536 tuit
830 483 937 535 rectitudo

142 557 939 625 luministro-initusinstituiturinteriorasuperionbnssubdereutuu

142 640 166 688 et
186 638 301 702 superiora
321 637 350 686 ab
369 635 513 686 interioribus
530 646 575 683 nnn
597 630 769 695 impedirentur.
793 629 860 679 llnde
880 629 942 676 bomo

143 710 230 773 primus
247 723 292 759 non
311 707 474 771 impediebatur
487 719 529 769 per
546 719 581 754 res
595 701 719 753 exteriores
735 699 748 750 b
764 701 863 750 claruet
882 699 943 748 tirum

144 781 331 845 contemplatione
344 777 521 842 intelligibilium
532 777 654 826 effectuum
660 811 668 837 ‚
683 787 741 838 quos
755 786 785 822 ex
798 770 941 822 irradiatione

144 853 224 916 primae
236 852 338 903 venulis
348 850 503 914 percipiebat,
514 847 561 897 sire
574 845 670 898 naturali
681 844 821 909 cognitione,
835 843 885 894 sive
897 854 942 905 gra·

144 924 210 973 tuita.
221 924 285 973 Unde
291 921 494 985 dicitdugnstinus
502 918 728 982 inlll.SoperGen.
738 915 775 966 od
780 915 836 973 lit„
848 912 943 973 lllllllll‚

145 993 207 1058 qnbd
223 993 357 1044 «fortassis
378 995 442 1042 Deus
459 991 540 1056 primis
562 989 692 1054 bominibus
710 991 776 1038 antea
798 987 946 1052 loqarebutur,

147 1065 206 1116 sicut
223 1079 274 1114 cum
288 1063 375 1126 angelis
390 1062 504 1127 loquitur3
518 1060 568 1125 ipsd
583 1058 761 1111 incommutabili
773 1058 873 1128 ueritate
890 1057 948 1106 illus·

148 1140 210 1186 trans
228 1139 315 1186 mentes
336 1149 431 1195 eorum,
453 1135 496 1184 etsi
520 1147 565 1184 non
586 1137 650 1192 tanta
667 1131 846 1194 participatione
870 1129 947 1181 divine

48 1229 53 1238 ·
148 1206 256 1259 essentie
270 1210 376 1270 quantam
393 1206 487 1270 capiunt
505 1205 588 1268 angeli.
603 1222 616 1252 u
630 1205 669 1254 Sic
680 1203 748 1267 igitur
761 1217 803 1268 per
819 1198 948 1269 hujusmodi

149 1278 303 1342 intelligibiles
312 1278 405 1328 edoctus
416 1276 543 1341 betheum
552 1276 633 1326 clarius
645 1275 796 1338 cognoscebat
807 1275 879 1338 qnam
888 1269 948 1324 modb

151 1363 323 1414 cognoscamus.

181 1423 216 1472 rtd
228 1421 326 1486 primum
339 1434 393 1484 erge
406 1419 540 1480 dicendum,
560 1417 620 1484 qubd
633 1419 702 1470 bomo
715 1421 740 1469 iu
753 1420 863 1483 paradiso
876 1417 949 1468 beatus

150 1493 194 1543 luit
210 1507 256 1544 non
272 1492 311 1542 illa
323 1492 424 1557 perlecta
437 1491 579 1542 beatitudine
593 1491 616 1541 in
626 1505 694 1554 quam
704 1489 881 1542 transferendus
894 1490 948 1546 crat,

153 1578 203 1629 que
214 1563 240 1613 in
248 1562 330 1614 dirinae
338 1562 443 1614 essentia
450 1562 539 1614 risione
548 1563 660 1614 consistit.
669 1563 769 1615 Habebat
777 1565 859 1614 tamen
866 1563 949 1612 beatam

152 1636 223 1684 mtam
241 1632 366 1684 secundum
383 1634 502 1698 quemdam
517 1635 623 1697 modum,
639 1639 664 1684 ut
681 1633 820 1697 dlugnst'tuus
843 1634 900 1686 dicit
916 1629 948 1680 lll-

153 1705 236 1769 Super
249 1705 309 1754 Gen.
324 1705 360 1754 cd
376 1705 419 1756 lit.
434 1706 495 1771 (cap.
511 1708 554 1768 td)
563 1743 571 1770 ,
586 1706 734 1770 inquantum
748 1707 849 1758 babebat
864 1700 951 1765 integri-

148 1780 221 1826 tatem
236 1781 260 1825 et
273 1776 437 1844 perlectionem
450 1779 569 1842 quamdam
584 1778 718 1828 naturalem.

185 1849 219 1898 tld
233 1849 359 1899 secundum
371 1849 510 1913 dicendum,
524 1849 584 1914 qubd
600 1851 660 1902 bona
676 1850 780 1902 uoluntas
801 1853 838 1900 est
855 1850 952 1902 ordinata

154 1919 276 1985 voluntas3
289 1934 336 1971 non
347 1925 424 1971 autem
434 1922 516 1972 fuisset
525 1922 594 1986 primi
607 1921 706 1972 borninis
719 1923 823 1972 ordtnala
835 1923 952 1978 uolumus,

156 1991 176 2042 si
194 1991 219 2042 in
236 1993 297 2042 statu
310 1991 384 2044 meriti
398 1994 481 2044 habere
495 1993 604 2044 voluisset
617 1995 678 2059 quod
691 1994 714 2044 ei
729 1992 907 2058 promittebatur
920 2002 952 2055 pro

156 2078 260 2129 praemltt.
968 2095 969 2124 1

187 2137 221 2186 rtd
233 2137 325 2188 tertium
339 2137 474 2202 dicendum,
491 2137 551 2204 qudd
561 2138 644 2203 duplex
658 2143 694 2189 est
708 2137 817 2190 medium.
830 2140 952 2198 Quoddan,
968 2141 969 2200 t

158 2207 182 2257 in
192 2221 236 2271 quo
248 2209 316 2259 simul
327 2209 416 2260 videtur
424 2210 484 2272 quod
493 2224 534 2276 per
543 2211 643 2260 inedium
652 2209 725 2262 uideri
736 2209 826 2274 dicitur,
837 2213 899 2263 siout
909 2208 952 2260 edm
968 2209 969 2268 t

159 2281 227 2330 bomo
239 2280 514 2346 rideturperspeculum,
525 2285 547 2332 et
558 2281 625 2332 nmul
636 2280 723 2332 uidetur
735 2280 785 2332 cun
794 2283 847 2348 ipsu
857 2281 952 2348 speculo.
968 2271 969 2296 ³

157 2350 225 2400 ltliud
236 2351 335 2402 medium
348 2357 396 2417 est,
410 2367 452 2418 per
466 2353 533 2418 cujus
549 2353 654 2404 notitiam
668 2354 692 2402 in
706 2353 789 2417 aliquid
802 2353 908 2417 ignotum
919 2353 952 2402 de·
968 2363 969 2390 t

158 2420 265 2474 uenimus
274 2461 282 2485 ‚
291 2423 352 2474 sicut
362 2431 398 2475 est
410 2425 510 2476 medium
521 2425 728 2476 demonstrationis.
737 2427 766 2476 Et
776 2427 826 2478 sine
836 2428 880 2478 tali
889 2422 953 2478 medio
968 2423 969 2428 ’

153 2495 218 2546 Dens
232 2495 364 2558 videbatur,
375 2511 422 2548 non
433 2501 510 2548 tamen
522 2498 572 2548 sina
584 2498 656 2562 primo
667 2498 749 2548 medio.
760 2500 811 2548 Non
823 2499 886 2550 enim
897 2508 954 2561 opor·
968 2553 969 2558 ἵ

153 2565 221 2616 tebat
239 2565 338 2629 primum
354 2568 471 2620 bominem
490 2570 610 2634 prorrenire
634 2569 658 2618 in
679 2569 723 2620 Dei
747 2570 903 2633 cognitionem
920 2578 953 2632 per

152 2636 374 2692 demonstrationem
391 2647 503 2709 sumptam
520 2644 548 2694 ab
570 2641 644 2706 aliquo
658 2642 753 2707 effectu,
767 2643 828 2694 sicut
849 2644 914 2695 nobis
925 2639 954 2689 ost

186 2773 219 2839 (l)
234 2780 278 2824 Pro
291 2780 395 2837 corporis
408 2780 545 2827 rectitudine
555 2782 604 2838 jam
616 2782 724 2840 superitrs
736 2783 830 2830 allatuin
841 2791 877 2830 est
889 2771 953 2828 niutr'
968 2753 969 2774 ἢ

153 2837 242 2886 tllrocto
253 2855 340 2902 sensu,
353 2857 393 2901 qu.
405 2843 449 2903 91,
464 2851 508 2890 art.
524 2843 538 2888 3
556 2845 585 2890 ad
601 2859 689 2902 argum.
701 2845 747 2892 Sed
760 2852 861 2902 contum
877 2846 913 2892 sed
928 2855 939 2886 u

154 2903 238 2952 mnae
246 2905 407 2952 rectitudinem
419 2908 533 2964 pertinere
545 2919 573 2953 ex
585 2909 691 2956 Patribus
703 2909 765 2956 clare
780 2909 880 2956 ridetur.
