1984 3309
141 101 187 148 482
349 109 409 149 runs
425 111 447 156 1,
463 109 558 155 euresr.
575 110 620 159 cv,
638 109 694 148 rer.
712 109 736 148 v.

172 189 206 239 dd
220 186 313 239 tertium
328 186 463 248 dicendum,
477 185 538 250 quod
559 186 579 236 si
594 187 699 238 volumen
715 186 747 238 ita
768 190 897 239 moreretur
911 187 936 237 ab

140 258 198 319 alio,
210 257 269 321 quod
284 270 314 307 ex
328 270 353 308 se
365 256 495 306 nuliatenus
511 260 653 320 moveretur,
665 271 734 322 opera
751 259 876 310 uoluntatis
895 273 936 310 uon

140 330 307 394 imputarentur
314 330 344 379 ad
354 327 458 378 meritum
466 328 503 378 vel
514 328 656 378 demeritum.
663 329 706 382 sed
715 329 769 393 quia
778 344 819 394 per
827 331 872 381 hoc
881 331 937 395 quud

140 405 243 451 movetur
253 401 281 451 ab
290 400 344 464 alio,
353 413 399 450 uon
410 398 535 449 excluditur
544 399 599 462 quin
609 402 726 450 mouentur
735 414 765 450 ex
774 415 808 465 se,
817 405 842 452 ut
853 400 936 452 dirtunr

140 477 176 522 est
179 509 189 536 ,
204 473 255 522 ideo
266 485 306 536 per
315 482 457 535 consequens
469 483 515 521 neu
525 469 610 522 tollitur
619 470 677 522 ratio
686 470 763 524 meriti
776 474 813 524 uel
825 473 936 526 demeriti.

440 623 599 674 ARTICULUS
613 625 640 673 V.

287 739 372 784 Utrr'rm
384 740 446 784 Deua
454 742 565 797 operetur
574 739 601 784 iu
610 739 675 784 omui
683 739 802 796 operante.

173 857 205 906 nd
219 856 325 920 quintum
334 857 367 908 eie
379 857 509 921 proceditur
519 857 562 922 (1).
575 858 670 911 Videtur
682 856 742 920 quod
752 859 814 910 Deus
830 872 878 914 oon
892 874 940 923 ope-

140 930 205 977 retur
215 929 240 978 iu
251 929 313 978 omni
323 931 441 992 operante.
452 928 518 978 Nulla
528 929 589 979 enirn
600 926 761 980 insufficientia
775 933 812 980 est
821 931 872 981 Dee
883 931 941 981 attr'r

141 1000 240 1050 ituenda.
251 1000 356 1063 eiigitur
369 1001 429 1051 Deus
437 1004 544 1064 operetur
553 1001 578 1050 in
591 1000 655 1064 omui
671 1003 792 1064 operante,
803 1002 942 1053 suffirienur

141 1072 166 1122 in
179 1073 279 1136 quolibet
289 1077 403 1137 operatur.
418 1073 561 1137 superfluum
571 1071 640 1135 igitur
648 1074 708 1123 esset
718 1071 779 1135 qudd
794 1087 867 1136 agens
881 1088 941 1125 eren·

141 1145 191 1194 tum
204 1143 288 1206 aliquid
304 1147 443 1208 operaretur.

174 1219 197 1263 2.
212 1217 336 1278 Promea,
351 1227 396 1266 una
408 1215 510 1280 operatio
523 1228 569 1266 non
582 1218 658 1280 potest
671 1228 721 1266 esse
733 1215 803 1266 simul
821 1216 837 1267 a
856 1219 941 1269 dnobus

142 1285 303 1350 operantinus;
312 1287 371 1337 sieut
381 1299 425 1338 nee
433 1301 493 1336 unus
503 1300 597 1338 numero
609 1289 684 1337 metus
695 1289 770 1351 potest
783 1301 837 1340 esse
847 1291 941 1342 duoruu

141 1357 267 1408 nrobiiiurn.
284 1359 309 1408 Si
325 1358 395 1422 igitur
409 1358 511 1422 operatio
531 1361 638 1408 creature
651 1361 686 1408 eet
702 1357 715 1414 a
733 1360 780 1409 iteo
798 1359 824 1409 iu
842 1366 942 1412 ereatura

141 1432 263 1493 operante,
277 1444 323 1480 non
332 1433 410 1494 potest
423 1442 473 1480 esee
484 1429 553 1480 simul
566 1427 706 1492 dereatura;
718 1434 742 1480 et
753 1430 786 1480 ita
797 1432 941 1483 'nultaerea-

142 1503 192 1550 tura
206 1501 289 1564 aliquid
307 1505 422 1566 operatur.

174 1576 197 1621 3.
215 1573 338 1636 preterea,
352 1565 440 1622 faciens
453 1571 536 1621 dieitur
545 1584 595 1622 erre
607 1583 675 1622 causa
687 1571 828 1636 operationis
841 1576 942 1639 saeti‚iu

142 1646 252 1704 quantum
260 1644 300 1693 dat
312 1643 333 1694 ei
343 1645 439 1694 turmam
453 1657 498 1707 qua
510 1647 624 1706 operatur.
637 1643 661 1694 Si
672 1643 740 1708 igitur
753 1646 814 1696 Deus
828 1651 864 1698 est
878 1662 942 1698 cause

143 1714 281 1776 operationis
293 1727 368 1764 rerum
381 1716 489 1765 tartarum
504 1716 533 1764 ab
550 1715 615 1778 ipso,
633 1715 677 1766 hou
691 1715 735 1765 erit
745 1715 770 1765 in
781 1722 894 1781 quantum
910 1720 944 1770 dat

144 1784 180 1835 eis
198 1785 304 1836 uirtutem
324 1787 439 1850 operandi.
453 1787 558 1837 sedere
573 1789 608 1836 est
624 1785 776 1851 iprineipio,
787 1790 882 1851 quando
900 1805 944 1840 reru

144 1855 206 1905 tacit.
221 1857 281 1918 Ergo
303 1856 392 1908 uidetur
410 1857 471 1922 quod
493 1857 589 1912 ulterius
607 1871 652 1908 uon
673 1861 778 1922 operetur
796 1859 822 1908 iu
841 1864 945 1911 ereatura

145 1932 262 1991 operante.

176 1999 222 2052 Sed
235 2011 314 2051 eontra
328 2006 375 2065 est,
388 2001 448 2065 quod
461 2001 544 2051 dieitur
556 2001 632 2062 our,
648 2001 735 2051 xxvi:
750 2001 859 2053 «Omnia
877 2017 945 2068 opera

145 2077 223 2122 nostra
235 2076 345 2137 operatus
356 2086 381 2122 es
394 2073 418 2122 in
434 2071 514 2136 nutris,
530 2071 659 2123 Dominen

176 2144 186 2208 (
194 2145 339 2195 Coucuusro.
353 2171 384 2181 -
397 2145 458 2194 [teus
471 2156 518 2192 non
534 2143 568 2192 sie
587 2143 613 2192 iu
627 2141 733 2192 omnibus
755 2146 862 2207 operatur
875 2157 945 2208 agen·

145 2215 220 2278 tibus,
230 2219 256 2266 ut
268 2220 292 2266 et
300 2215 351 2280 ipsa
363 2229 409 2266 uon
421 2219 558 2278 operentur3
570 2215 610 2265 sed
624 2217 729 2278 operetur
739 2213 763 2262 iu
776 2213 880 2277 quolibet
892 2217 945 2265 tina-

143 2287 210 2349 liter,
226 2286 332 2340 edeetire
347 2291 376 2337 et*
384 2287 517 2350 formaliter,
527 2290 553 2336 ut
567 2289 642 2336 tamur
655 2288 678 2335 et
693 2285 744 2349 ipsa
753 2284 823 2334 etiam
836 2288 930 2350 agant.)

174 2359 308 2422 Respondeo
323 2358 455 2420 dicendum,
470 2358 532 2422 quiid
549 2359 619 2408 Deum
636 2357 731 2422 operari·
741 2356 767 2406 iu
779 2356 884 2420 quolibet
895 2373 946 2422 ope

143 2439 223 2492 rante,
234 2429 304 2494 aliqui
314 2430 517 2480 sicinteliererunt
524 2467 532 2493 ,
543 2428 604 2492 quod
614 2429 676 2478 nulla
684 2428 756 2478 uirtus
770 2431 846 2478 creata
863 2429 944 2493 aliquid

142 2505 275 2565 operaretur
288 2502 313 2551 iu
328 2503 408 2565 rebus,
422 2502 463 2552 sed
476 2502 538 2551 solun
551 2503 612 2551 Deus
628 2498 758 2550 immediate
774 2501 852 2550 omnia
866 2514 944 2564 opera-

55 2614 58 2621 .
143 2578 205 2624 retur
216 2591 223 2621 r
234 2574 289 2638 puta
302 2574 363 2637 quod
379 2574 441 2637 iguis
458 2587 505 2624 non
519 2574 665 2636 nutriorem,
678 2573 718 2624 aed
731 2575 792 2623 Deus
801 2573 827 2622 in
839 2573 910 2638 igne,
922 2577 943 2622 et

143 2644 247 2694 similiter
260 2646 288 2696 de
302 2646 409 2696 omnibus
425 2645 484 2696 aliis.
499 2647 547 2719 [doe
560 2649 636 2696 autern
651 2648 687 2696 est
705 2644 857 2708 impossibile.
870 2643 944 2695 Prim'u

177 2777 209 2838 (i)
223 2782 256 2824 Ite
270 2781 306 2824 hie
319 2782 389 2826 etiarn
404 2783 496 2828 Contra
515 2784 596 2832 Geni„
610 2784 651 2828 lib.
669 2785 716 2842 111,
738 2795 791 2839 erp.
811 2782 843 2828 66
858 2789 883 2828 et
899 2781 940 2838 δῖ’,

145 2846 169 2886 et
181 2842 222 2886 dn.
233 2844 280 2900 IV,
294 2854 347 2900 cap.
362 2843 464 2900 diprol.
475 2846 502 2900 ῖς
516 2851 540 2890 et
552 2846 654 2903 Opere„
664 2846 712 2904 111,
723 2856 775 2904 eap.
790 2843 835 2890 131
849 2851 873 2891 et
887 2843 939 2890 1³5.
