1984 3309
124 157 170 206 tlt
308 167 369 203 raus
385 168 408 216 r,
424 166 517 211 onear.
535 163 606 216 nour,
624 163 679 205 aar.
696 163 732 206 rr.

122 245 183 308 Ergo
194 246 287 294 nonest
299 246 377 292 contra
386 242 521 306 dignitatem
532 244 604 294 status
617 241 772 306 innocentia,
785 242 845 308 ondd
853 243 922 296 bomo

122 315 210 368 bomini
222 313 383 366 dominaretur.

155 389 316 452 (Coueuusro.
335 414 366 426 -
382 386 486 438 Servitus
507 387 594 451 poenali
613 400 682 451 pmna
705 400 758 440 esse
773 389 856 451 debet3
874 402 922 440 non

121 458 190 520 igitur
203 460 227 509 iu
245 463 305 510 statu
323 459 462 511 innocentia
473 461 543 511 bomo
558 459 644 510 homiui
658 459 812 510 dominaretur
824 459 923 510 dominio

122 529 424 596 seruitutiopposito31iedt
442 531 657 595 supereminentiam
671 531 773 582 scientiae
791 534 815 582 et
829 531 925 594 justitiae

122 603 220 665 habeus,
233 603 303 654 abum
316 605 344 654 ad
357 603 473 668 proprium
490 603 576 654 bonum
590 604 641 668 ejus
659 603 792 668 dirigeret.)
904 653 908 660 ,

153 676 287 739 Respondeo
301 675 436 738 dicendum,
451 674 512 740 qubd
525 674 650 724 dominium
665 674 776 738 aeeipitm
792 675 923 739 dupliciter.

122 747 172 797 Uno
186 747 253 798 modo
266 747 389 799 seeundum
400 748 460 811 qubd
471 747 593 812 opponitur
608 746 722 798 servituli.
731 747 761 796 Et
770 745 804 797 sie
819 747 925 798 domiuus

122 817 219 880 dieitur,
236 820 273 868 eui
288 819 370 882 aliquis
387 818 490 868 sublitur
509 822 534 870 ut
553 831 642 868 seruus.
661 817 710 868 lllio
723 819 791 870 modo
812 819 926 883 adripitur

123 888 246 939 dominium
259 889 385 940 seeundum
402 889 463 952 quod
476 891 626 940 communiter
636 890 734 942 relertnr
749 893 778 942 ad
792 891 924 955 subjeetum

107 959 315 1025 pomeremque.
326 963 354 1010 Et
362 961 395 1010 sie
406 961 476 1011 etiam
486 962 526 1012 ille
537 962 576 1025 qui
586 963 656 1012 habet
668 962 769 1012 ollieium
781 963 925 1026 gubernandi

121 1035 145 1081 et
166 1032 276 1096 dirigendi
293 1033 389 1094 liberos,
407 1033 512 1083 dominus
525 1032 569 1084 diei
589 1037 671 1096 potest.
690 1033 766 1084 Primo
785 1047 840 1098 ergo
857 1036 924 1085 modo

122 1107 217 1168 accepto
228 1105 337 1170 dominio,
349 1106 374 1154 iu
386 1109 444 1155 statu
455 1105 592 1156 innocentiae
606 1107 674 1155 bomo
685 1103 774 1155 homiui
788 1119 835 1157 nou
847 1107 925 1156 domi—

121 1178 222 1225 naretur.
241 1177 285 1226 Sed
301 1179 399 1228 seeundo
420 1177 488 1228 modo
504 1181 597 1242 aceepto
615 1175 731 1238 dominio,
747 1177 818 1228 bomo
835 1177 925 1229 homini

120 1246 233 1311 dominari
246 1250 366 1314 potuisset.
381 1249 452 1314 Cujus
462 1250 520 1300 ratio
534 1252 583 1311 est,
596 1249 650 1313 quia
664 1261 745 1300 seruus
755 1249 780 1298 iu
789 1249 835 1299 hoe
848 1249 926 1302 differt

120 1317 133 1368 i
146 1320 225 1385 libero,
240 1321 301 1384 quod
316 1340 331 1370 a
339 1322 397 1372 liber
406 1326 518 1373 esteausa
526 1321 561 1372 sui
572 1322 618 1386 (l),
626 1337 640 1368 n
651 1321 765 1374 ntdioitur
775 1320 800 1370 in
809 1320 922 1385 principio

119 1393 274 1458 Metopbyr.;
283 1407 364 1445 seruus
370 1398 447 1445 autem
457 1393 574 1444 ordinatur
584 1395 612 1444 ad
621 1393 698 1444 alium.
706 1393 769 1442 Tune
776 1407 831 1456 ergo
840 1393 922 1456 aliquis

119 1464 247 1515 dominatur
267 1467 338 1516 alicui
353 1470 379 1516 ut
398 1480 480 1527 seruo,
496 1466 587 1530 quaudo
607 1479 659 1516 eum
678 1464 716 1514 oui
731 1463 878 1528 dominatur,
891 1465 922 1516 ad

116 1537 232 1602 propriam
257 1538 378 1593 utilitatem
396 1539 445 1601 sni,
460 1539 547 1590 scilieet
564 1537 712 1598 dominantis,
727 1537 806 1589 reteri.
825 1539 854 1588 Et
869 1537 924 1602 quia

119 1607 243 1672 rruiouique
255 1614 290 1660 est
301 1611 425 1674 appetibile
437 1611 554 1675 proprium
569 1610 668 1672 bonum,
682 1613 706 1659 et
720 1621 761 1674 per
778 1622 923 1673 consequeus

118 1681 273 1731 contristabile
291 1686 328 1732 est
345 1683 466 1748 uniruique
483 1682 546 1748 quod
561 1683 617 1733 illud
631 1681 731 1742 bouum,
747 1682 809 1745 quod
829 1682 923 1732 deberet

119 1765 170 1802 esse
186 1766 270 1816 suum,
285 1755 353 1804 cedat
366 1755 431 1805 alteri
447 1755 548 1818 tartbm3
567 1758 590 1804 et
608 1754 659 1804 ideo
676 1750 719 1810 tale
732 1753 863 1805 dominium
876 1766 922 1802 uon

118 1828 256 1888 potestesse
264 1825 314 1876 siue
322 1840 391 1890 poena
400 1828 565 1892 subjeolomm3
573 1831 666 1891 propter
675 1826 735 1890 quod
747 1825 772 1874 in
781 1828 843 1876 statu
854 1826 921 1876 inno

119 1895 260 1947 eentiaenon
273 1897 355 1948 luisset
367 1899 412 1949 tale
426 1899 550 1951 dominium
562 1897 660 1950 hominis
675 1899 702 1950 ad
713 1897 841 1948 bominem.
856 1897 921 1946 Tuae

120 1967 175 2020 verb
189 1969 317 2019 dominatur
325 1970 409 2033 aliquis
417 1971 483 2022 alteri
493 1971 606 2034 utlibero,
615 1971 704 2034 quando
714 1969 790 2032 dirigit
803 1969 881 2034 ipsum
891 1969 921 2018 ad

120 2041 237 2106 proprium
254 2042 338 2092 bonum
351 2042 402 2105 ejus
416 2043 455 2106 qui
466 2041 585 2106 dirigitur,
600 2042 636 2092 uel
649 2042 676 2092 ad
688 2041 774 2091 bonum
789 2053 918 2094 commuue.

120 2113 149 2162 Et
162 2114 207 2162 tale
220 2113 346 2164 dominium
362 2114 461 2166 bominis
474 2115 504 2165 ad
518 2113 650 2177 bominem,
669 2114 694 2164 iu
706 2117 765 2164 statu
780 2111 919 2180 innocentiae

153 2267 183 2329 (tl
200 2270 236 2315 Sic
247 2271 309 2316 euim
320 2272 387 2327 juxta
402 2271 580 2328 praesumebam
593 2269 664 2320 edred
679 2271 702 2316 in
719 2271 822 2316 ablativo
837 2273 916 2330 lagea-

119 2341 171 2384 dum
180 2347 224 2399 est,
233 2342 299 2397 quasi
306 2343 396 2388 dicatur
404 2355 455 2388 esse
463 2345 549 2400 pretio
557 2343 606 2401 saei,
613 2343 657 2386 boo
665 2347 701 2388 est
708 2347 833 2399 propterse
843 2343 917 2388 solum

117 2410 143 2448 et
160 2415 206 2446 non
228 2410 322 2460 propter
341 2405 499 2467 alium‚sieut
520 2419 607 2452 servus.
629 2405 735 2460 Quamuis
752 2409 777 2450 et
793 2406 917 2462 aliquando

119 2470 142 2510 s.
153 2466 252 2510 Thomas
262 2467 293 2511 ita
306 2475 401 2524 usurpat
408 2475 433 2512 ut
442 2468 466 2512 in
477 2469 620 2514 nominativo
631 2468 770 2526 intelligatur
782 2481 858 2514 eausa
867 2470 919 2518 arei,

118 2528 188 2572 veluti
203 2540 272 2572 eausa
286 2541 333 2574 sum
346 2531 531 2590 deliberationis,
543 2531 669 2590 babilonis,
684 2531 791 2590 aetionis,
805 2536 865 2576 etse
878 2545 918 2590 pro

117 2589 213 2634 arbitrio
227 2604 335 2650 mouens,
346 2606 392 2637 nou
402 2595 461 2638 sieut
472 2607 552 2638 servus
562 2594 601 2650 qul
613 2599 716 2638 movetur
731 2607 760 2638 ex
769 2594 869 2650 imperio
883 2596 918 2640 rel

117 2666 146 2696 arx
164 2659 220 2697 nutu
233 2653 328 2698 domiui.
347 2657 391 2701 Sed
410 2657 508 2701 alterum
525 2657 627 2712 sequitur
645 2669 673 2700 ex
690 2657 778 2713 altero,
794 2669 880 2714 nempe
894 2665 919 2702 ut

94 2732 97 2737 ¹
118 2728 165 2759 sum
186 2715 283 2760 aetionis
297 2729 366 2761 eausa
380 2719 410 2762 sit
428 2720 467 2774 qui
486 2726 579 2776 propter
594 2731 618 2763 se
637 2718 724 2764 tantbm
740 2725 784 2764 est.
801 2721 868 2766 Unde
886 2722 918 2766 sie

118 2780 140 2822 S.
151 2778 251 2823 Thomas
259 2791 370 2835 usurpare
382 2782 457 2835 potuit
468 2782 544 2837 quoad
553 2793 646 2828 sensum
655 2781 839 2838 quotiescunque
850 2797 917 2828 usur·

117 2840 375 2896 protendentium
389 2845 467 2902 supra,
481 2856 521 2900 qu.
536 2843 581 2900 83,
599 2850 642 2890 art.
658 2843 671 2888 1
684 2843 712 2890 ad
731 2843 759 2896 35
776 2845 821 2890 etsi
835 2846 917 2897 metitur

118 2907 143 2944 ut
160 2901 197 2946 blo
210 2909 233 2947 et
246 2904 376 2960 expressius
384 2906 451 2961 juxta
460 2907 623 2964 proprietatem
635 2919 714 2966 graeeee
723 2907 822 2965 phrasis.
