1984 3309
145 69 192 119 266
331 77 392 117 raus
407 79 432 127 1,
449 78 541 123 quasa.
559 78 654 127 buxu,
671 77 725 115 aar.
744 78 761 115 1.

144 160 208 223 parte
224 154 380 217 intelligentis.
406 154 448 203 Est
463 154 526 205 euim
547 153 631 219 absque
655 152 773 217 falsitate,
796 157 823 205 ul
845 157 913 207 alius
934 162 960 209 sit

145 230 225 278 medus
233 226 382 291 intelligentis
391 225 416 277 iu
427 225 662 291 intelligendo,quam
673 226 752 277 modus
762 226 797 277 rei
805 226 831 279 in
843 233 958 295 esseudm

144 298 197 364 quia
207 298 348 347 intellectum
358 301 392 349 est
406 297 430 347 iu
440 297 581 361 intelligente
593 297 789 360 immaterialiter,
800 313 847 361 per
859 304 959 357 modum

145 370 291 453 intellectis,
307 383 352 420 ndu
369 373 445 420 aulem
464 368 619 433 materialiter,
637 382 678 435 per
698 370 791 421 modum
815 371 853 424 rei
879 379 961 425 male-

145 444 351 565 Γωιιὶιῗὶέεευιιᾱιιη]
371 512 510 577 dicendum,
528 512 586 577 qubd
611 514 702 578 quidam
725 516 872 576 putaverunt
893 520 959 583 qubd

145 586 233 649 species
247 585 280 635 rei
292 584 406 635 naturalis
417 584 448 635 sil
461 584 534 636 terma
546 584 632 647 sehim,
644 589 667 635 et
682 584 744 651 qubd
755 587 856 639 materia
866 604 919 641 nnn
933 594 960 642 sit

145 671 197 721 pars
210 656 304 720 speciei.
315 657 361 706 Sed
374 655 498 707 seeundum
513 658 558 707 bne
570 656 594 706 iu
605 656 781 707 diffinitionibus
793 672 874 710 rernm
889 677 960 713 naru-

144 728 224 779 ralium
244 741 292 779 nou
307 731 428 793 poneretur
447 729 549 779 materia.
570 728 599 779 ut
620 728 671 779 iden
692 728 757 781 aliter
777 728 906 784 dieeudum
924 742 959 785 est

144 800 204 865 qudd
218 800 313 850 materia
328 802 364 851 est
381 800 479 865 duplex,
498 799 586 850 scilicet
602 800 740 859 communie,
757 804 780 851 et
799 802 895 867 signata
917 810 956 857 vel
974 824 977 829 ·

144 870 300 923 individualis.
318 871 450 922 Communis
469 870 575 935 quidem,
590 874 615 922 ut
633 884 686 921 earn
706 873 730 921 et
744 885 784 934 es;
800 872 958 927 individualis

145 948 237 1006 autem,
254 948 280 992 ut
295 945 332 993 bae
343 956 424 993 earnes
437 946 461 992 et
474 944 526 993 ban
535 957 594 993 ossa.
607 942 738 993 Intellectus
752 941 823 1007 igitur
839 946 957 997 abstrahit

145 1015 244 1079 speeiem
257 1014 292 1064 rei
302 1014 411 1064 naturalis
419 1013 433 1063 i
441 1015 536 1065 materia
544 1014 645 1065 sensibili
657 1013 806 1077 individuali,
815 1029 865 1067 nnn
875 1024 961 1069 autem
979 1020 980 1033 ¹

145 1084 159 1135 a
174 1085 268 1136 materia
282 1086 383 1135 sensibili
396 1086 512 1136 communi
522 1104 528 1133 r
540 1086 599 1136 sieut
611 1084 709 1150 speeiem
725 1084 825 1137 nominis
838 1088 958 1140 abstrahit

145 1158 174 1207 ab
182 1158 220 1207 his
233 1157 339 1207 carnibus
354 1158 421 1207 ethis
436 1156 540 1222 ossibus,
552 1172 602 1225 qum
618 1171 664 1207 nnn
681 1160 733 1207 suut
748 1158 776 1207 de
792 1158 883 1209 ratione
899 1176 959 1225 spe-

145 1228 204 1298 eipi,
220 1230 260 1278 sed
275 1232 350 1294 partes
363 1228 489 1291 individui,
508 1234 532 1279 ut
551 1229 633 1279 dieitur
651 1228 677 1279 iu
693 1229 741 1279 llil.
758 1230 920 1295 metaphys.‚·
938 1240 960 1284 et

146 1301 197 1351 iden
207 1301 255 1351 sine
267 1300 300 1353 eis
312 1302 450 1353 considerari
466 1304 550 1365 potest.
568 1302 611 1351 Sed
627 1300 716 1365 speeies
735 1300 837 1353 bominis
852 1317 901 1353 unu
918 1319 961 1369 pn-

145 1375 190 1422 test
207 1374 308 1424 abstrahi
327 1388 367 1438 per
386 1372 556 1424 intebeetumi
573 1371 678 1421 carnibus
697 1376 721 1421 el
740 1370 837 1423 ossibus.
860 1375 959 1439 Species

146 1449 223 1495 autem
236 1446 401 1497 mathematicae
412 1449 507 1510 possunt
519 1443 618 1494 abstrahi
627 1457 668 1507 per
677 1442 821 1495 intellectum
832 1444 846 1497 i
859 1450 959 1499 materia

147 1516 262 1578 sensibili,
280 1531 324 1567 nnn
347 1516 420 1566 snlbm
437 1515 586 1579 individuali,
603 1516 643 1565 sed
664 1516 733 1565 eliam
752 1518 891 1581 eommuniq
907 1534 956 1569 unu

146 1593 225 1638 lamen
238 1587 353 1637 imateria
365 1587 503 1650 intelligibili
518 1586 633 1637 communi
636 1624 646 1649 ,
661 1587 700 1637 sed
715 1584 789 1637 salim
803 1586 954 1641 individuali.

146 1659 240 1709 Materia
254 1657 315 1708 enim
332 1657 444 1707 sensibilis
457 1662 489 1720 (l)
505 1658 588 1707 dieitur
606 1658 700 1707 materia
713 1658 850 1721 corporalis,
870 1674 956 1711 seeun-

148 1731 201 1781 dirur
215 1729 275 1795 qubd
286 1729 388 1793 subjacet
402 1729 549 1793 qualitalibus
560 1728 717 1792 sensibilibus,
737 1728 824 1781 seilicet
838 1724 914 1783 calido
931 1740 953 1784 et

147 1802 243 1865 frigido,
254 1802 310 1851 duro
318 1805 341 1851 et
352 1800 430 1864 molti,
442 1804 465 1852 et
474 1800 613 1866 hujusmodi.
627 1801 719 1853 Materia
731 1800 786 1851 verb
797 1802 955 1867 intelligibilis

148 1873 230 1924 dicitnr
246 1873 371 1923 substantia
388 1872 513 1923 seeundbm
529 1872 588 1937 qubd
610 1873 712 1937 subjacet
732 1873 864 1937 quantitati.
881 1877 956 1927 biani-

147 1948 231 1997 lestum
239 1949 274 1996 est
286 1949 361 1995 autern
374 1943 434 2009 qubd
448 1946 563 2009 quantitas
574 1944 637 2009 pribs
645 1944 705 1994 inest
720 1944 854 1997 substantia
861 1984 871 2011 ,
882 1949 954 2011 qu'am

148 2019 268 2083 qualitates
286 2018 413 2067 sensibiles.
429 2019 492 2067 Unde
508 2018 646 2079 quantitates
664 2018 705 2077 (ul
719 2017 819 2081 numeri,
830 2022 853 2070 et
864 2019 956 2072 dimen-

148 2091 235 2155 siones,
249 2094 273 2141 et
284 2090 378 2153 ligura,
392 2092 507 2155 quaesunt
520 2088 691 2139 terminationes
701 2089 871 2155 quantitatum)
882 2106 955 2157 ,pos-

184 2246 214 2309 (1)
229 2248 284 2292 Iden
300 2246 422 2293 sensibilis
440 2248 493 2303 quia
517 2259 558 2302 per
574 2259 599 2291 se
617 2246 661 2291 sub
681 2247 867 2305 nonsummum,
887 2254 912 2292 ut
930 2250 954 2294 in

149 2311 260 2367 exemplis
274 2323 327 2354 mox
342 2310 455 2366 adJunelis
471 2309 619 2355 manifestum
629 2315 677 2361 est;
691 2322 773 2365 nezupe
791 2310 862 2355 calidi
876 2317 900 2355 et
911 2312 954 2356 lri-
979 2340 980 2377 q

150 2375 195 2431 gidi
203 2407 209 2431 ,
224 2373 300 2417 mollis
312 2378 336 2417 et
345 2373 408 2432 duri,
421 2386 472 2429 qum
487 2385 528 2429 per
545 2377 632 2416 tactum
645 2372 811 2429 percipiuntur,
826 2378 851 2417 et
861 2372 886 2417 iu
900 2375 953 2419 aliis
979 2378 980 2433 l

150 2437 178 2481 ad
191 2434 318 2493 quemlibet
329 2436 398 2481 alium
411 2449 502 2481 sensum
514 2434 682 2491 pertinentibus
695 2434 760 2490 aeque
773 2438 850 2480 notari
863 2442 952 2493 potest.
979 2456 980 2499 q

149 2502 169 2545 Ε
183 2499 298 2543 eontrarin
309 2500 364 2543 verb
375 2500 472 2545 materia
484 2496 652 2554 inlelliqa'bllie
663 2497 754 2550 dieitur,
764 2510 811 2541 non
826 2499 888 2555 qudd
904 2510 950 2543 nen
979 2504 980 2553 l

148 2561 265 2606 sitellam
283 2562 410 2618 corporalis
430 2560 482 2606 cum
496 2560 526 2604 sit
542 2561 666 2615 conwneta
683 2560 819 2617 quantitati,
834 2562 877 2606 sed
897 2563 952 2617 quin
979 2556 980 2575 ¹

151 2637 244 2669 sensum
256 2637 303 2669 uon
313 2625 446 2678 afficit‚nee
457 2624 502 2667 nisi
511 2635 552 2678 per
562 2622 669 2667 accidens
680 2629 704 2669 et
713 2624 803 2669 ratione
813 2626 951 2679 qualitatum
979 2624 980 2667 ἒ

152 2687 268 2732 sensibilis
286 2694 331 2732 est.
346 2686 409 2731 Unde
427 2685 519 2742 proprie
533 2685 651 2731 intellectu
668 2686 745 2743 potiris
763 2688 900 2744 percipitur,
915 2688 951 2731 vel
979 2716 980 2719 =

152 2749 222 2795 habet
236 2750 329 2795 modum
346 2748 469 2805 quemdam
483 2760 563 2795 earum
576 2760 652 2793 rerum
665 2761 717 2807 quse
730 2749 849 2797 intellectu
863 2750 950 2809 percipi

151 2819 258 2869 pessunt.
979 2812 980 2839 ³
