1984 3309
132 212 162 257 68
385 222 445 259 rens
463 222 484 271 r,
499 218 591 267 eumer.
606 219 679 258 anst.

132 296 210 358 prime
224 297 360 348 institutioni
370 310 452 347 rerum.
467 299 518 348 Non
531 310 586 361 ergo
598 296 712 361 eiusmodi
727 295 834 346 animalia
849 298 949 350 deboc·

132 371 185 417 runt
198 368 222 417 in
233 369 307 431 prima
319 382 397 419 rerum
408 368 551 419 institutione
562 370 666 432 produci.

164 443 187 486 6.
207 441 333 502 aroteres,
347 440 450 503 quaedam
469 439 576 492 animalia
598 443 651 489 sunt
668 451 784 489 venenosa
805 443 829 489 et
847 442 950 491 bomini

131 509 207 559 noxia.
220 510 281 561 Nibil
291 514 367 561 autem
377 511 454 561 debuit
463 525 515 561 esse
527 510 615 561 bomini
623 510 730 561 nocitum
739 515 793 560 ante
802 516 947 575 peccatum.

131 580 191 643 Ergo
204 580 333 645 hujusmodi
341 582 447 633 animalia
456 582 493 633 vel
501 583 594 633 omnino
603 583 652 633 lieri
660 582 674 631 a
682 584 729 632 lieo
738 596 784 632 non
793 582 947 648 debuerunt,

131 652 171 715 qui
185 656 219 703 est
227 655 336 704 bonorum
345 656 430 716 auctor,
441 656 477 705 uel
489 666 535 703 non
545 654 673 704 debuerunt
680 654 731 703 lieri
737 657 791 703 unte
803 660 947 717 peccatum.

161 724 188 773 ln
202 726 337 775 contrarium
352 723 434 776 sufficit
445 726 567 776 auctoritas
580 726 701 790 Scriptores
710 726 754 789 (1).

163 797 320 861 (Coussusro.
335 824 366 837 -
382 799 526 849 &eveniens
545 799 590 848 luit
604 801 668 848 sexta
681 798 719 847 die
728 797 830 847 describi
849 802 946 851 mutam

131 868 264 931 produxisse
273 869 371 919 animam
383 870 496 920 drentem
507 870 532 919 in
541 882 624 932 genere
632 882 684 932 suo,
693 870 797 933 jumenta
808 872 833 918 et
843 871 948 933 reptilia

132 943 155 989 et
162 940 248 991 bestias
259 944 324 992 terras
334 940 456 991 secundum
467 941 557 1005 species
567 954 629 1001 suas,
639 954 666 991 ac
674 943 755 992 eadem
763 941 801 991 die
810 942 946 994 formatum

131 1024 181 1061 esse
191 1012 306 1062 bominem
321 1011 334 1063 'a
348 1014 407 1077 beo;
420 1017 445 1061 ut
456 1014 506 1063 bec
519 1013 567 1063 dies
582 1012 670 1063 omatui
686 1017 752 1062 terre
765 1014 890 1076 deputata,
907 1014 948 1065 illi

131 1084 276 1146 responderet
288 1084 317 1134 ad
330 1098 398 1147 quam
412 1084 523 1147 pertinuit
535 1084 606 1148 ipsius
617 1089 684 1135 terre
695 1084 837 1147 distinctio.)

163 1156 297 1219 Respondeo
313 1155 433 1206 dicendum
444 1194 450 1219 ,
463 1155 524 1219 qubd
534 1156 594 1206 siem
604 1156 630 1205 in
641 1156 679 1206 die
692 1155 771 1219 quinto
783 1160 879 1206 ornatur
889 1170 946 1209 me·

132 1226 195 1276 dium
213 1240 311 1290 corpus,
332 1232 355 1278 et
372 1228 493 1291 respondet
509 1228 614 1277 secundae
634 1227 692 1290 diei3
710 1226 743 1276 ita
762 1226 787 1275 in
806 1231 874 1277 sento
901 1230 945 1280 die

131 1302 225 1349 ornatur
237 1299 342 1349 ultimum
355 1312 437 1363 corpus
452 1296 554 1363 (seilicet
563 1299 640 1362 terra)
652 1311 693 1363 per
702 1297 875 1363 productionem
886 1303 945 1351 ani-

133 1370 226 1419 malium
239 1370 394 1434 terrestrium3
409 1376 432 1420 et
445 1371 568 1433 respondet
580 1370 652 1419 tertie
664 1369 721 1419 diei.
735 1370 799 1421 Unde
811 1371 945 1435 utrobique

132 1442 157 1490 tit
171 1442 256 1491 mentio
270 1444 298 1492 de
316 1446 383 1493 terra.
400 1444 428 1492 Et
441 1441 479 1491 bic
494 1441 564 1492 etiam
576 1440 701 1491 secundini
718 1440 871 1502 ingeminum
884 1446 944 1494 ani-

132 1512 201 1562 malia
211 1514 326 1563 terrestria
335 1514 488 1577 producuntur
497 1512 664 1577 potentialiter;
676 1512 801 1563 secundum
810 1512 867 1565 verb
878 1516 945 1566 alios

133 1585 236 1648 Sanctus,
251 1587 276 1635 in
289 1590 349 1635 actu.
613 1582 615 1587 ’

165 1658 198 1706 Ad
207 1658 305 1721 primum
317 1669 371 1719 ergo
383 1657 519 1716 dicendum,
528 1656 589 1720 qudd
599 1655 657 1707 sicut
670 1655 767 1707 Basilius
775 1656 830 1705 dicit
843 1658 941 1722 (Hom.

132 1730 195 1791 viti,
208 1728 331 1792 liccam.)
341 1728 444 1779 diversus
456 1729 539 1791 gradus
549 1729 602 1780 ritu
613 1728 687 1793 parlin
697 1728 792 1780 diversis
801 1729 943 1785 viventibus

132 1799 258 1858 invenitur,
269 1813 298 1849 ex
311 1801 377 1849 modo
389 1799 496 1863 loquendi
511 1800 633 1863 Scripturas
647 1798 723 1863 colligi
739 1804 815 1863 potest
830 1816 835 1850 :
850 1803 943 1866 plantes

131 1871 194 1921 enim
209 1871 294 1921 babent
309 1870 534 1935 imperfectissimam
550 1872 621 1922 vitam
642 1877 666 1922 et
682 1872 802 1923 occultam.
823 1875 890 1925 Unde
913 1878 941 1927 in

132 1956 209 1991 earum
225 1942 373 2005 productione
386 1942 448 1992 nulla
461 1943 552 1993 mentio·
560 1944 586 1993 tit
599 1946 628 1993 de
638 1944 700 2006 rita,
710 1945 750 1994 sed
762 1942 836 1993 solum
847 1946 877 1996 de
894 1962 942 2011 ge-

132 2016 262 2079 neratione;
277 2014 329 2079 quia
340 2015 464 2065 secundum
478 2017 538 2065 hanc
549 2016 623 2065 solum
637 2016 753 2066 invenitur
762 2019 827 2066 actus
838 2020 896 2071 uicae
911 2023 940 2072 in

132 2087 180 2149 eis3
194 2086 301 2136 nutritiva
315 2086 376 2136 enim
389 2090 412 2136 et
422 2088 588 2149 augmentative
603 2088 740 2148 generativa
753 2089 900 2155 deserviunt,
911 2098 942 2143 nt

132 2157 191 2207 inira
202 2158 288 2208 dicetur
302 2156 349 2223 (qu.
365 2162 408 2219 78,
419 2162 461 2208 art.
477 2159 512 2222 2).
524 2159 587 2208 lnter
598 2160 718 2220 animalia,
730 2160 868 2222 perfectiora
880 2170 940 2214 sunt

133 2230 292 2293 (communiter
306 2230 428 2293 loquendo)
437 2232 553 2281 terrestria
567 2230 645 2280 ambos
655 2235 678 2279 et
691 2230 805 2294 piscibus3
815 2244 862 2282 non
874 2234 940 2299 qudd

131 2303 206 2365 pisces
225 2302 336 2351 memoria
356 2307 461 2364 careant,
482 2310 507 2353 ut
528 2303 623 2353 Basilius
645 2304 700 2353 dicit
719 2305 809 2363 (Hom.
827 2306 885 2370 vit,
909 2310 941 2358 in

133 2374 255 2433 Heaom.)
267 2376 290 2421 et
304 2374 442 2435 Augustinus
455 2376 568 2439 improbat
582 2375 590 2439 (
602 2375 643 2424 lib.
663 2376 704 2424 lll.
720 2376 804 2439 Super
820 2377 882 2427 Gen.
900 2382 940 2429 ad

132 2444 185 2500 tit„
195 2458 245 2507 cap.
258 2446 299 2505 8),
308 2446 348 2495 sed
357 2450 450 2509 propter
460 2446 629 2497 distinctionem
641 2448 803 2511 membrorum,
812 2452 837 2499 et
847 2452 942 2515 periec-

166 2566 196 2629 (1)
216 2572 269 2623 Quae
282 2571 316 2616 sic
333 2574 464 2621 summatim
478 2575 549 2618 babet
563 2590 569 2617 ι
584 2574 658 2619 Decet
669 2578 762 2631 puepab
774 2574 840 2619 Decor
855 2593 862 2620 .·
879 2590 940 2633 pro-

131 2632 201 2677 ducat
214 2638 273 2677 terra
288 2636 387 2680 animam
401 2636 553 2681 viventemin
567 2648 651 2693 genere
666 2638 834 2692 suogjuurente
845 2644 870 2683 et
882 2653 941 2697 rep-

132 2694 180 2739 tilia
195 2700 218 2739 et
230 2696 317 2742 bestias
334 2704 401 2743 terrea
413 2699 539 2743 secundum
552 2700 643 2755 specics
656 2711 718 2743 suas.
731 2699 882 2757 Factumque
902 2711 940 2749 est

132 2758 181 2809 ito:
199 2762 220 2803 et
233 2758 297 2803 cadit
311 2758 375 2805 Deus
386 2759 449 2817 qudd
464 2764 520 2805 esset
538 2760 643 2810 mntem,
657 2766 679 2805 et
693 2762 729 2806 uit
748 2761 882 2809 :faciamus
894 2764 941 2810 bo-

133 2820 231 2879 minem,
247 2828 292 2865 etc.
312 2822 341 2866 at
354 2823 445 2881 suctum
461 2826 493 2866 cet
508 2824 761 2881 itu;uiditque1lcue
777 2832 865 2870 cuncto
882 2840 940 2885 pum

132 2882 238 2941 fecerat,
250 2888 271 2927 ct
282 2888 351 2929 orant
362 2884 432 2931 ooldc
447 2882 508 2929 beau
515 2900 524 2938 ‚-
539 2890 561 2930 et
574 2886 666 2943 {uotum
681 2890 713 2930 est
723 2900 821 2943 uespere
833 2894 941 2936 elmund

134 2945 284 2991 deessemus.
