1984 3309
133 146 161 183 DE
173 140 290 184 ΒΟΝΠᾸΤΕ
303 142 333 183 Ei*
349 144 447 185 nitria
461 144 616 185 111111011ιί
627 146 733 187 muna.
788 141 834 186 8⁷8

49 222 157 287 speciatam
170 223 273 275 ordinem
287 223 381 275 rationis
396 236 444 289 pru
459 225 495 274 acl
511 226 616 283 contra,
631 236 660 275 ax
678 224 719 274 tati
737 226 835 276 cucum-

50 296 124 347 stantia
137 296 281 348 constituitur
295 297 369 361 alima
380 296 469 362 species
480 297 572 349 moratis
585 297 609 347 in
622 298 724 349 bonitate
739 300 777 349 uei
788 311 836 351 ma·

49 368 120 429 litia.)

73 440 201 505 despondeo
211 442 346 505 dicendum,
362 442 422 507 quod
434 443 493 493 sicut
508 443 597 507 species
608 455 684 494 rernm
694 442 834 493 naturalium

48 512 206 564 constituuntur
227 526 256 565 ex
277 514 416 565 naturatibus
436 514 532 578 turmis,
553 514 585 565 ita
607 514 697 579 species
716 514 835 564 moranum

47 586 130 633 actuum
150 585 319 637 constituuntur
333 600 362 637 en
377 587 467 649 formis,¹
487 589 556 651 prout
573 589 626 636 sant
641 586 654 635 a
672 582 760 635 ratione
781 599 848 645 cons

48 659 112 718 ceptae
118 693 127 719 ‚
143 656 202 707 sicut
216 668 245 706 en
260 670 326 723 supra
340 657 406 708 dictis
419 662 482 723 patet
497 659 556 722 (art
571 658 604 722 ι),
618 657 676 717 Quia
686 666 741 707 varo
754 661 835 708 natura

47 727 186 777 determinata
203 730 238 778 est
248 729 275 778 ari
286 742 369 793 aruum,
382 740 424 779 nec
433 732 509 793 potest
518 742 568 780 esse
582 741 701 793 processus
712 732 798 780 nature
810 730 835 780 iu

45 799 165 859 intuitum,
182 812 276 851 necesse
291 803 325 850 est
335 802 454 865 pertenire
465 802 493 852 ad
504 801 602 865 anquam
615 800 717 850 ultimam
729 800 834 865 formam,

45 884 69 919 ex
78 885 121 935 qua
134 875 236 923 sumatur
245 872 370 923 differentia
383 873 501 937 specifica,
512 876 564 937 post
574 884 641 936 qaam
653 872 696 921 aiia
709 871 835 921 differentia

46 942 144 1004 specifica
157 956 207 994 esse
222 957 268 994 non
284 945 365 1009 possit.
380 946 409 995 Et
424 944 478 994 iude
491 948 528 994 est
545 943 606 1009 quod
621 943 645 992 in
662 944 730 993 rebus
743 947 834 992 natura·

44 1013 97 1064 tihus
110 1014 132 1063 id
144 1016 204 1078 quud
214 1019 251 1066 εει
265 1017 369 1067 accidens
382 1016 448 1067 alicui
459 1014 492 1067 rei
502 1028 548 1067 nun
563 1019 640 1080 potest
650 1014 724 1079 accipi
735 1017 761 1063 ut
771 1015 837 1065 utno-

44 1085 112 1135 rcntia
133 1086 275 1139 constituens
293 1088 402 1152 speciem.
424 1089 466 1139 Sed
485 1102 605 1152 processus
624 1087 719 1140 rationis
736 1100 783 1139 non
800 1091 835 1137 est

44 1157 204 1209 determinatus
216 1160 244 1209 ad
253 1158 337 1223 aliquid
351 1174 435 1223 mum,
449 1160 492 1210 sed
507 1160 609 1223 quotibet
622 1161 675 1209 dato
685 1162 762 1223 potest
777 1160 836 1209 uita-

42 1229 86 1278 rius
100 1231 231 1294 procedere.
242 1232 270 1281 m
282 1230 331 1282 ideo
342 1232 401 1295 quod
413 1230 438 1281 in
454 1234 508 1280 actu
520 1243 567 1281 uno
580 1229 687 1294 accipitur
698 1234 724 1279 ut
737 1231 836 1279 circum·

42 1302 122 1351 smntia
137 1302 280 1366 superaddita
300 1302 389 1367 diiecto
407 1305 465 1367 quod
485 1301 620 1352 determinat
638 1301 739 1364 speeiem
757 1303 835 1363 actus,

43 1377 115 1436 potest
129 1373 212 1425 iterum
227 1375 298 1439 accipi
308 1374 321 1425 ta
332 1376 417 1426 ratione
427 1375 545 1425 animante
554 1378 582 1423 ut
593 1373 723 1438 principalis
736 1372 837 1423 conditio

41 1445 122 1509 objecti
141 1446 311 1500 determinantia
337 1448 438 1511 speciem
458 1450 524 1497 actus
541 1445 621 1495 :sicut
640 1444 719 1496 totiera
737 1444 837 1494 alienum

42 1519 106 1569 trahet
122 1518 222 1583 speciem
240 1530 269 1570 ex
285 1518 371 1569 ratione
387 1518 467 1579 alieni,
477 1532 508 1569 en
524 1520 568 1567 troc
578 1516 639 1567 enim
654 1515 797 1567 constituitur
812 1515 837 1565 in

41 1590 116 1652 specie
135 1590 204 1655 turti;
219 1593 242 1640 ει
259 1590 278 1641 si
293 1590 447 1641 consideretur
460 1602 529 1655 super
538 1592 590 1640 ‚hoc
601 1588 660 1640 ratio
673 1588 717 1638 iaci
730 1586 767 1640 rei
779 1589 838 1638 tem-

41 1663 115 1727 poris,
137 1676 162 1713 sc
185 1662 278 1713 habebit
300 1663 322 1712 in
346 1664 432 1713 ratione
450 1661 631 1713 circumstantie.
649 1661 694 1711 Sed
710 1658 763 1724 qua
780 1657 838 1710 ratio

39 1737 105 1783 otiam
126 1734 154 1785 de
170 1734 220 1785 ioco
233 1736 271 1786 vei
283 1738 386 1800 tempore
397 1738 420 1787 et
431 1735 481 1787 aliis
494 1734 624 1798 hujusmodi
635 1733 738 1785 ordinare
752 1735 837 1797 potest,

38 1806 152 1869 contingit
164 1806 316 1858 conditionem
330 1806 374 1859 loci
384 1808 443 1858 cirea
454 1808 568 1872 objectum
583 1806 656 1872 accipi
667 1810 693 1857 nt
703 1805 838 1856 mutrariam

37 1878 110 1929 ordini
125 1878 234 1943 rationis,
248 1883 303 1944 puta
315 1880 376 1944 quod
388 1880 444 1931 ratio
460 1881 549 1931 ordinat
560 1880 669 1943 iujuriam
681 1890 728 1928 non
741 1888 792 1927 ease
803 1878 839 1925 ta·

37 1950 142 2002 ciendam
156 1951 208 2001 loco
222 1964 286 2003 sacro
298 1969 304 2001 :
317 1954 376 2003 unde
385 1952 463 2004 tollere
472 1951 557 2015 aliquid
571 1951 669 2001 alionum
680 1949 765 1998 deloco
775 1958 838 1996 sacro

38 2022 99 2071 addit
115 2023 241 2087 specialem
257 2024 429 2087 repugnantiam
449 2024 479 2073 ad
499 2023 601 2073 ordinent
618 2019 720 2071 rationis.
740 2018 770 2068 m
787 2017 838 2067 ideo

37 2094 101 2144 lucus
120 2092 162 2159 qui
175 2095 239 2158 prius
250 2094 434 2145 considerabatur
451 2096 477 2143 ut
491 2092 677 2152 circumstantia,
688 2102 750 2140 nnnc
764 2089 839 2140 conm-

36 2166 129 2216 deratnr
153 2170 180 2216 ut
192 2166 325 2231 principalis
341 2164 441 2217 conditio
456 2166 541 2231 objecti
556 2164 639 2214 rationi
657 2168 796 2226 repugnans.
811 2160 840 2209 nt

35 2251 72 2299 per
93 2239 160 2287 hunc
182 2238 272 2288 modum
295 2239 480 2302 quandocumque
502 2237 578 2300 aliqua
594 2232 764 2286 ursmarum
792 2244 840 2283 res·

34 2309 87 2371 picit
102 2308 230 2374 speciatam
245 2310 347 2361 ordinum
361 2309 455 2361 rationis
465 2310 504 2360 uei
518 2317 568 2373 pro
584 2308 622 2358 rel
634 2307 737 2365 contro,
751 2307 840 2370 oportet

31 2382 90 2441 puod
116 2381 292 2433 circumstantia
306 2384 344 2433 det
363 2383 462 2447 speciem
482 2380 543 2432 actui
564 2379 643 2431 morali
662 2378 700 2429 roi
723 2377 784 2429 nouo
802 2378 840 2429 ret

32 2454 103 2504 stralo.

62 2526 97 2575 nd
112 2526 217 2590 primum
235 2539 289 2590 ergo
305 2525 440 2589 dicendum,
457 2522 518 2590 qudd
534 2520 703 2575 circumstantia
715 2518 840 2573 recunditur

30 2599 92 2657 cpuocl
108 2598 151 2649 dat
165 2596 266 2662 speciem
281 2599 341 2649 actui
358 2598 512 2649 consideratur
525 2600 552 2646 ut
570 2596 674 2659 quasdam
686 2594 785 2646 conditio
800 2592 841 2642 ob·

29 2668 88 2728 vjecti
106 2670 181 2733 (aiom
195 2670 281 2720 dictum
295 2670 355 2734 ast),
367 2673 390 2720 at
402 2668 468 2733 quasi
480 2669 584 2733 quadum
598 2667 702 2731 speciiica
715 2661 841 2715 differentia

32 2753 94 2800 epus,

64 2814 102 2863 Ad
115 2812 246 2865 mcuudurn
261 2812 394 2874 dicendum,
407 2809 468 2875 quod
481 2810 652 2861 circumstantia
664 2819 758 2859 manans
770 2805 794 2854 ia
806 2818 842 2856 ra·

34 2883 98 2940 tione
111 2882 309 2951 circumstantie,
324 2895 376 2937 cunr
391 2884 473 2936 hatrat
485 2882 598 2937 atonem
612 2876 737 2934 εεειιεειιε
748 2888 794 2930 non
804 2876 842 2928 dat
