1984 3309
132 156 166 193 nn
179 156 219 191 ms
235 155 290 199 nnn
303 156 436 194 cnunnnnnn
450 159 483 194 un
495 158 595 197 numne.
613 160 710 209 unumne,
725 162 777 199 mc.
811 152 858 199 15⁵

78 232 102 281 t.
113 230 247 294 Praene,
258 233 367 282 memorie
376 238 413 283 est
423 234 524 297 petentia
533 234 615 287 animm
626 237 742 287 sensitivce
751 272 758 295 ‚
768 242 793 287 ut
805 238 859 288 Phi·

46 301 157 365 tuscphus
171 304 255 367 prebat
265 305 303 367 (1)
314 321 321 351 ι
332 306 377 355 ced
396 306 503 355 memoria
515 312 594 357 manet
610 308 635 357 in
647 308 722 359 anima
737 314 855 374 cenante,

47 373 130 425 dicitur
143 375 210 425 enim
222 376 296 427 Luc„
314 376 381 436 XVI,
394 375 468 425 diuiti.
479 377 574 439 epuluni
589 378 614 427 in
630 379 721 429 interno
732 380 857 431 secundum

48 445 145 495 animam
159 447 275 496 existenti
292 464 299 492 ε
315 464 331 494 u
349 447 476 497 Recordare
493 448 547 511 quia
567 450 674 514 recepisti
692 452 751 500 nunu
766 451 791 501 in
810 451 859 501 uita

48 520 92 565 ιιι.
107 534 122 563 ιι
141 520 206 582 Ergo
220 518 332 568 memoria
346 522 423 568 manet
436 518 459 567 in
475 520 549 569 anima
564 525 677 585 separatu,
689 526 712 572 et
726 536 767 587 pcc
777 537 858 573 cunse-

48 601 118 648 quens
128 588 184 641 clim
199 590 312 654 potentie
323 590 442 641 sensitivae
459 592 542 655 partis..

78 664 99 709 5.
111 660 245 724 preterea,
255 662 364 724 gaudium
375 665 399 711 et
411 661 504 711 tristitia
516 664 604 713 suntin
614 665 793 728 concupiscibili,
802 680 853 729 qum

50 734 82 777 cst
94 734 203 794 petentia
221 732 341 783 sensitivae
360 734 441 797 unctis.
459 734 603 785 Manifestum
620 739 656 785 est
675 740 752 787 aciem
770 738 859 789 unimus

50 809 160 862 separans
171 803 265 853 tristari
273 808 298 853 et
308 806 416 867 gaudere,
424 805 452 854 de
461 806 561 867 premiis
570 806 606 856 vel
614 808 751 871 pmnisquus
762 810 855 859 hubent.

50 872 103 934 Ergo
115 876 153 925 uis
165 876 354 940 concupiscibilis
365 880 445 937 ⁴memet
457 877 482 931 iu
497 878 573 927 anima
587 882 704 942 sennan„

79 950 101 993 6.
122 948 255 1009 Pmtema,
278 946 418 1014 Augustinus
440 948 495 997 dicit
512 950 551 998 XII
570 951 653 1013 Super
674 957 731 999 Gen.
752 950 788 1000 ud
810 951 853 1002 lit.

54 1016 114 1078 (can.
125 1017 181 1083 m),
196 1017 261 1082 quid
273 1036 287 1066 c
300 1019 361 1069 sicut
377 1019 464 1080 anima,
476 1033 527 1069 cum
541 1035 622 1085 corpus
635 1022 699 1085 jacet
712 1022 762 1073 sine
776 1035 855 1086 sensu,

54 1087 146 1139 noudum
159 1090 257 1154 penitus
271 1093 403 1152 mortuum,
418 1090 483 1141 uidet
493 1092 596 1155 quiedam
613 1094 736 1143 secundum
747 1094 856 1155 imagina-

53 1157 119 1209 tiu-un
128 1162 259 1224 cisionem3
271 1162 305 1211 itu
315 1160 368 1211 cium
378 1162 448 1214 tuerit
458 1162 471 1211 i
480 1176 573 1225 cernere
584 1163 675 1227 penitus
688 1168 793 1227 separatu
804 1168 856 1228 pest

53 1236 179 1283 neutum.»
195 1234 242 1284 Sed
258 1233 395 1296 imaginatio
409 1238 446 1284 est
456 1234 556 1297 petentia
570 1232 686 1285 sensitiuae
699 1236 779 1299 puetis.
795 1236 855 1298 nugo

51 1305 143 1362 putentia
154 1306 279 1358 sensitivae
290 1305 362 1367 nantis
371 1308 448 1358 manet
458 1305 483 1355 in
496 1306 572 1355 anima
583 1310 701 1370 separatu,
712 1309 736 1357 et
745 1320 786 1370 per
799 1319 855 1357 cnu-

52 1388 143 1435 sequens
153 1391 239 1428 omnes
257 1376 308 1427 alim
322 1376 439 1439 potentin.

81 1447 122 1495 sed
130 1454 212 1498 centra
221 1453 274 1510 est,
286 1446 347 1511 qued
357 1447 440 1497 dicitur
451 1446 524 1498 inlib.
539 1450 573 1497 De
582 1446 665 1497 eccles.
679 1447 765 1512 dcem.
777 1465 785 1497 :
796 1466 810 1495 u
819 1447 854 1499 Eu

55 1516 133 1567 duabus
145 1525 240 1570 tantum
255 1519 394 1569 substantiis
410 1523 498 1569 cunstat
511 1520 581 1570 homo
592 1556 599 1581 ,
612 1518 688 1569 anima
700 1532 752 1569 cum
767 1518 854 1569 untione

56 1594 214 1648 suu‚etcurne
225 1605 280 1641 eum
292 1590 398 1644 sensibus
409 1590 464 1641 suis.
474 1591 572 1654 ιιΕιςο,
586 1592 700 1641 destructi
714 1603 798 1654 carne,
811 1602 853 1655 pc-

53 1660 123 1711 teutiae
134 1663 257 1715 sensitiva}
273 1675 319 1715 non
331 1664 434 1711 manent.

80 1730 235 1791 (Genuunsue.
243 1759 276 1769 -
284 1734 343 1782 Cum
353 1731 461 1795 potentie
471 1731 554 1782 animm
566 1733 613 1781 sint
622 1732 746 1781 accidentia
758 1732 850 1795 animm,

52 1803 85 1850 ml
102 1806 168 1856 tutius
182 1805 307 1869 compositi
324 1818 356 1855 ex
371 1804 445 1854 anima
464 1808 487 1855 et
505 1814 614 1867 ccipere,
628 1802 673 1853 itlae
690 1816 741 1866 qum
757 1808 810 1853 suut
826 1803 852 1853 iu
918 1808 925 1821 ”

52 1875 119 1926 anima
131 1882 156 1927 ut
171 1878 198 1928 in
213 1877 335 1940 subjecte,
355 1880 461 1939 corrupto
475 1889 568 1941 cernone
587 1876 612 1924 in
625 1875 700 1925 anima
717 1878 849 1938 remanent3

52 1960 95 2007 que
104 1948 156 1999 vent
165 1950 240 2000 tetius
250 1947 373 2013 compositi
383 1952 446 2002 sunt,
456 1961 503 1998 unu
514 1952 632 1998 remanent
641 1950 747 2010 corrupte
756 1959 851 2010 cucpnne

51 2017 92 2066 nisi
102 2020 196 2070 virtute.

78 2021 213 2155 Responde&
227 2091 360 2152 dicendum,
373 2090 433 2154 quud
443 2088 556 2155 sicutjum
567 2090 653 2141 dictum
666 2092 702 2139 est
719 2089 786 2153 (unte
797 2090 820 2139 et
827 2088 849 2152 t)

51 2173 124 2211 omncs
134 2162 247 2226 potentin
263 2162 346 2212 animm
359 2164 518 2225 comparantur
528 2162 554 2210 ud
571 2160 668 2211 unimam
685 2159 767 2217 sclam,
786 2160 847 2209 sicut
932 2220 936 2228 ι

52 2233 76 2279 nd
87 2232 239 2297 principium
251 2234 292 2282 sed
302 2233 406 2296 quedem
419 2231 528 2295 putentiae
541 2236 698 2299 comparantur
712 2230 740 2280 ed
752 2229 852 2281 animem

53 2304 117 2352 mium
123 2341 131 2367 ,
141 2305 202 2354 sicut
209 2306 238 2354 nd
253 2304 394 2367 subjectum,
404 2308 429 2351 ut
439 2302 568 2353 intellectus
579 2308 602 2352 et
611 2303 729 2352 uoluntas:
740 2306 763 2352 ct
772 2300 853 2365 hujus-

53 2376 110 2423 nudi
117 2376 228 2439 putentiae
239 2389 334 2426 neccsse
344 2378 380 2425 est
388 2374 449 2437 quid
462 2377 568 2425 maneant
580 2375 604 2423 iu
616 2373 690 2423 anima
699 2386 791 2436 corpure
801 2373 854 2423 dee-

52 2450 127 2497 uucm.
139 2449 254 2507 Quaedam
269 2447 325 2497 vern
336 2445 446 2509 potentiue
459 2445 549 2495 suntin
562 2446 684 2510 conjuncto
695 2446 755 2495 nicut
765 2445 789 2494 in
800 2445 853 2495 suu

51 2517 122 2578 jectu,
133 2519 194 2569 sicut
210 2532 293 2569 omues
313 2518 426 2581 potentin
446 2517 562 2567 sensitivae
583 2516 671 2580 nantis,
686 2520 713 2567 et
726 2516 851 2567 nutritium.

55 2589 164 2639 Destructc
177 2595 256 2639 antem
273 2590 379 2653 subjectu
392 2602 438 2637 nun
452 2592 526 2651 petest
538 2588 642 2639 accidens
653 2600 782 2649 remanere3
792 2588 854 2637 unde

56 2666 152 2725 corrupto
165 2663 291 2726 conjunctu
306 2673 354 2711 non
371 2665 466 2709 manent
478 2660 609 2723 hujusmodi
619 2659 725 2723 potentin
739 2662 801 2721 actu,
812 2660 854 2709 sed

58 2733 130 2783 uirtute
142 2738 236 2784 tantum
249 2738 343 2783 manent
352 2732 379 2782 in
391 2731 479 2794 anima,
489 2731 548 2781 sicut
556 2732 580 2781 in
591 2731 701 2794 principio
714 2732 752 2781 vet
765 2730 851 2781 radice.

85 2877 115 2939 (t)
129 2880 244 2925 Nimirum
256 2880 300 2925 uu.
312 2878 348 2923 De
356 2879 475 2923 mein
485 2881 507 2923 et
518 2877 709 2924 reminiscentia.
