1984 3309
167 186 214 233 aaa
356 194 416 234 raus
427 196 450 246 ι,
464 190 556 241 onmem.
565 194 668 245 'oman
683 194 739 233 aur.
754 196 781 233 rr.

466 350 626 404 aamcoltts
642 350 671 402 ll.

184 478 268 525 ιιιιιιιιι
277 479 388 524 munuca·
397 490 427 523 en
435 478 576 523 munitm
584 478 666 523 omnia
675 476 733 523 vetit
744 489 886 535 quocunque
894 476 950 521 ιιιιι.

200 598 232 646 ιιι
250 597 375 647 secundnm
395 596 429 646 sle
441 579 578 660 proceditur.
591 595 686 646 Videtur
699 594 760 659 quod
775 596 877 647 uoluntas
887 609 916 646 ex
928 608 961 643 ne-

168 667 274 719 cessitate
284 668 358 718 omnia
368 667 423 718 uelit
433 680 584 731 quacumque
594 666 651 717 vult.
658 666 718 718 llicit
727 667 789 719 enirn
800 666 920 731 Dionysius
927 664 962 729 ιιι,

169 740 207 791 lv.
227 740 263 790 De
278 740 332 789 diu.
349 740 437 801 Nom„
450 738 510 805 qrrod
523 739 632 788 «malum
648 742 684 791 est
696 743 779 803 praeter
795 741 941 791 uoluntatem.
952 752 963 782 a

170 812 206 863 Ex
216 812 351 863 necessitate
364 826 419 876 ergo
432 814 537 863 uoluntas
549 812 622 862 tendit
634 811 659 862 in
669 812 754 862 bonurn
768 812 813 863 silui
823 811 963 877 propositum.

202 888 226 933 ι.
236 885 365 945 Praeterea,
376 882 491 947 objectum
503 882 628 934 voluntatis
642 886 786 949 comparatur
796 886 822 935 ad
834 883 906 949 ipsam
915 882 966 933 sicut

170 968 268 1006 movens
284 955 312 1005 ad
330 955 422 1007 mobile.
438 956 483 1007 Sed
499 959 574 1006 motus
585 954 674 1006 mobilis
688 953 816 1006 necessario
828 954 965 1017 consequitur

171 1040 201 1078 en
211 1031 328 1078 movente
346 1028 404 1091 Ergo
414 1027 504 1080 ridetur
519 1043 550 1093 qu
551 1026 705 1092 odobjcctum
717 1027 838 1079 uoluntatis
851 1040 880 1077 ex
891 1037 965 1077 neces·

171 1098 239 1149 sitate
250 1098 361 1149 moreat
354 1112 439 1162 ipsam.

204 1170 457 1234 cartennensium
481 1172 650 1236 apprehensum
673 1173 798 1243 secunlum
820 1184 911 1225 sensam
935 1168 966 1215 tsi

171 1244 287 1308 objectum
297 1243 412 1307 appetitis
422 1243 534 1309 sensifiri,
544 1244 575 1298 ita
588 1244 756 1325 apprehensum
768 1233 891 1295 secuudum
904 1237 965 1290 intel-

171 1315 255 1370 lectum
266 1318 302 1367 est
310 1315 423 1380 objectum
430 1313 538 1367 intellect'
522 1320 565 1365 trvr
558 1315 697 1380 appetitus,
708 1314 747 1378 qui
758 1315 841 1367 dicitur
847 1312 964 1365 coluntur

172 1386 395 1452 Sedapprelrensum
403 1386 812 1438 secundumconsumenuecessitate
820 1389 967 1448 movetappe·

172 1457 238 1509 titum
262 1458 405 1511 sensitirnm.
425 1458 484 1508 llicit
502 1458 563 1509 enim
583 1458 737 1522 Augustinus,
755 1458 838 1523 Super
858 1456 918 1507 Gerr.
939 1450 967 1501 ιι

172 1531 214 1584 tu
209 1570 227 1596 ,
238 1534 298 1596 qnod
312 1550 326 1581 ιι
336 1531 443 1583 animalia
456 1536 577 1583 mouentur
585 1530 650 1581 risis.
664 1546 678 1577 u
689 1532 747 1595 Ergo
758 1528 849 1583 uidetur
861 1528 962 1599 quoda
939 1539 970 1588 ap·

172 1605 311 1667 prehensum
330 1601 479 1655 secundnm
473 1606 508 1653 mt
497 1602 614 1655 tellectum
630 1616 659 1653 cx
676 1603 814 1655 necessitate
826 1604 967 1655 morerere

173 1674 295 1725 luntetem.

207 1746 253 1796 Sel
262 1748 341 1796 contra
354 1749 390 1797 est
396 1744 477 1809 ,quod
487 1744 627 1809 Augustinus
638 1744 706 1810 dicit,
720 1744 782 1810 qutd
797 1746 925 1798 «uoluntas
937 1742 975 1811 est}

175 1829 219 1880 qna
233 1820 340 1880 peccatur
352 1820 376 1867 et
389 1815 450 1867 recte
463 1816 557 1867 uiuitur.
576 1835 589 1867 u
604 1817 664 1868 Et
647 1832 679 1868 ιιι
693 1832 717 1869 se
731 1818 803 1869 hahet
818 1818 847 1869 ad
860 1814 966 1883 opposita

176 1890 226 1939 Non
240 1902 294 1952 ergo
307 1903 337 1940 ex
349 1889 485 1951 necessitate
497 1890 547 1940 vult
560 1902 708 1957 quecumque
718 1890 776 1939 vult.

210 1960 371 2023 (Conclusio.
382 1989 413 1999 -
421 1962 478 2012 Sunt
486 1962 630 2025 particularia
638 1962 742 2025 medan
751 1961 811 2013 bona
816 2000 826 2027 ,
839 1962 888 2013 sine
896 1958 975 2026 quinia

177 2032 246 2094 lromo
255 2033 335 2084 beatus
348 2047 398 2085 esse
406 2037 497 2098 potest,
510 2030 608 2103 ideoque
623 2034 728 2084 uoluntas
741 2046 789 2085 non
800 2046 829 2085 ex
840 2030 968 2085 necessitate

178 2104 216 2155 illa
227 2105 287 2170 vult;
303 2106 364 2156 sicut
376 2105 505 2155 intellectus
519 2118 547 2155 ex
560 2103 695 2155 necessitate
707 2118 754 2155 non
766 2104 864 2157 assentit
881 2104 910 2155 iis
924 2110 975 2171 que¹

179 2190 224 2227 non
237 2178 323 2228 hahent
334 2176 485 2227 necessariam
496 2176 525 2226 ad
534 2174 606 2239 prima
614 2174 727 2240 principia
739 2174 930 2239 connexionem.)

210 2249 345 2311 Respondeo
357 2248 486 2311 dicendum,
499 2247 557 2311 quod
569 2247 674 2297 voluntas
684 2260 730 2297 non
743 2262 771 2298 ex
780 2249 919 2299 necessitate
928 2240 971 2294 uult

179 2320 390 2399 quecumquerult.
401 2320 509 2382 ldcruas
520 2318 659 2369 euidentiam
669 2318 909 2381 considerandumest
920 2309 972 2381 qaod

180 2387 240 2440 sicut
252 2390 382 2441 intellectus
392 2389 540 2454 naturaliter,
555 2394 578 2441 et
591 2402 621 2440 ex
636 2390 773 2441 necessitate
790 2390 886 2443 inheret
900 2384 975 2455 prinis}

180 2460 312 2525 principiis,
323 2463 356 2511 ita
370 2463 476 2511 uoluntas
486 2461 630 2523 ιιιιιιιιοιιιιι,
641 2463 684 2512 ut'
676 2474 723 2527 Janr
736 2462 821 2513 dictum
833 2466 869 2513 est
885 2462 935 2527 (art
944 2454 975 2519 ιι

180 2532 239 2581 Sunt
249 2535 324 2583 autem
333 2533 439 2614 quaedam
448 2530 600 2615 intelligibilia
610 2546 660 2595 que
671 2542 718 2583 non
730 2534 815 2585 hahent
828 2531 975 2611 necessariam

181 2604 345 2654 connexionem
358 2606 385 2655 ad
399 2604 471 2669 prima
487 2604 613 2669 principia,
632 2604 691 2657 sicut
709 2606 868 2671 contingentes
878 2612 975 2677 proposui

974 2632 975 2723 ι

215 2729 248 2795 (ιι
266 2730 324 2793 ῐιις
345 2732 388 2792 32,
407 2734 484 2780 uidere
507 2738 555 2791 est,
572 2732 642 2781 ubi
625 2750 691 2803 παρα
705 2732 811 2797 ficulneae
826 2734 898 2793 grece
915 2718 975 2791 quasi}

180 2810 270 2865 proter
283 2804 438 2851 deliberatam
449 2805 611 2857 voluntatem
628 2807 683 2860 quia
693 2806 801 2850 nimirum
816 2819 885 2853 nemo
897 2806 969 2849 inleu-

183 2871 241 2915 (ιιι-ι
255 2870 347 2914 matrem
361 2871 478 2927 operetur
491 2880 519 2913 eu
538 2866 678 2926 eumfacit,
697 2876 723 2914 ut
738 2869 823 2915 ibidem
838 2870 906 2916 etiam
922 2874 971 2925 pra·

184 2934 289 2978 mittitur.
