1984 3309
232 218 264 257 un
280 218 422 259 mntem
438 218 522 259 sama
537 218 673 260 nmen.
808 208 854 255 m

55 296 140 362 speeies
155 295 314 359 intelligibiles
328 297 367 351 lde
378 296 499 363 amanites
512 297 589 353 minna
608 298 713 361 uparala
724 294 854 360 intelligere

82 448 105 495 3.
119 444 244 505 Ptolemae,
258 440 409 506 Philosophus
421 441 478 493 dicit
490 441 515 492 in
525 442 555 501 ll,
566 440 650 493 little.
666 440 751 505 «quod
761 441 854 495 nantem

53 514 136 565 similes
147 516 214 565 aetus
225 512 323 563 reddunt
335 512 424 563 actibus
436 526 476 578 per
489 526 546 577 ques
555 512 709 577 acquiruntur.
724 529 738 559 »
754 514 798 563 Sed
811 514 851 562 lte-

53 586 111 637 hitus
123 584 227 636 scientia
246 583 284 635 hic
297 583 420 649 ecpiriritur
431 597 473 649 per
485 587 551 637 actus
561 583 689 636 intellectis
700 583 854 634 couvertentis

52 670 74 707 ee
92 670 162 721 supra
179 657 349 720 phantasmata.
364 657 423 721 Ergo
441 670 487 708 nen
504 661 577 721 potest
593 657 650 708 alios
667 660 730 707 actua
748 657 852 707 reddere.

52 729 95 779 Sed
110 730 168 779 tales
180 732 247 779 actus
262 740 309 777 non
323 732 455 793 competunt
469 729 551 779 anime
570 733 688 792 separatur.
702 730 762 792 Ergo
776 728 853 778 anima

52 804 151 863 separata
165 812 213 850 non
226 799 321 849 habehit
334 800 431 865 aliquem
444 802 520 849 actum
530 799 630 851 scientie
645 800 683 850 hle
695 800 820 865 aequisita.

81 871 125 923 Sed
136 874 215 923 eontra
227 873 277 931 eet,
295 871 355 934 quud
370 872 440 928 Luc..
455 872 519 935 xvl,
530 870 613 927 dicitur
625 872 653 921 ad
668 871 763 924 diuitem
776 871 802 922 in
819 871 854 921 iu·

56 942 117 993 terno
130 942 234 1007 positum
246 956 252 991 :
262 958 276 988 u
286 942 411 996 Recordare
424 942 477 1007 quia
490 942 598 1006 recepisti
610 942 670 993 bona
681 942 706 993 in
716 943 764 993 uita
777 948 826 993 tua.
838 960 852 989 u

89 1012 347 1079 (cormeum-cum
360 1014 449 1079 species
461 1013 613 1077 intelligibiles
625 1018 732 1065 maneant
742 1014 766 1065 iu
777 1015 854 1065 anima

58 1089 166 1151 separatu,
175 1090 251 1139 mutus
261 1088 338 1137 autem
349 1085 430 1137 anima
438 1090 549 1150 separatae
558 1099 604 1136 nou
612 1086 641 1137 sit
648 1085 709 1136 idem
721 1086 778 1137 sicut
785 1088 853 1138 homo

55 1162 100 1221 est,
114 1158 237 1209 dicendum
258 1156 349 1221 quidem
368 1160 403 1207 est
425 1157 553 1211 manerein
575 1157 649 1207 anima
669 1160 771 1222 separate
790 1162 854 1209 nctus

56 1229 152 1280 scientie
168 1229 209 1279 mc
225 1227 350 1292 acquisita,
365 1228 465 1280 sednon
483 1228 608 1281 secundum
622 1230 727 1279 eumdem
739 1231 853 1289 modum.)

84 1302 219 1369 despondeo
236 1300 371 1365 dicendum,
386 1301 446 1365 qudd
469 1300 493 1351 in
511 1306 562 1353 actu
577 1305 613 1353 est
630 1302 675 1351 duo
696 1302 852 1365 considerare,

56 1374 137 1426 scilicet
152 1374 256 1441 speciem
276 1372 341 1425 aclds
359 1377 382 1424 et
402 1376 493 1425 modum
506 1374 588 1439 ipsius.
611 1375 639 1424 nt
660 1372 747 1439 species
762 1372 854 1437 quidem

54 1446 115 1497 actus
128 1446 287 1497 consideratur
298 1459 327 1495 ex
340 1446 435 1510 obiecto,
447 1446 471 1497 in
484 1447 545 1510 quod
559 1449 622 1497 acius
635 1445 795 1509 cognoscitiuae
808 1445 853 1494 uir-

54 1518 106 1569 tutis
122 1519 228 1585 dirigitur
249 1531 292 1583 per
308 1517 420 1581 speeiem,
437 1533 488 1581 quae
506 1522 542 1569 est
556 1517 641 1582 objecti
659 1516 793 1568 similitudo.
808 1517 853 1567 Sed

54 1592 131 1642 modus
147 1590 212 1643 actds
230 1592 340 1655 pensatur
354 1602 383 1639 er
400 1590 485 1643 virtute
499 1590 595 1654 agentis.
611 1589 675 1639 Sicut
692 1586 752 1651 qudd
770 1588 852 1654 aliquis

54 1662 126 1713 rideat
138 1664 255 1729 lapidem,
268 1661 379 1727 contingit
396 1675 425 1712 ex
441 1661 518 1727 specie
531 1660 674 1725 lapidisque
692 1665 728 1711 est
738 1660 760 1711 in
772 1662 853 1727 oeulo;

54 1736 91 1785 sed
100 1736 158 1801 pudd
175 1734 244 1787 acutd
258 1734 347 1795 uideat,
360 1734 472 1798 contingit
490 1748 520 1784 er
532 1735 616 1783 uirtute
628 1734 703 1783 visiun
713 1734 781 1783 oculi.
794 1734 853 1785 Cium

53 1807 119 1869 igitur
132 1809 223 1872 speeies
242 1806 396 1871 intelligibiles
410 1810 518 1857 maneant
535 1806 558 1855 in
571 1805 646 1857 anima
662 1809 781 1869 separata,
795 1807 855 1856 sicut

55 1879 135 1931 dietum
147 1884 183 1931 est
193 1880 247 1946 (art.
258 1881 292 1941 5),
303 1881 374 1930 status
385 1882 462 1929 autem
476 1878 557 1927 anime
569 1880 678 1939 separatu
689 1889 734 1925 non
749 1877 778 1927 sit
790 1877 854 1929 idem

55 1950 109 2003 sicut
124 1950 191 2002 modd
203 1954 253 2015 est,
271 1948 373 2013 sequitur
386 1948 446 2015 quod
466 1946 590 2011 secundiora
601 1947 688 2012 species
698 1947 855 2010 intelligibiles
904 1958 909 1969 ’

55 2024 90 2073 hic
102 2024 227 2089 acquisitas
242 2020 319 2074 anima
331 2025 433 2086 separata
446 2020 573 2083 intelligere
590 2017 661 2083 possit
671 2032 721 2084 que
738 2018 802 2083 pride
818 2019 855 2068 in-

55 2094 149 2159 tellexit3
161 2108 209 2146 non
221 2098 300 2144 tamen
309 2094 389 2143 eodem
401 2092 481 2153 modo,
491 2091 577 2141 scilicet
586 2102 627 2154 per
638 2088 809 2142 couversionem
823 2091 853 2141 ad

55 2168 210 2229 phantasmata
218 2203 228 2231 ,
240 2166 280 2217 sed
294 2178 334 2228 per
347 2165 438 2215 modum
449 2163 622 2215 conuenientem
638 2160 719 2226 animae
735 2164 852 2225 separatas.

55 2240 81 2288 Et
92 2239 122 2289 ita
132 2241 211 2289 manet
220 2235 313 2303 quidem
322 2236 347 2287 iu
355 2237 429 2287 anima
438 2239 540 2301 separata
549 2238 613 2285 actus
621 2231 722 2283 scientiae
729 2231 768 2295 hle
776 2232 854 2299 acqui-

54 2311 111 2375 site,
127 2312 229 2361 sednon
246 2307 371 2362 secuuddm
385 2308 489 2359 eumdem
504 2308 604 2357 modum.

85 2382 116 2433 ld
134 2383 234 2447 primum
250 2393 305 2443 erpo
319 2380 455 2440 dicendum,
471 2378 532 2443 qudd
542 2377 696 2441 Philosophus
714 2374 813 2439 loquitur
826 2378 854 2427 do

56 2448 371 2514 u·eminiscentia,secundi1m
381 2450 441 2515 qudd
450 2449 558 2501 memorie
565 2446 663 2513 pertinet
671 2448 700 2497 ad
708 2450 795 2511 purtem
803 2462 855 2499 sen·

55 2524 152 2585 sitirem,
165 2538 213 2577 non
226 2527 304 2575 autem
318 2521 440 2573 secunddm
454 2522 514 2586 qudd
529 2520 636 2579 memoria
648 2523 683 2569 est
692 2521 855 2584 quodammodo
870 2520 873 2528 '

55 2597 77 2646 iu
90 2596 216 2659 intellectu,
231 2600 257 2646 ut
271 2594 400 2645 dictumest
416 2598 470 2659 (qu.
482 2599 521 2657 79,
534 2595 577 2643 art.
588 2594 629 2654 6).

84 2671 115 2721 td
128 2668 254 2720 secuudum
272 2666 405 2727 dicendum,
420 2665 480 2731 quod
498 2665 602 2715 diuersus
617 2663 697 2713 modus
713 2662 855 2728 intelligendi

56 2756 97 2793 non
115 2738 222 2807 prouenit
243 2753 272 2790 ex
286 2736 417 2791 diuersitate
435 2736 576 2803 specierum,
594 2737 634 2787 sed
649 2748 679 2786 er
692 2736 781 2787 diverso
795 2740 856 2788 statu

57 2813 132 2865 auimo
144 2810 304 2875 intelligentie.
693 2808 696 2814 '

87 2887 117 2937 lld
130 2884 224 2938 tertium
239 2881 448 2946 dicendum,un
467 2885 531 2931 actus
546 2893 587 2943 per
603 2894 660 2944 quos
673 2880 797 2944 aequiritur
815 2881 856 2929 ha·

60 2957 128 3023 bitus,
141 2960 196 3009 sunl
213 2954 303 3011 etentes
312 2954 400 3007 acubus
413 2967 471 3024 quoe
482 2951 576 3008 totus
585 2957 693 3019 canunt,
706 2955 816 3019 quantum
827 2951 855 3001 ad
