1984 3309
314 165 372 212 oum
386 167 424 207 επ
439 167 582 208 mittum.
802 161 848 209 688

52 245 165 296 metiendo
174 246 275 297 hominis
284 246 387 297 mesistit
403 245 555 296 essentialiter
566 244 590 294 iu
603 244 763 309 conjunctione
773 245 848 312 ipsius

51 321 77 367 nd
93 318 179 368 bonum
189 317 314 368 increatum
321 355 330 381 ,
343 318 405 382 quod
416 319 452 367 est
468 315 560 367 ultimus
570 316 631 378 linis,
646 321 672 368 nt
686 318 754 383 suprd
767 322 847 370 osteu-

51 403 97 438 sum
111 394 147 440 est
164 389 225 454 (art.
238 389 284 454 1),
295 389 332 440 cui
350 390 419 440 tiemo
437 388 545 452 mnjunnl
558 402 603 439 nou
620 392 696 454 potest
715 404 849 455 persensus

52 461 213 523 operationem.
231 461 341 512 Similiter
359 461 512 525 etiamque
534 465 653 514 ostensum
677 466 713 514 cst
733 463 791 530 (ptr.
819 467 847 528 t,

51 539 90 582 art.
103 531 136 596 5)
142 570 151 596 ,
165 532 355 597 incorporalibus
363 533 430 585 bonis
440 533 555 584 beatitudo
565 533 664 584 hominis
675 547 721 586 non
732 535 847 600 consistit,

51 620 96 668 pua
114 609 193 655 umen
212 606 259 655 sota
276 619 317 670 per
331 619 411 656 seusus
424 605 580 668 operationem
593 605 734 669 attingimus.
746 609 850 658 Possunt

52 682 123 727 anum
138 675 285 741 operationes
302 690 382 728 sensus
401 677 517 740 pertinere
533 677 561 726 ad
574 676 736 730 beatitudinem
756 683 848 730 admoe-

51 750 127 799 dcnter
150 753 176 799 et
196 753 384 812 commender:
406 747 578 798 antecedenter
599 748 704 812 quidem,
724 749 848 803 secundirm

50 820 211 870 beatitudinem
225 821 393 884 imperfectam,
405 820 478 884 qualis
494 819 519 869 in
532 821 639 884 prasenti
653 820 700 872 rita
713 821 792 873 haberi
805 837 846 888 po-

50 896 102 955 test;
118 903 173 942 nam
191 891 294 956 operatio
309 891 438 944 intellectus
451 891 570 956 prestigii
585 892 740 956 operationem
754 907 844 945 seusus.

51 965 231 1029 Consequenter
239 968 329 1027 anum,
340 964 366 1015 in
376 964 416 1015 illa
428 964 529 1028 perlecta
544 964 685 1016 heatitudine
696 978 747 1030 quae
759 979 844 1031 espec·

51 1041 107 1086 tatur
122 1036 147 1086 iu
161 1037 236 1099 conlo3
250 1036 304 1100 quia
313 1039 365 1100 post
377 1037 583 1100 resurrectionem,
598 1050 627 1087 ex
643 1036 692 1102 ipsa
705 1037 844 1090 taadtudinc

51 1110 176 1169 animer,nt
188 1109 327 1172 Augustinus
339 1107 396 1158 dicit
405 1106 431 1158 in
441 1108 525 1172 Epist.
536 1109 572 1159 ed
585 1110 734 1160 dioscorum
746 1110 791 1174 (l),
806 1110 845 1161 liet

51 1183 149 1241 ormam
156 1180 278 1231 minentis
285 1179 311 1229 in
321 1193 403 1244 corpus
413 1183 437 1230 et
448 1179 473 1228 in
488 1193 568 1230 seusus
579 1193 712 1245 murcos,
721 1184 747 1230 nt
759 1180 784 1231 iu
795 1181 844 1232 suis

51 1252 218 1314 operationibus
237 1251 396 1315 perfluantur,
415 1255 441 1300 ut
461 1251 521 1300 iniri
539 1251 610 1314 magis
629 1251 730 1315 patebit,
749 1251 800 1302 cirin
815 1253 845 1302 de

50 1324 213 1375 rmenectione
225 1327 312 1387 meter.
327 1323 377 1374 Nou
389 1325 466 1374 numm
478 1325 533 1372 tnnc
546 1321 646 1386 operatio
658 1335 702 1386 qua
721 1336 787 1374 mens
802 1325 846 1373 lirr-

52 1409 114 1445 nnana
129 1397 177 1446 lieo
196 1396 357 1460 conjungitur,
372 1394 467 1445 tsensu
479 1392 623 1458 dependabit.

80 1470 112 1518 ltd
127 1467 228 1532 primum
241 1481 295 1530 ergo
308 1467 443 1530 dicendum,
454 1464 516 1530 pudd
533 1463 632 1529 objectio
646 1464 684 1514 illa
694 1466 774 1530 probat
786 1465 846 1530 qnid

53 1540 152 1602 operatio
169 1553 252 1592 sensns
267 1539 390 1602 requiritur
402 1537 564 1588 antecedenter
577 1537 606 1586 ad
620 1536 784 1588 beatitudiuem
800 1536 847 1587 im-

53 1613 185 1675 perfectam,
199 1611 273 1675 qualis
283 1611 308 1662 iu
320 1612 364 1661 liae
375 1610 425 1661 nita
438 1609 517 1660 haberi
530 1611 612 1674 potest.

80 1685 111 1733 dd
129 1685 255 1734 secundum
272 1683 407 1745 dicendum,
418 1679 478 1745 quid
498 1681 611 1732 lenitudo
628 1679 743 1746 perlecta,
757 1681 845 1744 qualem

53 1755 123 1817 angeli
142 1756 241 1818 uatem,
255 1755 324 1805 tabet
338 1753 537 1816 magistrationem
557 1753 657 1804 omnium
675 1753 785 1804 honorum
806 1766 847 1816 per

53 1832 231 1893 sejunctionem
244 1829 273 1880 ad
285 1829 437 1880 universalem
453 1829 540 1879 toutem
556 1827 626 1878 totius
641 1827 709 1891 boui,
722 1839 769 1878 uon
784 1825 843 1890 qnid

53 1900 149 1964 indigeat
161 1902 256 1966 singulis
271 1900 444 1966 particularibus
461 1900 536 1951 benis.
552 1899 596 1952 Sed
609 1900 634 1950 in
648 1901 692 1950 trac
704 1897 844 1950 beatitudine

55 1974 181 2037 inperfecta
202 1973 323 2037 requiritur
342 1972 488 2037 congregatio
506 1973 615 2024 tonorum
639 1969 800 2021 sufficientium
818 1969 846 2018 ad

55 2045 238 2104 pedectissiuam
251 2044 406 2110 operationem
419 2044 489 2108 liujus
504 2045 565 2094 nite.

82 2119 113 2166 ild
123 2119 216 2168 tertium
225 2117 354 2179 doendrtm,
364 2115 425 2180 prol
435 2117 460 2166 iu
471 2115 572 2181 perlecta
583 2113 721 2165 tentitudine
732 2112 848 2176 perficitur

57 2191 110 2239 totns
125 2191 209 2253 homo,
224 2190 264 2240 sed
280 2189 306 2239 in
323 2188 426 2240 interiori
439 2191 503 2252 parte
515 2200 555 2251 per
568 2184 740 2236 redundantiam
753 2182 767 2234 d
778 2195 847 2247 supe·

57 2260 118 2325 riori,
131 2262 157 2311 in
169 2261 308 2313 beatitudine
322 2264 398 2311 autem
412 2259 546 2324 imperleeta
559 2256 679 2321 presentis
688 2255 755 2320 ritae,
771 2253 847 2308 tcon-

85 2406 114 2467 tt)
130 2408 222 2455 scillcet
232 2410 307 2466 Epist,
319 2409 382 2467 tvl,
393 2408 457 2453 circa
469 2405 582 2464 madium,
597 2404 637 2450 ulii
651 2408 773 2462 postquam
789 2413 849 2460 prar-

58 2468 114 2514 misit
124 2483 171 2516 uon
185 2472 291 2528 accipere
303 2472 405 2516 animum
416 2471 430 2514 d
440 2481 537 2526 corpore
550 2473 639 2526 partem
652 2468 752 2524 aliquam
764 2466 847 2511 summi

59 2532 120 2591 toni,
135 2535 189 2590 quin
210 2535 294 2579 rnelior
309 2541 345 2580 est
363 2545 474 2592 corpore,
489 2531 558 2589 idque
578 2530 709 2576 stultissime
723 2535 831 2586 negatum
839 2561 846 2586 ,

59 2595 88 2638 vel
99 2609 127 2640 ex
139 2594 263 2654 indigentia
279 2597 385 2642 saniutts
400 2595 471 2641 animi
485 2607 532 2640 non
550 2594 651 2651 adverti,
665 2592 784 2649 subjungit
801 2595 847 2634 sta·

60 2656 95 2700 tini
109 2675 115 2701 z
136 2659 192 2704 Tem
204 2661 297 2719 potenti
311 2661 405 2705 natm
414 2658 480 2704 Deru
497 2657 556 2717 serit
570 2659 692 2706 animem,
703 2660 730 2700 rat
749 2665 780 2699 aar
794 2652 848 2709 ejus

57 2719 191 2771 liminium
203 2722 351 2769 tentitudine
363 2733 416 2780 qum
428 2723 458 2766 in
470 2721 519 2776 fine
532 2725 665 2778 temporem
680 2718 777 2763 Sanctia
807 2725 847 2758 ro·

61 2784 170 2836 sttuite,
184 2785 305 2831 redeadet
321 2787 394 2830 otium
407 2785 436 2830 ian
446 2784 592 2842 desertorem
605 2786 720 2828 wuronc
735 2790 767 2836 pu
814 2778 847 2849 eat

60 2855 140 2902 ‘mm
150 2894 154 2902 ,
163 2860 214 2894 non
221 2849 320 2906 puidam
328 2847 510 2904 beatitudoque
519 2846 680 2903 mutescere
690 2846 723 2888 ert
729 2849 847 2899 proprio,

61 2907 93 2950 ’td
102 2909 228 2964 ueniendo
240 2912 368 2961 acuitatis,
378 2909 406 2956 e’d
415 2914 448 2955 cst
460 2907 661 2967 incorruptione
676 2906 756 2962 tripos.
