1984 3309
276 246 308 283 on
323 244 449 283 romnus
463 246 650 285 turumbertus.
819 244 866 299 dib

55 326 117 389 pinso
126 323 198 387 bqius
210 319 319 371 uctiotus.
332 320 362 369 Et
373 321 421 371 brec
431 325 467 371 est
476 321 548 374 uirtus
558 323 689 376 intellectus
702 329 803 393 egentis.
812 331 865 381 lton

54 402 130 447 tamen
144 397 238 459 oportet
252 392 315 456 quod
334 391 366 443 sit
383 394 464 445 eedem
476 408 572 445 numero
587 394 611 445 iu
630 398 752 462 omuibus;
773 406 864 467 oppress

54 473 132 519 temen
142 466 206 530 quod
217 464 246 515 ub
260 479 307 515 uuo
320 464 433 529 principio
444 466 469 515 in
482 464 586 517 omnibus
600 468 723 521 derivetur.
736 474 764 523 Et
777 468 811 523 s'ie
824 473 863 525 illa

55 537 234 592 communicatio
248 537 369 588 bominum
389 537 415 587 iu
431 537 512 601 primis
524 538 706 603 intelligibilibus
723 544 864 595 demonstrat

54 615 166 663 unitatem
179 610 313 661 intellectus
330 608 443 675 separati,
457 624 525 673 quem
543 612 608 663 Plato
617 620 732 681 comperet
745 616 800 680 soli3
815 632 862 671 uon

55 688 128 735 autem
136 683 255 733 unitatem
266 680 397 734 intellectus
410 681 511 746 agentis,
524 696 591 747 quern
607 684 739 745 Aristoteles
748 695 863 754 comparat

55 756 141 808 uului.

351 857 510 911 iuuentus
525 861 566 911 vl.
619 868 621 876 '

138 978 231 1027 nuum
239 945 357 1022 westwic
365 975 398 1021 sit
406 974 510 1033 inpnrte
519 976 666 1023 intellectiva
679 980 773 1027 auimo.

89 1100 122 1149 dd
132 1101 225 1151 unum
246 1095 280 1145 sic
302 1093 433 1164 proceditur
444 1093 489 1158 (ί).
506 1094 601 1147 Videtur
616 1096 676 1161 qrrbd
692 1098 801 1167 memoria
816 1114 862 1150 uon

58 1172 121 1223 sitin
133 1175 200 1236 perte
207 1167 350 1218 intellectiva
362 1166 453 1217 anime.
467 1166 526 1217 uicit
534 1168 596 1219 euim
606 1170 753 1235 Augustinus,
766 1172 816 1221 Xll.
827 1175 865 1223 De

59 1247 141 1307 Tris,
149 1243 213 1307 quod
224 1258 239 1288 u
249 1240 279 1290 ad
287 1243 377 1305 portem
388 1237 528 1303 superiorem
543 1240 623 1290 anime
633 1240 748 1304 pertinent
758 1256 809 1307 quce
819 1258 864 1294 uorr

57 1322 108 1367 suut
122 1313 259 1366 bominibus
277 1310 443 1375 pecoribusque
458 1311 643 1377 communiuit).
661 1329 675 1359 u
694 1313 738 1362 Sed
755 1314 864 1365 memoria

57 1393 91 1438 est
107 1387 244 1439 bominibus
263 1383 430 1448 pecoribusque
449 1382 586 1446 communis3
609 1382 664 1433 dicit
682 1383 743 1434 euim
762 1384 863 1449 ibidem,

60 1463 114 1523 qnod
127 1479 142 1509 u
154 1461 257 1526 possunt
273 1469 357 1521 perora
373 1454 458 1507 sentire
468 1469 509 1519 per
520 1455 622 1519 corporis
638 1468 719 1507 sensus
730 1458 863 1523 corporalia,

63 1538 84 1581 et
97 1547 122 1585 ea
139 1532 253 1588 mandere
273 1528 400 1581 memorie.
423 1528 512 1589 »Ergo
528 1528 636 1578 memoria
655 1539 701 1578 uon
716 1528 816 1593 pertinet
835 1530 863 1581 ed

61 1609 141 1668 puteo
157 1604 245 1655 animae
256 1600 435 1651 intellectivam.
630 1666 635 1669 .

87 1672 382 1734 numerisrumeris
397 1671 563 1736 preteritorum
582 1675 624 1721 est.
639 1670 683 1722 Sed
696 1667 861 1741 preteritum

57 1750 136 1802 dicbus
159 1747 291 1799 secuudum
315 1744 407 1808 aliquod
432 1744 607 1795 determinatum
630 1746 736 1809 ternpus;
756 1746 864 1797 memorie

59 1822 170 1883 igiturest
183 1816 344 1881 cognoscitiva
354 1815 451 1880 alicujus
459 1816 501 1866 sub
511 1816 660 1866 determinato
675 1822 790 1881 tempore,
804 1820 863 1881 quod

57 1899 89 1943 est
106 1903 251 1957 cognoscere
269 1888 356 1952 aliquid
373 1888 416 1938 sub
432 1887 472 1936 bic
488 1890 512 1937 et
524 1903 596 1937 nureo.
614 1886 662 1939 Hoc
673 1892 748 1939 nuum
765 1902 811 1938 nou
829 1893 865 1939 est

57 1966 201 2025 intellectus,
214 1961 257 2012 sed
270 1972 362 2011 sensus.
373 1959 480 2012 Memoria
492 1959 562 2022 igitur
576 1972 622 2011 non
637 1959 707 2010 estin
721 1963 785 2025 parte
798 1960 865 2011 intel-

56 2038 154 2101 leelina,
168 2035 211 2085 sed
224 2034 300 2084 solum
313 2032 337 2081 in
350 2032 416 2096 parte
429 2030 549 2081 sensitiva.

85 2155 118 2219 (l)
131 2158 167 2201 lle
179 2155 217 2199 bis
230 2153 302 2198 eidam
315 2152 359 2200 lib.
370 2152 413 2196 tv.
432 2149 501 2196 Cossi.
516 2150 598 2201 Geni„
608 2162 661 2209 unp.
676 2150 719 2205 Τις
732 2158 756 2197 et
770 2164 810 2209 qu.
824 2151 863 2211 lo,

57 2221 188 2269 meast..
202 2223 249 2263 est.
263 2215 288 2259 2.

85 2289 121 2353 (ἢ)
130 2292 166 2336 Ex
178 2300 235 2345 cup.
245 2287 261 2330 b
271 2291 297 2331 et
307 2284 332 2344 3,
342 2284 454 2341 expresse
462 2285 540 2341 quoud
548 2296 641 2331 seusuuu
651 2318 657 2343 ,
668 2287 712 2331 etsi
725 2287 776 2333 ullis
788 2288 866 2333 verbis

57 2366 106 2399 cum
126 2351 259 2410 appendice
272 2349 312 2395 bic
327 2346 451 2404 subjuncti
465 2347 555 2405 plenius
572 2348 687 2405 colligitur
703 2366 709 2393 r
726 2350 830 2399 Pnesuot
843 2354 865 2397 et

56 2429 144 2474 peeoris
155 2416 252 2459 senties
266 2407 359 2478 (iuquit)
370 2422 418 2468 pes·
431 2412 543 2468 corporis
552 2423 635 2455 senous
647 2414 800 2461 cutcinsecbs
812 2426 865 2459 cor·

56 2479 166 2535 malin,
173 2481 197 2521 et
205 2490 235 2522 eu
242 2474 367 2519 memorien
377 2475 431 2533 pluo
440 2474 579 2519 reminisci.
590 2470 678 2519 Verbm
689 2488 721 2524 eu,
728 2480 822 2527 colore,
836 2490 864 2521 uc

59 2556 106 2588 suu
123 2540 206 2587 selduc
229 2536 384 2588 moraliter
398 2540 471 2594 rupte
486 2532 527 2597 (id
547 2541 582 2581 est
601 2536 677 2581 subito
698 2542 762 2583 motu
781 2540 865 2597 ruptim

60 2594 223 2662 apprehense),
237 2600 279 2645 sed
292 2600 366 2644 etiem
378 2598 408 2643 de
420 2599 549 2643 industria
565 2601 685 2645 memorien
701 2601 865 2647 commendato

60 2671 173 2716 reticere,
192 2669 215 2709 et
227 2664 258 2708 iss
268 2662 417 2707 obliuionem
424 2662 576 2718 sentiuntque
595 2660 701 2707 lubentia
711 2664 865 2709 recordando

61 2734 79 2773 et
91 2726 223 2787 conitendo
236 2734 327 2770 mous
340 2726 497 2783 imprimere,
510 2724 548 2769 ecl
559 2725 632 2770 etium
645 2726 698 2770 ulie
711 2726 861 2784 bup‘slsmo'di,

62 2793 168 2848 quumvis
183 2787 374 2834 insensibilibus
392 2791 463 2844 atque
478 2787 508 2831 in
522 2788 556 2832 eis
569 2798 622 2845 qstns
634 2788 693 2833 iside
706 2791 804 2835 unimus
817 2800 866 2847 pce·

63 2866 140 2901 sessus
152 2852 269 2912 eorpus-is
281 2852 371 2900 trusit.
383 2853 492 2907 comior
505 2853 575 2907 utque
587 2855 727 2902 oermutue,
742 2864 792 2897 nco
807 2854 865 2895 suot

63 2920 136 2964 um
152 2915 264 2964 ssts'cscs's
278 2914 393 2971 expertia
404 2925 448 2959 uec
461 2913 600 2959 bominibus
616 2913 790 2973 pecoribusque
801 2924 863 2960 cuut-

66 2982 159 3036 κωπίω
171 2979 216 3028 sed
229 2976 387 3033 sublimioris
398 2976 506 3032 saionis
518 2980 551 3025 cst
562 2976 678 3025 iudicare
687 2977 720 3023 'de
732 2978 803 3025 istis,
816 2979 862 3027 ele.
