1984 3309
142 120 190 169 8'12
282 128 357 168 ruina
372 126 503 177 acaunum,
517 98 611 171 cuasa·
624 124 700 173 xvm,
714 123 774 163 aar.
788 126 816 162 x.

174 208 208 256 Λᾶ
221 206 346 257 seeundum
359 204 491 267 dicendum,
507 203 567 266 quod
581 201 737 265 Philosophus
755 202 813 253 dicit
827 202 894 252 illum
905 216 957 254 esse
981 211 983 214 '

142 278 228 331 malum
239 278 338 343 proprii,
352 274 435 339 quiesi
449 271 500 325 aliis
510 272 640 325 hominibus
654 272 754 324 nocivus
771 276 818 325 :et
832 277 958 325 secundum

142 352 187 403 hoc
203 350 258 399 dicit
271 348 388 415 prodigum
397 360 444 398 nou
453 360 504 397 esse
513 345 596 395 malum
605 384 611 407 ,
621 344 674 409 quia
684 344 744 396 nulli
753 344 907 397 altarinocet
917 347 958 395 nisi

144 420 188 477 sihi
200 420 258 485 ipsi3
278 424 301 470 el
314 418 417 470 similitor
434 420 462 469 de
477 417 583 469 omuibus
595 416 646 467 aliis
658 416 700 481 qui
714 431 765 468 uon
778 420 836 474 sunl
845 418 957 483 proximis

144 490 227 544 nocivi.
242 492 288 543 Nos
301 495 378 541 autem
391 491 429 540 hic
443 490 541 541 dicimus
550 490 634 539 malum
644 490 803 541 communiter
813 504 885 541 omne
898 492 958 553 quoi

144 570 179 615 ast
190 564 271 615 rationi
286 566 353 614 reeta
365 575 514 627 repugnans:
532 564 555 612 at
571 562 694 612 secundum
713 562 761 612 hoc
777 563 857 613 omum
874 563 957 613 indiui-

144 635 216 686 dualis
229 637 292 685 actus
305 638 340 685 est
353 634 427 686 honus
436 634 474 684 rel
486 633 573 697 malus,
585 635 610 682 ιιι
618 632 706 683 dictum
715 636 761 685 est.

175 707 209 757 ad
221 706 315 757 tertium
328 704 461 771 dicendum,
477 704 537 769 quta
551 705 626 758 omna
638 704 691 755 finis
706 705 721 756 a
732 706 825 757 ratione
841 706 957 758 tetmar-

144 778 191 832 tiva
201 778 304 829 intentus
312 778 412 843 pertinet
420 777 448 828 ad
458 778 544 829 bonum
552 776 648 841 alicujus
657 777 767 841 virtutis,
776 779 817 828 vel
826 779 857 829 ad
870 781 956 829 malum

144 850 240 916 alicujus
253 850 317 915 vitii,
332 864 385 901 nam
400 852 444 901 hoc
459 849 533 913 ipsum
548 849 607 914 quod
627 848 711 914 niquis
732 849 781 913 agit
798 849 910 901 ordinate
933 854 958 900 al

145 923 332 975 sustentationem
351 922 388 973 uel
408 920 508 985 quietem
520 921 556 972 sui
577 919 690 985 corporis,
706 920 736 970 ad
754 921 846 973 bouum
867 922 957 972 uirtutis
981 935 983 974 ι

145 994 293 1046 ordinatmin
304 1007 332 1045 eo
345 994 384 1059 qui
395 1006 476 1059 corpus
485 1006 551 1045 snum
565 990 654 1054 ordinat
663 994 692 1044 ad
706 994 797 1047 bouum
809 994 910 1047 uirtutis
920 1012 926 1045 :
935 999 956 1045 ct
981 993 983 1058 l

146 1066 207 1119 idem
220 1069 284 1130 patet
297 1064 321 1119 in
334 1064 393 1117 aliia.
981 1061 983 1202 Ι

445 1165 604 1217 aumonius
616 1165 646 1215 Χ.

120 1298 122 1303 ’
149 1276 234 1327 Utratm
252 1280 335 1341 aliquo
349 1281 530 1327 circumstantia
544 1280 675 1325 enatarunt
693 1284 780 1327 actum
794 1284 920 1329 ammom
932 1284 955 1326 ia

415 1344 488 1403 specie
497 1344 552 1388 aaut
566 1345 604 1389 vel
612 1344 681 1389 mali.

180 1466 214 1515 an
227 1464 339 1516 caunum
355 1462 583 1528 ιιιιιοιιιιιιιιιι
597 1463 692 1513 urnam
706 1462 771 1526 quan
784 1462 955 1515 mammam
981 1427 983 1440 '

148 1550 195 1589 uon
210 1537 283 1603 possit
296 1536 433 1588 constituere
453 1536 552 1601 aliquam
566 1535 665 1599 spamam
684 1535 741 1585 toni
757 1536 796 1585 uei
814 1538 872 1587 mali
884 1544 953 1587 actus
981 1547 983 1586 ;

147 1609 242 1677 species
251 1610 311 1661 euim
320 1614 384 1661 amus
398 1613 434 1661 est
448 1622 477 1660 ex
490 1610 585 1673 objecto.
598 1609 642 1658 Sed
655 1607 837 1660 circumstantiae
850 1610 954 1661 (litterum
981 1625 983 1676 ς

149 1682 178 1732 at
188 1681 287 1745 objecto.
302 1680 363 1745 Ergo
374 1679 549 1731 circumstantia
564 1692 610 1729 nou
629 1679 684 1729 aaut
696 1679 800 1743 speciem
816 1684 894 1731 actus.
981 1683 983 1692 ²

179 1758 204 1802 ι.
216 1756 335 1817 eratum,
345 1753 520 1804 circumstantia
531 1752 729 1815 comparantur-acl
744 1755 822 1803 actum
837 1755 953 1812 moralem,

148 1824 208 1877 sient
220 1824 346 1875 amimalia
358 1826 424 1891 ajam,
435 1830 461 1875 ut
474 1825 560 1875 dietum
572 1826 609 1878 eat
625 1824 674 1889 (qu.
689 1827 713 1884 7,
725 1828 770 1874 art.
787 1825 824 1889 ι).
842 1826 887 1877 Sed
900 1828 954 1876 arci-

149 1898 261 1948 densncu
273 1898 391 1948 mustituit
400 1898 510 1961 specum.
520 1898 581 1960 Ergo
592 1896 767 1947 cirmmstautia
777 1907 826 1947 uou
840 1898 953 1949 constituit

149 1969 248 2035 aliquam
263 1967 362 2033 speciem
376 1970 431 2020 boui
446 1969 484 2019 vel
495 1968 558 2018 mali.

183 2046 205 2090 t.
221 2041 463 2103 transsumimus
477 2052 523 2092 uon
533 2041 671 2105 suntplurea
680 2040 782 2104 specics.
792 2040 869 2093 liuius
880 2046 951 2108 autam

150 2116 214 2165 actim
229 2116 282 2163 aunt
295 2113 369 2179 pluras
382 2112 563 2164 cicumstantiae.
578 2115 638 2177 Ergo
655 2112 829 2164 circumstantia
843 2126 889 2165 non
904 2127 950 2163 con
981 2141 983 2206 1

150 2185 225 2236 malit
239 2187 312 2235 aetum
328 2186 437 2235 moralem
450 2188 476 2235 ia
489 2185 564 2250 aliqua
577 2184 653 2249 speeie
664 2183 719 2235 boni
727 2184 766 2235 val
779 2186 846 2236 mali.

182 2256 228 2308 Sci
240 2261 327 2319 matra,
340 2258 404 2309 locus
414 2261 448 2309 est
462 2257 631 2310 circumstantia
640 2259 753 2322 quadam
769 2259 815 2310 Sed
827 2261 890 2310 loeus
901 2271 947 2307 cor·

152 2330 226 2381 stituit
237 2333 313 2380 actum
325 2329 432 2380 moralem
442 2331 467 2380 in
476 2331 574 2394 quadam
585 2330 661 2395 specie
672 2328 744 2379 mali:
757 2329 830 2381 aaran
841 2332 901 2382 enim
913 2330 947 2378 ali-

151 2398 205 2465 quid
220 2402 249 2450 ale
261 2402 311 2451 loeo
328 2414 392 2452 sacro
410 2406 444 2453 est
462 2402 615 2465 sacrilegium.
635 2404 695 2464 Ergo
711 2402 882 2453 circumstantia
899 2415 945 2451 con·

151 2471 224 2521 stituit
240 2476 315 2521 aetum
330 2474 437 2523 moralem
451 2474 475 2523 in
487 2473 563 2537 aliqua
577 2472 654 2538 specie
664 2473 720 2525 boui
729 2474 768 2524 rel
782 2476 849 2527 mali.

185 2543 346 2605 (concursio.
353 2546 579 2609 -Quautloeumqua
591 2546 667 2611 aliqua
678 2545 851 2597 circumstantia
861 2546 944 2611 respicit

184 2665 217 2728 (l)
231 2671 263 2715 lio
279 2670 315 2715 laia
326 2672 396 2717 etiam
410 2674 483 2732 iniri,
497 2686 540 2729 qu.
553 2673 598 2730 aa,
614 2679 658 2719 art.
669 2675 698 2733 ’1,
713 2679 763 2720 tum
777 2676 803 2720 iu
816 2686 892 2733 eorm,
903 2681 944 2718 tum

150 2730 180 2773 ad
192 2730 221 2783 ιι
236 2737 259 2775 et
268 2732 392 2789 Il‚Sent.,
407 2735 461 2779 dist.
477 2735 518 2792 36,
526 2742 572 2782 art.
586 2738 615 2790 ὃς
628 2741 654 2781 ut
667 2744 690 2782 et
700 2740 744 2796 Π,
755 2738 836 2788 Sunt„
848 2739 899 2784 diat.
912 2737 945 2786 16,

150 2802 190 2845 qu.
203 2790 233 2847 3,
247 2797 290 2837 art.
303 2793 331 2851 Ξ,
344 2797 480 2849 quaestione.
498 2798 528 2853 33
543 2804 568 2844 at
582 2801 636 2844 dist.
650 2798 697 2859 41,
710 2806 755 2847 ert.
771 2800 802 2859 ὂ,
817 2801 945 2860 questiunc-

151 2846 178 2901 ιι
194 2858 268 2909 atqu.
281 2856 309 2913 2,
323 2854 432 2917 (lamala,
444 2865 488 2906 art.
500 2860 515 2905 6
529 2867 554 2907 et
566 2861 595 2919 ἴς
610 2868 685 2924 etqa.
698 2861 727 2925 l,
743 2869 788 2911 art.
801 2864 828 2911 6.
