1984 3309
129 219 162 258 nn
173 218 214 259 nra
224 216 280 266 oon
289 214 355 256 mr.
366 215 400 256 nn
411 214 507 256 mrum
516 215 585 256 rarrn
595 214 710 267 nomam,
721 217 774 256 nro.
809 203 855 255 trs

56 297 221 361 menningo
233 297 302 346 bomo
314 295 340 347 in
352 297 414 347 statu
430 294 568 347 innocentie
581 307 629 346 non
646 295 689 346 brit
709 293 855 349 immortalis.

87 370 131 421 Sed
144 372 223 420 centn
236 371 283 432 est,
298 369 358 434 qnod
371 367 453 419 dieitur
467 367 505 419 od
517 371 598 430 Rom,
610 369 643 432 V,
654 367 715 432 quod
730 384 743 416 «
754 381 795 432 per
803 381 857 432 peo-

58 443 132 491 eatnm
147 441 243 492 intrarit
253 455 314 493 mors
328 441 354 491 in
369 442 488 492 mundum.
497 457 512 489 n
522 441 581 506 Ergo
592 444 646 492 aute
657 445 776 506 peceatum
788 441 857 492 homo

58 517 105 565 erat
114 513 259 566 immortalis

87 588 251 652 (Conennsro.
263 614 294 626 -
307 588 381 638 Homo
390 587 415 637 in
426 590 487 638 statu
497 587 634 638 innoeentias
649 600 696 638 non
710 590 800 651 natura,
817 586 858 637 sad

58 659 128 723 gratia
137 657 244 712 merore
252 658 387 710 immortalis
395 663 456 724 erat;
467 659 565 723 quisvis
575 658 609 709 illi
619 658 729 710 divinitus
739 659 856 722 dataerat,

58 743 180 794 perquam
193 731 296 794 poterat,
310 743 357 780 non
373 731 490 794 pensando
507 727 607 792 sedicet,
628 741 762 780 conservare
777 741 858 792 corpus

57 814 123 866 supra
132 803 239 851 naturam
249 802 374 866 oorporalis
389 799 516 864 materia.)

88 873 225 938 Respondtm
236 872 372 936 dicendum,
381 872 442 936 qubd
452 873 537 936 aliquid
547 876 625 937 potest
632 871 679 923 diei
690 871 858 936 incorruptibile

60 945 185 1008 tripliciter.
204 945 256 995 Uno
270 946 336 996 modo
352 960 382 996 ex
397 949 461 1010 parte
474 945 591 1010 materie,
609 958 637 996 eo
650 943 738 994 seilicet
751 943 811 1008 quod
823 945 860 994 vel

63 1019 184 1069 nonhabet
193 1017 328 1082 materiam,
343 1018 404 1068 sient
413 1019 520 1081 angelus3
534 1018 571 1068 vel
584 1016 793 1076 babetmateriam,
809 1030 860 1079 qun

65 1103 108 1138 non
114 1096 146 1140 est
152 1091 178 1141 in
189 1090 303 1156 potentia,
313 1091 359 1142 nisi
367 1091 395 1141 ad
405 1105 474 1140 unam
486 1091 591 1151 formam,
598 1091 658 1140 sient
666 1103 747 1153 corpus
757 1089 858 1139 eoeleste.

63 1162 90 1210 Et
107 1163 149 1214 boe
162 1163 249 1214 dieitur
264 1163 388 1214 secundnm
404 1167 510 1213 naturam
526 1162 708 1226 iuoorrnptibile.
726 1160 775 1210 lilio
793 1160 860 1211 modo

64 1234 138 1286 dcitur
153 1235 243 1300 aliquid
256 1235 425 1300 incorruptibile
438 1237 544 1300 exparte
557 1235 649 1295 inrue,
664 1234 717 1297 quia
727 1232 815 1284 seilicet
824 1232 859 1282 rei

64 1306 200 1372 corruptibili
214 1320 256 1370 per
268 1311 373 1356 naturam
393 1306 490 1357 intrnret
505 1307 582 1370 adque
599 1304 727 1368 dispositio,
737 1317 778 1366 per
791 1317 859 1368 quam

33 1418 35 1424 .
65 1379 156 1430 blaiiter
170 1379 185 1428 t
196 1379 344 1442 corruptione
355 1379 496 1442 prohibetur.
507 1379 587 1428 lithos
598 1375 682 1425 dieitur
689 1375 860 1438 incorruptibile

64 1451 184 1502 seeundum
199 1450 311 1515 gloriam
326 1450 396 1514 quia,
406 1442 439 1500 'nt
458 1449 515 1500 dicit
531 1446 669 1512 Augustinus
686 1446 711 1496 in
727 1446 811 1510 Epist.
827 1445 863 1495 od

64 1523 213 1574 Diorcoanm
228 1523 287 1588 (seu
299 1523 372 1587 Epist.
383 1527 412 1571 56
422 1520 444 1586 ),
456 1525 528 1571 «tana
539 1519 628 1584 potenti
639 1521 719 1568 natura
732 1518 792 1570 lleus
807 1518 864 1568 iecit

64 1594 170 1660 animam,
184 1598 213 1645 ut
229 1608 258 1645 ex
273 1594 324 1659 ejus
333 1593 473 1645 beatitudine
486 1592 598 1642 redundet
611 1591 636 1640 in
652 1603 733 1654 eorpus
745 1589 861 1653 plenitudo

64 1665 173 1730 nubatis,
187 1665 397 1729 etineorruptiouis
406 1665 477 1729 rigor.
488 1683 502 1712 ι
515 1662 590 1714 Tertio
607 1661 673 1714 modo
685 1660 766 1712 dieitur
777 1661 864 1724 aliquid

64 1734 234 1804 incorruptibile
248 1752 279 1789 ex
288 1741 352 1802 parte
361 1750 434 1788 musar
443 1735 573 1788 efficientis.
588 1736 617 1785 iit
625 1736 668 1784 boo
679 1734 745 1784 modo
758 1733 864 1784 bernoin

64 1814 120 1862 stato
141 1810 285 1863 innocentiae
305 1810 386 1860 inisset
403 1807 579 1872 inrorrnptibiiis
600 1809 624 1856 et
645 1805 789 1868 immortalis,
811 1803 863 1869 quia

67 1883 105 1944 (nl
116 1883 261 1947 Augustinus
269 1882 326 1932 dicit
335 1881 359 1931 iu
373 1882 414 1932 lib.
427 1881 465 1929 De
475 1881 607 1944 quaestion.
618 1879 708 1926 noviei
717 1879 793 1926 veter.
810 1877 863 1926 Tes-

69 1956 169 2006 tamenti
174 1956 194 2018 l,
207 1972 222 2003 «
230 1956 291 2004 bens
303 1953 419 2004 bominem
428 1951 492 2012 lecit,
505 1951 557 2014 qni,
567 1947 675 2013 quamdiu
691 1951 861 2012 responsaret,

68 2026 232 2079 inmortalitate
250 2026 354 2089 rigeret,
367 2028 393 2074 ut
409 2024 460 2088 ipse
475 2023 521 2073 sibi
534 2022 682 2072 auomresset
694 2019 773 2068 autad
785 2018 864 2078 vitam,

70 2101 139 2150 autad
155 2103 265 2151 mortem.
275 2115 290 2144 n
302 2099 353 2148 Non
368 2097 429 2147 enim
442 2109 525 2160 eorpus
535 2094 587 2157 ejus
597 2095 647 2142 erat
658 2090 814 2141 indissolubile
825 2103 866 2152 per

70 2170 161 2234 dionem
178 2169 359 2222 immortalitatis
374 2169 477 2232 rigorem
491 2167 517 2218 in
534 2180 562 2218 eo
575 2165 725 2225 existentem,
739 2162 778 2212 sed
791 2160 865 2212 inerat

70 2243 145 2294 amne
158 2243 194 2295 ris
206 2242 312 2306 medam
329 2239 529 2304 supernaturaliter
543 2237 653 2289 divinitus
669 2236 735 2297 datu,
744 2247 785 2298 per
799 2247 867 2296 quam

70 2317 152 2375 poterat
166 2327 252 2379 eorpus
268 2314 295 2364 ab
309 2314 373 2363 omni
385 2311 529 2376 corruptione
542 2319 690 2374 preservare,
703 2305 809 2370 quamdm
818 2305 867 2370 ipsa

71 2387 113 2436 ileo
127 2389 232 2452 subjecta
249 2386 379 2436 mansisset.
397 2384 461 2442 Quod
475 2380 641 2433 rationabiliter
655 2379 741 2429 lectum
752 2381 799 2442 est3
815 2377 868 2441 quia

72 2458 127 2507 enim
137 2459 213 2508 anima
224 2456 343 2508 rationalis
352 2456 441 2506 exoedit
447 2453 616 2520 proportionem
626 2449 747 2516 corporalis
756 2449 865 2512 matoria,

73 2531 94 2578 ut
107 2530 173 2594 supr'a
187 2529 275 2581 dietum
287 2529 335 2593 (qu.
352 2533 394 2592 76,
405 2531 448 2578 art.
462 2527 501 2591 t),
514 2525 653 2577 couveniens
664 2523 709 2574 luit
716 2561 724 2587 ,
732 2527 758 2574 ut
770 2523 795 2572 in
805 2522 869 2588 prin-

73 2598 126 2662 cipio
143 2602 166 2653 ei
178 2602 253 2657 virtus
269 2602 376 2661 daretur,
392 2613 436 2663 per
453 2612 522 2662 qnam
537 2610 617 2660 eorpus
639 2607 773 2646 oouservare
792 2597 869 2659 posset

74 2683 135 2735 supra
146 2678 252 2724 naturum
263 2671 384 2736 eorporaiis
401 2670 510 2722 materie.

103 2746 134 2795 ad
143 2744 244 2809 primum
257 2758 312 2807 ergo
325 2748 349 2793 et
357 2744 483 2793 secundnm
495 2741 629 2802 dicendum,
642 2738 703 2803 qnod
718 2738 816 2788 rationes
825 2737 869 2788 ille

78 2819 196 2876 prooednnt
213 2817 243 2867 do
256 2815 423 2880 incorruptibili
435 2818 459 2865 et
468 2813 591 2863 immortali
608 2825 650 2877 per
662 2815 774 2860 naturam.

107 2887 138 2937 ld
148 2889 242 2939 tortinm
255 2888 391 2945 dicendum,
407 2885 467 2951 qnod
482 2885 519 2934 ris
536 2884 576 2934 iila
591 2881 743 2949 praesarraudi
760 2879 870 2943 eorpust

80 2960 215 3025 temptione
226 2973 273 3011 non
284 2961 333 3010 arat
344 2958 425 3009 animae
434 2960 541 3008 humane
552 2955 674 3018 naturalis,
687 2953 725 3005 sed
735 2965 775 3017 per
786 2950 869 3001 donum
