1984 3309
171 166 202 203 nn
217 154 347 203 surculose
362 160 443 201 neuun
459 158 515 206 oon
531 158 592 199 surr
608 156 640 199 nn
655 158 737 197 rrum.
810 148 858 195 809

79 244 118 296 Ad
134 242 263 293 secundum
278 239 397 291 dicendum
404 276 413 303 ,
429 236 490 301 cuod
502 238 526 287 iu
545 237 596 302 ipsa
612 236 803 300 contemplatione
822 239 857 286 εει

44 317 136 381 aliquis
152 318 219 364 actus
233 314 362 363 intellectus
383 309 530 361 assentientis
550 309 603 360 hnic
626 306 726 373 opinioni
747 308 784 358 vel
803 307 856 367 illi3

45 389 116 441 actio
128 385 186 443 vero
202 384 303 437 exterior
316 387 350 434 est
361 396 412 447 que
426 385 504 433 contra
514 381 729 445 contemplationem
740 379 857 431 dividitur.

79 460 121 510 Ad
137 456 232 509 tertium
244 456 379 516 dicendum,
394 454 453 517 quod
466 455 535 504 homo
547 453 587 516 qui
603 452 666 516 eligit
682 452 811 516 episcopum
822 452 860 501 vel

44 530 184 597 principem
198 527 310 591 civitatis,
330 526 395 590 eligit
411 524 530 575 nominare
547 523 622 587 ipsum
638 524 663 573 in
677 523 747 574 telem
763 522 860 585 dignitu-

45 610 114 667 lem3
127 600 232 664 alioquin
246 599 265 649 si
282 600 343 649 nulla
359 600 421 649 esset
436 598 487 661 ejus
503 596 563 647 ectio
573 597 601 646 ud
614 595 797 646 constitutionem
811 593 861 658 epi-

46 674 117 739 scopi
132 674 173 724 vel
183 672 309 737 principis,
320 684 367 722 nou
378 672 518 735 competeret
528 668 551 719 ei
566 667 655 719 electio.
668 668 697 717 ut
709 667 813 717 similiter
827 666 860 715 di-

45 748 222 805 uendum-est,
235 743 297 807 quod
317 743 499 806 quandocunque
513 739 595 791 dieitur
611 738 687 802 eliqua
706 750 743 805 res
759 736 861 803 preeligi

46 817 135 883 alteri,
152 816 287 883 adjungitur
299 813 332 864 ibi
348 814 424 879 eliqua
437 812 540 877 operette
556 810 671 875 eligentis.

284 988 288 993 ·
356 956 559 1008 runcocesso.

227 1066 313 1111 Utrutm
323 1065 405 1111 electio
416 1064 535 1128 ellectum
548 1061 701 1119 pessimiora.

81 1178 122 1229 Au
135 1175 245 1241 quintum
257 1175 289 1227 sic
303 1172 434 1241 proceditur
448 1172 490 1239 (l).
505 1172 601 1221 Videtur
611 1170 671 1234 quod
684 1170 765 1221 electio
774 1182 820 1220 non
831 1168 863 1218 sit

48 1252 131 1305 solum
140 1248 297 1313 possibilium.
306 1246 393 1297 Electio
404 1245 465 1297 enim
479 1247 514 1295 εει
521 1246 587 1293 ectus
597 1241 736 1303 voluntatis,
744 1241 862 1291 uldictum

48 1328 86 1374 εει
98 1322 160 1387 (art.
183 1320 222 1384 ι).
238 1320 283 1370 Seri
297 1320 403 1369 uoluntas
419 1320 456 1367 est
473 1314 615 1381 possibilium
633 1317 657 1363 ει
674 1311 862 1376 impossibilium,

48 1398 77 1446 ut
92 1393 183 1444 dieitur
196 1392 222 1441 iu
237 1392 275 1442 lll.
288 1390 373 1440 Ειιίε.
386 1390 444 1452 Ergo
459 1391 483 1437 et
493 1385 584 1437 electio.

83 1472 111 1515 Β.
133 1465 258 1526 preterea,
273 1462 354 1513 electio
367 1464 402 1513 εει
419 1473 497 1511 eorum
511 1471 561 1521 que
578 1469 619 1520 per
632 1467 674 1505 nos
688 1456 795 1516 aguntur,
808 1452 868 1501 sieut

50 1538 146 1588 dictum
162 1538 197 1584 εει
212 1532 265 1597 (erl.
281 1532 312 1597 ι).
324 1532 386 1583 Nihil
404 1543 457 1594 ergo
470 1530 541 1579 refert
555 1530 665 1592 quantum
681 1525 710 1575 cd
721 1523 867 1582 electionem,

49 1608 136 1660 utrum
150 1606 249 1669 eligatur
262 1606 285 1656 id
294 1605 353 1668 quod
364 1605 400 1654 est
412 1600 557 1666 impossibile
569 1598 710 1663 simpliciter,
723 1597 760 1646 vel
769 1594 792 1645 id
806 1596 866 1658 quod

50 1684 89 1733 est
104 1676 251 1743 impossibile
261 1674 361 1740 eligenti.
375 1675 421 1725 Sed
435 1673 567 1737 frequenter
576 1685 602 1721 ee
612 1682 663 1734 que
677 1668 799 1731 eliguntur,
814 1679 867 1729 per-

51 1756 128 1803 licere
148 1762 198 1800 non
216 1755 353 1813 possumus,
372 1750 395 1797 et
414 1745 448 1796 sic
465 1749 518 1797 snut
544 1740 693 1809 impossibilis
713 1739 789 1790 uobis.
807 1738 867 1801 Ergo

51 1822 143 1875 electio
160 1826 198 1873 εει
218 1819 403 1885 impossibilium.

86 1900 115 1945 3.
133 1894 262 1953 Praeterea,
276 1892 334 1941 nihil
358 1892 427 1941 homo
445 1893 519 1939 tentat
540 1900 607 1953 egere
623 1886 668 1936 nisi
686 1884 799 1946 eligendo.
820 1882 865 1931 Sed

51 1968 143 2018 heatus
155 1964 293 2015 Benedictus
309 1962 379 2024 dicit,
392 1960 453 2025 quod
469 1960 489 2010 si
502 1958 609 2023 prelatus
624 1956 707 2020 aliquid
725 1949 864 2017 impossibile

51 2036 209 2105 praeceperit,
223 2036 357 2086 tentandum
366 2036 412 2085 est.
426 2034 485 2095 Ergo
503 2032 583 2082 electio
599 2031 674 2093 polest
691 2038 743 2077 esse
754 2023 867 2087 impossi-

52 2112 152 2163 bilium.
278 2134 282 2141 ·

87 2182 142 2235 seul
152 2183 231 2232 contre
246 2182 293 2243 est,
304 2178 364 2243 quod
374 2176 526 2242 Philosophus
539 2172 595 2225 dicit
606 2171 631 2221 iu
647 2170 687 2220 ιιι.
700 2166 796 2223 Ειιιε.,
806 2166 867 2230 quod

55 2274 70 2306 «
87 2253 175 2307 electio
194 2265 241 2302 nou
256 2254 292 2301 εει
304 2248 486 2315 impossibilium.
503 2264 517 2295 n

93 2328 262 2389 (Couccusro.
273 2350 304 2363 -·
314 2322 415 2385 illenim,
426 2331 477 2371 cnm
489 2321 516 2369 ad
532 2320 645 2368 humanus
659 2313 768 2365 releretur
778 2323 867 2377 semper

54 2400 181 2457 actiones,
191 2408 238 2449 nou
251 2395 299 2445 uisi
307 2392 449 2458 possibilium
461 2404 512 2442 esse
523 2386 626 2455 potest.)

91 2468 234 2533 Respondeo
249 2466 382 2527 dicendum,
398 2463 457 2529 qnod
470 2463 529 2513 sicut
542 2459 627 2511 oletum
641 2460 676 2507 est
687 2456 747 2520 (art.
757 2453 797 2517 ι),
810 2454 869 2502 elec·

56 2547 141 2596 tiones
152 2543 237 2592 nostre
251 2540 379 2591 referuntur
394 2548 482 2600 semper
493 2534 521 2583 ed
531 2534 620 2583 nostrus
629 2528 743 2591 actiones3
757 2539 784 2576 ea
792 2528 869 2574 eutem

56 2628 117 2681 quar
132 2626 174 2677 per
187 2626 231 2663 uos
245 2614 357 2674 aguntur,
368 2610 420 2659 sunt
433 2606 500 2657 nobis
511 2602 628 2667 possibilie
638 2617 645 2651 ε
657 2601 718 2650 urle
729 2608 823 2648 necesse
834 2595 870 2643 est

57 2688 159 2747 dicere,
175 2682 236 2748 quod
253 2682 334 2733 electio
348 2679 439 2731 nonsit
454 2677 500 2727 nisi
515 2673 666 2740 possibilium.
681 2668 790 2722 Similiter
801 2663 869 2715 etiam

101 2837 136 2903 (l)
151 2842 184 2886 lle
196 2839 233 2885 lris
244 2838 314 2883 etiem
327 2849 367 2895 qu.
377 2836 422 2897 ιι,
434 2834 462 2880 dc
470 2833 548 2893 verit,
558 2836 603 2878 ert.
616 2828 655 2891 te,
667 2828 696 2874 ml
707 2824 749 2878 125
758 2824 782 2867 et
793 2820 817 2865 iu
827 2820 870 2866 ΠΙ.

60 2904 165 2955 Blitio„
177 2904 233 2949 lect.
245 2900 269 2949 5.
