1984 3309
90 219 124 256 nu
136 217 285 256 oonurrronn
295 217 378 255 ructus
392 217 541 256 emmenum
555 217 637 263 onosu
651 219 752 258 nonnus.
786 209 832 258 tit

25 295 80 348 unt.
91 295 147 360 (t),
166 293 229 359 quod
243 293 398 345 «infirmitati
413 294 499 346 mentis
520 293 623 360 congruit
642 295 692 346 bec
714 293 834 348 iufirmitas

26 369 145 434 corporis3
157 383 171 413 »
183 381 234 431 qne
244 367 330 417 scilicet
344 366 457 431 innueris
474 371 577 434 apparet.
595 367 641 418 Sed
651 368 676 418 in
693 371 751 418 statu
764 367 831 420 iuno-

25 442 110 493 centin
131 441 196 489 nntta
209 439 289 490 tmssct
300 438 421 490 infirmitas
432 439 525 490 mentis.
538 441 596 504 Ergo
616 451 689 505 neque
703 439 754 490 talis
767 436 829 490 infir·

27 516 98 564 mitas
109 511 213 575 corporis
225 510 308 561 inisset
323 511 347 559 in
361 510 472 575 paruulis.

54 591 80 635 2,
101 586 237 646 Praeterea,
250 584 354 647 qondam
366 580 475 633 animalia
490 583 525 648 (t)
540 584 617 634 statim
630 597 681 634 cum
699 586 832 647 nascuntur,

26 660 112 708 babent
124 656 236 706 uirtutem
249 655 402 705 sufficientem
413 657 440 705 ad
454 669 522 706 nuum
536 657 695 707 membrorum.
708 655 754 706 Sed
765 658 834 706 homo

28 735 59 779 est
79 727 182 779 nobilior
195 726 248 776 attis
260 727 406 778 animalibus.
424 727 483 791 Ergo
502 729 573 777 multo
590 727 661 792 magis
678 732 712 779 est
732 729 834 779 naturate

28 800 116 850 bomini
129 800 192 863 quon
205 799 284 849 statim
300 803 369 850 natus
383 799 492 850 urentem
505 800 588 850 hebeat
601 801 627 852 act
643 815 709 854 usum
722 802 834 852 membro-

30 887 89 922 rum.
103 873 134 921 ut
147 871 181 920 ita
199 871 290 921 uidetur
306 883 357 922 esse
368 885 436 935 prena
447 885 476 922 er
489 875 584 936 peccato
596 885 746 936 consequeus.

59 950 84 994 3.
99 947 218 995 Praetmca
226 981 236 1008 ,
254 958 301 994 non
319 958 389 1008 posse
411 945 519 1008 consequi
537 943 669 996 delectabile
693 946 834 1010 propositum

27 1016 177 1066 afflictionem
189 1015 288 1065 inducit,
299 1017 345 1066 Sed
360 1016 380 1065 si
397 1017 520 1080 puerinon
536 1017 669 1067 habuissent
683 1018 792 1067 uirtutem
805 1017 833 1067 ad

27 1087 170 1136 movendum
187 1087 305 1150 membra,
320 1088 450 1150 frequenter
462 1087 582 1137 accidisset
599 1089 660 1151 quod
676 1101 722 1138 non
738 1093 835 1152 possent

27 1158 139 1222 consequi
153 1158 247 1222 aliquod
265 1158 398 1209 detectabile
413 1159 448 1209 eis
463 1159 614 1224 propositum.
634 1161 692 1224 Ergo
714 1159 794 1210 fnisset
810 1159 835 1209 in

29 1232 62 1281 eis
77 1230 177 1281 aitlictio
187 1269 193 1293 ‚
204 1243 256 1295 que
270 1243 317 1281 nou
332 1235 423 1295 poterat
434 1245 483 1282 esse
497 1233 551 1281 ante
567 1237 693 1295 peccatum.
715 1235 765 1281 Non
781 1245 835 1296 ergo

29 1304 53 1351 in
62 1306 124 1352 statu
132 1301 275 1352 innocentia
283 1302 523 1367 visdeiuissetpneris
536 1303 564 1352 ad
574 1303 713 1352 mouendum
723 1302 832 1352 membra.

59 1379 82 1423 i.
98 1374 232 1436 Praetema,
246 1374 350 1424 deiectius
366 1375 488 1425 senecintis
507 1374 597 1424 videtur
608 1373 782 1437 correspondere
797 1374 837 1422 de-

30 1447 96 1497 fectui
116 1446 236 1510 poenitio.
252 1447 298 1496 Sed
315 1446 414 1496 instato
428 1443 625 1497 innoeentiaenon
641 1445 720 1494 fuisset
731 1445 835 1494 deiectus

30 1517 168 1569 senectutis.
184 1519 244 1582 Ergo
257 1532 332 1582 neque
344 1518 412 1569 etiam
424 1517 527 1568 deiectus
538 1517 651 1594 poenitio.

58 1592 108 1641 Sed
123 1594 207 1641 contra
216 1594 251 1641 est
256 1627 265 1654 ‚
274 1591 334 1655 quod
345 1603 412 1642 omne
422 1593 555 1652 generatum
566 1589 628 1654 prins
638 1591 672 1640 est
680 1589 837 1654 imperfectum

31 1678 95 1726 quam
111 1661 258 1726 perticiatur.
273 1664 316 1713 Sed
334 1662 401 1726 pueri
416 1663 441 1712 iu
457 1665 518 1712 statu
535 1661 672 1712 innocentie
687 1659 783 1712 inissent
795 1674 836 1724 per

30 1735 205 1796 generationem
218 1734 331 1798 producti.
354 1735 412 1798 Ergo
422 1735 436 1784 b
448 1733 561 1799 principio
578 1732 708 1799 imperfecti
720 1733 816 1786 tuissent
827 1771 836 1797 ,

31 1812 51 1855 et
65 1807 201 1871 quantitate
214 1808 239 1855 et
251 1806 334 1856 uirtute
349 1806 458 1870 corporis.
515 1813 519 1821 '

60 1882 228 1940 (Conconne.
242 1905 272 1914 -
288 1880 315 1928 ln
330 1881 390 1928 statu
414 1877 549 1928 innocentiae
569 1877 635 1942 pueri
650 1892 703 1929 mox
724 1880 769 1928 nati
789 1892 837 1931 uon

31 1952 167 2002 habuissent
176 1951 302 2015 perfectam
311 1951 418 2001 virtutem
429 1951 458 2000 ad
468 1951 604 2001 mouendum
614 1950 712 2020 membra
726 1951 754 2001 od
766 1965 837 2014 quos-

32 2025 84 2074 libet
98 2027 182 2086 actus,
199 2022 241 2073 seu
253 2022 282 2072 ad
295 2025 358 2072 actm
374 2021 478 2086 pueritie
493 2021 675 2085 couvenientes3
691 2021 774 2086 quippe
784 2021 837 2072 cum

33 2096 74 2145 boc
89 2094 199 2145 naturaie
212 2091 259 2155 sit,
272 2105 316 2143 nec
331 2093 408 2144 divim
424 2093 540 2157 Scriptura
551 2093 688 2143 contrarium
700 2094 781 2142 tradat.
790 2091 802 2156 )'

62 2167 206 2230 Respondco
224 2163 358 2228 dicendum,
374 2165 435 2230 qubd
450 2178 477 2215 ea
493 2179 543 2229 que
560 2169 612 2215 suut
630 2177 698 2230 snpra
719 2168 835 2228 naturam,

34 2239 78 2287 sota
89 2240 137 2289 tide
146 2240 269 2299 tenemus,
279 2238 340 2300 qnod
350 2241 426 2287 antem
437 2238 566 2300 credimus,
579 2235 706 2287 auctoritati
719 2238 836 2288 debemus.

36 2311 98 2360 Unde
114 2311 140 2360 in
150 2307 264 2360 omuibus
279 2309 408 2359 asserendis
422 2309 487 2374 sequi
503 2309 611 2360 debemus
624 2311 729 2358 naturam
748 2321 836 2373 rernm,

37 2387 116 2443 preter
135 2395 164 2432 ea
182 2394 235 2444 qne
253 2380 387 2431 anctoritate
406 2381 482 2430 diuina
496 2381 624 2444 traduntur,
644 2393 693 2443 quae
707 2384 760 2430 sunt
771 2393 839 2443 snpra

37 2459 149 2502 naturam·
161 2451 310 2503 Manifestum
319 2455 354 2502 est
365 2452 441 2501 numm
452 2452 496 2501 hoc
505 2451 606 2502 naturale
616 2461 676 2514 esse,
686 2455 764 2516 utpote
777 2451 839 2514 prin·
918 2467 924 2474 ’

38 2523 102 2586 ciniis
119 2527 229 2575 humane
247 2527 333 2574 nature
347 2527 478 2587 competens
486 2561 495 2587 ,
509 2523 568 2587 qnod
582 2523 647 2586 pueri
665 2522 778 2573 moronti
794 2537 838 2572 non

40 2597 136 2646 babeam
158 2596 313 2646 subicientem
328 2595 436 2645 uirtutem
456 2595 483 2645 act
502 2595 638 2644 mouendum
658 2595 772 2656 membra3
788 2593 840 2657 quia

74 2758 105 2820 (1)
119 2762 183 2819 sire,
197 2767 225 2805 ut
237 2761 333 2806 inscribi
344 2760 415 2806 ettam
428 2761 487 2805 rotet
500 2760 534 2805 De
548 2761 701 2818 peccatorum
712 2759 806 2804 meritis
817 2760 839 2800 et

43 2826 193 2874 remissione,
205 2825 249 2869 tib.
261 2827 287 2881 1,
302 2835 355 2880 cup.
373 2823 412 2867 38.

76 2892 105 2953 (2)
119 2897 250 2940 Praesertim
273 2895 329 2940 verb
343 2907 371 2939 ea
388 2907 439 2950 qnae
452 2893 512 2938 iacto
527 2896 670 2954 nutriuntur,
684 2899 709 2939 nt
722 2907 750 2939 cx
770 2891 839 2937 allato

46 2956 164 3014 Augustini
176 2959 230 3005 ioco
245 2958 339 3016 menius
349 2957 410 3004 iniri
422 2957 543 3003 referetur.
