1984 3309
244 180 278 217 uu
292 180 384 219 uuuoun
400 182 484 220 nurum
500 184 532 221 uu
549 184 650 223 cunnus.
805 178 850 225 itt

45 256 85 305 sed
103 257 289 320 perpotentiam
308 258 435 321 motivum,
457 259 525 324 eujus
549 264 611 312 aetus
630 263 786 328 praesuppouit
803 265 850 328 J'am

45 342 125 391 corpus
136 328 245 379 ellectum
257 329 283 379 in
297 334 350 381 autu
360 345 404 395 per
415 331 516 382 animum
527 336 569 383 :ut
582 334 616 384 sio
630 334 705 385 anima
724 338 848 387 seeundum

44 400 91 449 vim
105 400 213 451 motivum
226 401 258 451 sit
278 415 332 465 pars
350 415 459 467 mouens,
475 407 500 454 et
516 418 598 469 eorpus
612 406 737 457 animatum
752 408 781 459 sit
797 422 850 473 pars

46 477 116 522 motu.

75 546 107 594 Ad
117 544 212 596 tertium
220 545 345 595 dicendum
350 583 359 609 ‚
371 545 433 609 qu'od
441 545 466 596 in
477 548 571 599 meterm
581 549 751 604 musidermtur
763 551 849 603 diuersi

48 618 124 679 gradus
135 617 302 682 perfeetionis,
315 617 373 668 siout
383 632 447 682 essu,
457 619 536 671 uivere
545 658 552 683 ‚
562 616 646 672 sentire
652 660 661 686 ,
673 626 696 673 et
707 622 847 687 iutelligere3

49 702 132 752 semper
152 693 231 739 eutem
249 690 376 740 seeundum
389 691 554 755 superueniens
564 693 635 758 priori
651 694 773 757 perfectius
790 699 846 747 est:

49 761 113 810 torma
122 761 474 826 erguquaedatsolumprimum
479 765 574 827 madum
581 765 728 829 perteettuuts
737 767 848 831 materie,

49 840 79 882 est
93 832 310 899 imperfectissimu;
324 835 364 884 sed
378 835 451 884 turma
460 850 510 899 quun
521 836 559 886 dat
570 836 683 901 primum,
693 838 851 889 etsemudmu

50 909 71 952 et
80 905 252 969 tertium‚etsiu
261 905 386 971 deinceps,
397 911 433 957 est
443 906 619 971 perfectissima,
628 914 650 959 et
660 911 740 961 tumen
748 908 850 961 malmin

53 976 186 1028 immediato.

80 1049 112 1098 dd
125 1053 233 1113 quarturm
251 1048 390 1112 dolendum,
405 1036 468 1113 quod
479 1051 594 1102 dmoenna
609 1051 686 1117 posuit
700 1053 785 1103 formas
799 1052 854 1102 uub-

50 1119 160 1171 stauddes
172 1121 343 1171 elementorum
352 1120 581 1184 integrasremauoro
590 1123 615 1173 in
623 1122 703 1184 mixto,
713 1122 850 1178 mixtionem

48 1195 121 1243 autem
136 1193 188 1244 fieri
199 1193 330 1244 secuudum
343 1192 404 1256 quod
418 1193 538 1244 contrariu
550 1194 673 1257 qualitates
690 1195 853 1246 elementorum

47 1264 183 1314 reducuntur
195 1266 227 1315 ad
240 1264 353 1322 medium.
363 1265 411 1317 sed
422 1265 468 1314 boo
479 1268 515 1315 est
525 1264 678 1330 impossibile3
690 1267 744 1329 quia
756 1265 852 1317 divom

48 1335 121 1387 lormm
133 1337 306 1388 elementorum
318 1349 365 1386 nun
375 1338 473 1399 possunt
486 1349 536 1387 esse
551 1336 597 1386 nisi
606 1336 632 1385 iu
643 1337 739 1389 diuersis
751 1337 853 1401 partibus

49 1409 196 1473 muteriue‚ud
209 1421 310 1473 querum
318 1407 475 1459 diversitatem
484 1408 680 1473 oportetintetlipi
690 1409 851 1471 dimensiones,
889 1414 897 1429 “

51 1480 189 1545 simeonibus
201 1480 303 1532 materia
315 1480 438 1531 diviubbis
449 1494 498 1532 esse
510 1495 556 1532 nou
569 1484 653 1546 potest.
667 1480 759 1532 Materia
773 1484 851 1533 nutem

52 1552 182 1605 dimensioni
189 1554 300 1619 subjectu
307 1566 356 1604 non
363 1552 478 1604 inuenitur
484 1554 560 1605 uisiin
566 1567 669 1619 oorpore;
678 1554 768 1605 diversa
776 1558 852 1606 autem

50 1638 136 1688 corpora
153 1640 205 1677 nou
215 1629 318 1691 possunt
330 1638 381 1677 esse
396 1624 422 1674 iu
432 1627 512 1675 eodem
526 1627 589 1689 lono;
600 1626 661 1677 unde
675 1625 778 1690 sequitur
791 1628 852 1691 quod

46 1699 155 1749 elementa
170 1699 219 1750 sint
234 1698 260 1748 iu
276 1697 350 1748 mixto
364 1696 474 1748 distincta
486 1700 613 1749 seeundum
628 1698 712 1763 situm,
722 1702 746 1751 et
758 1699 792 1749 itu
806 1713 853 1751 nou

45 1770 86 1819 erit
99 1784 153 1821 veru
165 1770 262 1831 mixtio,
272 1783 325 1834 qum
333 1772 373 1819 est
385 1770 509 1821 secuudum
517 1773 604 1831 tutum,
615 1771 655 1821 nod
667 1770 748 1823 mixtio
759 1772 788 1821 ad
800 1784 854 1823 seu-

44 1848 202 1908 sumquaeest
207 1843 337 1893 secuudum
346 1841 513 1906 minimajuutu
521 1842 852 1905 seposita.duerrboosautem

44 1915 117 1978 posuit
134 1916 160 1965 iu
169 1916 214 1964 Ill.
228 1914 264 1963 de
278 1913 348 1963 Coelo
359 1913 431 1978 (tert.
444 1916 506 1975 67),
519 1914 578 1977 quod
594 1914 672 1965 lormm
684 1916 851 1965 elementomm

43 1992 133 2053 propter
143 1987 182 2037 sui
196 1984 401 2051 imperfectionem
413 1988 466 2035 sunt
480 1985 562 2036 modim
575 1984 636 2035 inter
650 1986 735 2035 tormen
747 1985 852 2037 umidum·

43 2062 112 2124 tutes,
124 2063 151 2110 et
167 2057 346 2122 substantialem
358 2061 383 2108 et
395 2056 447 2107 ideo
459 2057 572 2123 recipiunt
584 2059 669 2121 mepte
679 2061 703 2107 et
717 2058 816 2120 miuus,
829 2061 853 2108 et

43 2132 91 2181 ideo
108 2131 261 2183 remittuntur
276 2131 304 2180 in
323 2128 452 2189 mixb'oue,
462 2132 487 2179 et
502 2129 536 2187 ud
547 2128 647 2179 medium
663 2128 816 2191 reducuntur,
831 2133 854 2181 et

45 2206 154 2255 condatur
165 2218 197 2254 ex
210 2201 246 2253 eis
257 2216 306 2252 unu
320 2203 403 2253 torma.
416 2202 460 2252 Sed
473 2203 516 2251 boe
529 2206 563 2251 ost
577 2200 646 2251 etiam
658 2199 732 2263 magis
745 2198 854 2264 imposui·

45 2276 94 2325 b'de.
105 2279 167 2327 Nam
178 2292 231 2325 eure
240 2274 394 2325 substantiale
404 2273 526 2337 euimtibet
538 2272 572 2323 roi
582 2272 607 2323 in
621 2270 729 2321 divisibili
739 2273 852 2337 consistit,

49 2353 69 2394 et
79 2348 153 2398 omnis
162 2347 252 2398 additio
260 2349 285 2396 et
293 2345 421 2396 subtractio
433 2344 504 2393 uariat
513 2343 624 2408 speeiem,
637 2343 698 2394 sient
707 2344 733 2394 in
743 2344 852 2407 numeris,

50 2422 70 2465 ut
82 2420 163 2470 dieitur
176 2418 275 2468 invlll.
290 2416 405 2481 Metopb.
422 2415 488 2479 (text.
509 2414 558 2479 lo).
571 2416 635 2467 Unde
650 2414 789 2479 impossibile
808 2420 852 2481 est,

46 2494 99 2552 quod
111 2491 192 2542 dorma
203 2488 363 2541 substantialis
372 2500 513 2553 quocunque
524 2486 618 2551 recipiat
628 2489 712 2551 mepte
723 2491 747 2537 et
757 2490 851 2539 miuus.

45 2565 87 2613 Noe
97 2563 180 2614 minius
194 2561 381 2627 estimpussibile
392 2558 495 2622 ‚ubuuid
505 2572 556 2610 esse
564 2560 664 2609 medium
677 2560 736 2610 iuter
746 2560 854 2611 substan·

45 2637 96 2686 tium
106 2643 131 2687 et
139 2634 259 2686 accidens.
271 2636 301 2685 Et
307 2635 361 2687 ideo
371 2631 493 2683 dicendum
507 2634 542 2682 est
553 2633 678 2683 seeundum
690 2631 852 2696 Philosophum

46 2708 65 2756 iu
75 2709 149 2772 primo
159 2708 191 2758 de
204 2706 371 2770 generatione,
384 2704 446 2768 quod
457 2704 536 2754 tormae
547 2704 711 2755 elementorum
721 2706 816 2754 mouent
825 2702 851 2753 in

47 2782 121 2845 murto,
130 2794 181 2830 uon
195 2782 264 2837 actu,
278 2780 316 2829 sed
327 2778 432 2838 virtute;
447 2779 540 2826 manent
548 2776 610 2827 enim
622 2777 742 2839 quulitutes
754 2774 852 2839 proprius

49 2853 220 2913 elementorum,
233 2850 287 2899 lieet
296 2847 407 2911 minime,
416 2847 442 2897 iu
450 2846 533 2911 quibus
545 2852 580 2899 ost
589 2847 795 2897 uirtumlormnrum
804 2845 852 2893 ele-

50 2924 190 2975 mentarium.
201 2923 231 2973 Et
243 2920 375 2986 hujusmodi
385 2919 485 2985 qualitas
496 2918 616 2972 mixtionis
626 2922 661 2970 ost
674 2918 766 2983 propriu
775 2915 853 2978 dispo-
