1984 3309
142 178 189 227 tta
319 182 418 231 samu,
436 182 529 227 uuam.
546 181 641 231 anun,
658 179 713 220 ann.
731 181 767 219 vu.

141 263 200 314 circa
210 259 328 313 sensibilia
339 272 380 323 per
394 257 510 320 accidens,
522 262 548 308 ut
557 257 610 308 cium
618 258 707 322 judicat
715 256 747 308 iel
759 270 812 310 esse
820 258 867 308 mel
874 271 946 323 prop

141 337 177 385 ten
188 331 270 383 coloris
282 330 463 381 similitudinem.
477 330 507 381 ut
519 329 590 393 buius
603 328 660 381 mbo
671 333 707 379 mt
718 327 744 378 iu
756 328 871 393 euidenti,
889 330 944 393 quia

141 404 170 455 ad
183 403 300 469 proprium
313 403 427 468 objectum
441 414 583 465 unaqueque
601 400 706 465 potentia
717 413 760 464 per
775 414 800 451 se
818 401 945 465 ordinatur,

139 472 945 539 secuudbmquodipsa3ounautemsuutbuiusmodi,sempereudem
985 537 987 540 Ι

141 547 208 599 modo
224 546 363 598 schabest:
381 545 442 595 nunde
457 547 563 595 manente
576 542 679 609 potentia
693 557 741 593 nou
754 543 834 594 delicit
847 544 898 609 ejns
908 550 946 607 ju·

140 618 225 669 dicium
246 617 305 668 circa
322 614 438 683 proprium
457 616 581 681 objectum.
598 614 717 679 objectum
736 619 812 665 autem
830 618 945 682 proprium

140 688 269 741 intellectis
280 691 315 742 est
330 688 444 753 qnidditas
455 683 502 749 nei3
513 687 573 737 unde
590 686 650 737 circa
667 687 818 751 quidditntem
829 688 864 739 n'ei
873 704 914 753 pen
922 704 946 740 se

140 761 262 825 loquendo,
274 760 406 812 intellectus
416 772 462 809 non
473 758 571 821 lbllitm3
582 759 621 808 sed
632 756 691 808 circa
700 772 727 809 ea
736 772 788 823 quae
799 759 947 811 circumstant

142 832 176 883 rei
192 832 315 882 essentiam
338 830 377 881 nel
396 828 561 895 quidditatem,
575 830 703 881 intellectus
720 834 798 894 potest
816 832 880 898 falti3
895 834 948 883 dum

141 916 212 953 unum
227 902 315 954 ordinat
333 901 361 952 ad
378 901 454 962 aliud,
470 901 507 951 uel
519 902 689 967 componendo.
706 902 743 953 vet
756 902 894 967 dividendo,
909 903 945 955 cet

141 975 209 1024 etiam
218 970 516 1039 ratiocinandobtpnopter
524 974 569 1023 boc
577 973 645 1023 ctiam
653 973 770 1025 ciccaillas
779 976 948 1041 propositiones
985 977 987 1040 ζ

140 1057 214 1095 errare
231 1058 278 1095 non
294 1046 384 1107 potest,
403 1056 454 1108 que
471 1044 549 1094 statim
566 1049 733 1109 cognoscuntur
750 1046 845 1109 cognita
865 1048 949 1099 termi-
985 1051 987 1098 i

140 1129 219 1167 norum
229 1116 363 1179 quiditate,
370 1113 432 1166 sicut
440 1114 523 1165 accidit
533 1115 592 1165 circa
599 1116 672 1181 prima
683 1116 811 1181 principia,
820 1132 850 1169 ex
861 1119 947 1183 quibus

139 1180 222 1237 accidit
237 1186 387 1237 infallibilitas
409 1186 512 1237 cecitatis
526 1187 649 1238 secundim
663 1188 822 1239 certitudinem
845 1191 949 1243 scientie
985 1201 987 1204 ·

140 1258 201 1309 cinca
219 1258 386 1309 conclusiones.
406 1260 449 1309 Per
464 1258 570 1309 accidens
585 1264 661 1312 tamen
675 1259 787 1323 mniugit
801 1261 947 1313 intellectum
985 1277 987 1280 ·

139 1330 214 1395 decipi
228 1329 286 1381 circa
299 1330 367 1396 qnod
376 1330 442 1395 qaid
454 1333 492 1381 est
504 1330 530 1380 iu
541 1332 609 1382 rebus
619 1332 767 1396 compositis,
781 1337 828 1385 uon
843 1340 948 1400 exparte

140 1402 232 1469 organi,
247 1402 300 1475 quia
318 1402 446 1453 intelectus
460 1416 507 1453 non
521 1406 556 1452 est
573 1402 646 1453 virtus
659 1409 726 1455 utens
744 1418 832 1470 organo
840 1443 849 1469 ‚
862 1408 907 1458 sed
921 1423 949 1459 ex
985 1467 987 1470 ¹

139 1480 203 1540 parte
216 1474 386 1540 compositionis
398 1473 573 1526 intervenientis
581 1474 641 1525 circa
650 1475 826 1541 diffinitionem
838 1480 897 1529 dum
910 1482 949 1531 vel
985 1487 987 1490 '

140 1546 246 1599 difinitio
259 1546 327 1601 nuins
342 1547 376 1597 rei
391 1550 427 1597 est
443 1546 499 1597 false
513 1546 542 1597 de
556 1546 613 1612 alia,
634 1548 695 1598 siem
706 1547 812 1600 diffinitio
823 1550 909 1603 circuti
922 1554 950 1603 de
985 1611 987 1614 ,

140 1618 265 1683 triangulo3
281 1619 318 1669 vel
332 1618 386 1669 dum
401 1618 476 1682 aliqua
493 1617 599 1669 diffinitio
612 1623 649 1669 est
661 1619 685 1669 in
702 1634 727 1670 se
741 1620 812 1683 falsa,
824 1622 950 1687 implicans

140 1690 327 1754 compositionem
340 1690 517 1754 impossibilium
522 1694 565 1753 ‚ut
579 1690 600 1740 si
615 1691 738 1755 accipiatur
746 1694 791 1743 boc
799 1697 826 1743 ut
836 1694 950 1746 diffinitio
985 1699 987 1764 ζ

141 1759 237 1825 alicujus
252 1760 299 1825 rei,
317 1762 416 1811 animat
432 1762 559 1812 nationale
578 1761 677 1812 oletum
688 1763 734 1829 (1).
749 1763 814 1815 Unde
835 1764 861 1815 iu
880 1769 952 1817 nebus
985 1767 987 1770 ’

141 1831 282 1895 simplicibus
302 1833 437 1897 inquorum
459 1832 635 1884 diffinitionibus
650 1835 787 1899 compositio
807 1836 952 1890 intervenire

140 1916 188 1954 non
202 1907 289 1967 potest,
304 1915 351 1956 nou
373 1920 493 1970 possumus
513 1906 602 1970 decipl3
618 1908 657 1957 sed
673 1908 791 1958 delinimus
802 1906 830 1958 in
850 1912 953 1963 totaliter

141 1989 186 2027 non
201 1976 349 2041 attingendo,
363 1977 423 2028 sicut
434 1976 517 2027 dicitur
532 1978 557 2027 iu
570 1978 609 2029 tx.
628 1978 765 2044 ttetnptyc.

173 2049 207 2099 lld
220 2049 319 2113 primum
338 2058 391 2113 engo
412 2048 546 2111 dicendum,
567 2048 626 2113 quod
648 2050 734 2101 falsitas
756 2050 840 2101 dicitur
853 2067 908 2105 csse
929 2056 951 2105 iu

141 2122 232 2182 mente,
246 2120 370 2171 secuudbm
384 2119 572 2183 compositionem
594 2134 621 2171 ac
638 2120 781 2172 diuisionem.
795 2123 826 2173 Et
840 2124 951 2177 similiter

141 2190 262 2242 dicendum
272 2194 307 2243 est
315 2194 342 2242 ad
354 2192 479 2242 secundnm
490 2193 518 2243 de
531 2191 639 2257 opinione
647 2196 670 2243 et
685 2192 868 2245 ratiocinatione.
879 2195 912 2246 Et
921 2198 949 2247 ad

140 2262 241 2327 tertium,
256 2264 283 2315 de
296 2276 369 2315 erroro
383 2263 536 2329 peccantium,
546 2263 586 2327 qui
598 2264 700 2315 consistit
710 2264 736 2313 in
746 2265 907 2329 applicatione
922 2270 950 2318 ad

139 2334 271 2401 appetibile.
289 2336 335 2389 Sed
349 2334 375 2385 in
398 2336 502 2387 absoluta
521 2331 702 2388 ¹consideratione
720 2336 855 2403 poidditatis
872 2341 910 2390 rei
930 2344 953 2391 et

140 2420 218 2459 comm
235 2422 287 2473 qne
300 2421 343 2475 per
363 2420 417 2479 eam
428 2411 602 2473 cognoscuntur,
615 2408 744 2460 intellectus
754 2421 874 2473 nunquam
890 2412 953 2463 ‹teci-

140 2479 210 2545 pitun.
222 2481 251 2533 Et
264 2479 297 2531 sic
313 2480 436 2551 loquiuntnr
448 2480 595 2532 auctoritates
604 2480 629 2530 iu
641 2480 780 2532 contrariam
792 2480 906 2535 inductae.

172 2597 205 2661 (1)
220 2599 267 2645 tut
280 2598 351 2649 ettam
365 2600 390 2647 ia
408 2600 516 2647 animalis
531 2598 664 2647 delinitione
684 2602 821 2649 insensibile
836 2611 950 2661 ponatur,

142 2662 202 2707 sicut
213 2662 299 2709 libili
313 2662 348 2707 Dc
359 2663 444 2707 noima
454 2674 524 2718 super
535 2664 597 2707 bunc
607 2668 696 2709 textum
709 2677 751 2721 pso
762 2668 872 2722 exemplo
883 2681 953 2714 usur-

142 2732 191 2783 pat.
204 2728 308 2781 Sequens
316 2729 393 2773 autem
406 2726 521 2783 appendix
530 2738 582 2783 qum
593 2726 692 2778 babetur
701 2728 726 2771 iu
734 2727 780 2772 liue
791 2728 847 2775 libri
858 2732 892 2775 IX
903 2732 951 2775 atle-

143 2788 248 2845 taphum:
259 2786 372 2844 siguificat
384 2800 427 2843 aps
436 2794 533 2837 eotenus
545 2789 570 2832 iu
578 2789 730 2843 spiritualium
741 2791 875 2848 cognitione
889 2793 950 2838 ded-

143 2862 196 2911 cerc
211 2849 274 2907 quod
284 2850 346 2897 uuio
357 2850 424 2901 modo
436 2863 464 2899 ca
473 2851 644 2911 cognoscimus.
