1984 3309
197 188 202 194 ·
224 175 256 212 nil
269 167 423 216 imminuo
431 175 468 214 ’π
482 174 667 216 mutumne·
798 169 845 217 'lte

76 249 111 300 id
120 250 218 315 primum
229 264 284 314 engo
293 250 429 314 dicendum,
438 251 502 316 qudi
511 252 710 303 involuntarium
719 253 846 306 voluntarla

45 321 176 386 opponitur.
186 321 276 372 llictum
285 326 320 373 est
328 326 404 373 anum
413 320 481 386 eupit
488 361 497 387 ‚
511 321 570 388 qudd
580 325 755 375 voluntarium
766 324 847 376 dicitur

47 406 93 444 non
101 390 174 442 solum
185 396 250 443 actus
261 393 302 458 qui
311 398 347 444 est
359 394 490 445 immediati
500 396 573 460 ipsius
583 395 718 460 uoluntatis,
729 397 768 447 sed
779 395 847 448 etiam

46 469 110 516 amns
127 463 272 517 duoluutate
285 465 418 530 imperatus.
431 467 545 524 mantum
559 467 629 531 igitur
641 469 670 518 ad
679 471 753 518 actum
764 469 803 532 qui
812 473 847 520 est

46 534 177 586 inmeante
194 535 267 600 ipsius
285 538 411 588 uoluntatis
415 574 425 602 ,
436 541 466 588 nt
482 538 551 602 supra
570 539 655 590 dietum
675 541 723 604 est,
738 539 847 592 violentia

47 608 246 660 uoluntaliiniemi
255 623 302 660 non
312 613 400 676 potest,
411 611 452 661 sed
463 615 574 674 quantum
584 611 612 660 ad
623 613 699 662 actum
710 611 846 676 imperatum

47 683 152 732 voluntas
162 682 241 744 potest
260 681 307 744 pati
325 681 474 746 uiolentiam
489 685 513 732 et
526 685 635 746 quantum
650 683 678 732 ad
693 685 754 735 hune
770 687 845 734 actum

47 752 156 803 uolentia
171 751 373 802 involuntarium
386 752 450 803 fucit.

76 824 113 874 id
126 823 252 874 secundm
268 823 402 888 dicendum,
412 823 473 888 quod
489 823 549 875 sicut
561 825 678 874 naturale
689 821 770 876 dieitur
784 823 845 890 quod

48 901 82 946 est
97 893 222 946 seeundum
233 894 404 946 inclinationem
417 900 515 959 adure,
530 897 563 946 ita
573 895 748 946 volontarium
762 897 845 950 dicitur

48 967 106 1031 quod
123 969 160 1016 act
178 964 301 1016 somnddm
321 965 490 1018 intinctionem
511 966 644 1018 uoluntatis.
664 966 750 1018 Dicitur
769 969 845 1020 antem

49 1038 130 1104 uliqu‘ul
143 1039 247 1088 naturale
261 1037 390 1102 dupliciter.
400 1039 450 1089 llno
459 1039 540 1102 modo,
551 1037 604 1102 quia
613 1042 649 1089 est
660 1037 770 1101 tnaluua,
784 1039 845 1091 sicut

49 1111 61 1159 i
81 1109 195 1175 principio
208 1109 285 1160 cutim
302 1122 309 1159 t
325 1109 387 1160 sient
400 1110 524 1160 calefacere
542 1113 576 1160 cst
597 1111 699 1162 nummio
717 1111 774 1176 igni.
795 1111 845 1162 alio

48 1183 115 1233 modo
123 1179 251 1232 secuudum
263 1181 401 1245 principium
415 1181 545 1244 passivum,
558 1181 611 1244 quia
623 1181 709 1232 scilicet
722 1185 758 1232 est
767 1182 846 1232 innata

48 1254 166 1304 inclinatio
181 1253 209 1302 ad
229 1252 386 1317 recipiendum
410 1251 524 1303 actionem
542 1251 677 1317 dprlncipio
692 1254 844 1306 extrinseco:

48 1327 191 1377 sicutmotus
199 1324 250 1376 ooeli
260 1324 402 1375 dieituresse
415 1323 526 1374 natumlls'
535 1327 629 1388 propter
643 1323 792 1389 aptitudinem
806 1338 847 1376 na-

50 1400 144 1450 turalem
162 1394 263 1451 denen
281 1397 382 1461 corpoeis
393 1395 422 1447 ad
439 1396 509 1446 talem
524 1398 625 1458 motum,
636 1394 690 1446 licet
706 1409 801 1446 movens
817 1397 848 1447 sit

49 1469 209 1533 uduntarlunn.
232 1469 261 1520 lit
279 1468 384 1518 similitu
403 1466 579 1517 oduutarium
602 1469 678 1531 potest
700 1466 784 1530 aliquid
804 1463 849 1518 diei

50 1541 170 1607 dupliciter
184 1556 190 1590 :
202 1553 251 1591 uno
265 1540 332 1591 modo
351 1537 475 1590 mcundulm
490 1538 615 1596 actionem.
630 1537 686 1602 pull
699 1535 751 1588 edm
767 1534 848 1602 edonis

49 1612 197 1677 vultuique
215 1621 295 1675 ngeue3
309 1610 354 1663 alio
370 1610 438 1661 modo
457 1607 583 1661 seeundum
603 1609 748 1673 passionem,
761 1606 847 1660 scilieet

50 1685 99 1735 cim
108 1684 248 1748 mquuunlt
258 1682 307 1748 pati
315 1683 345 1733 ab
353 1683 407 1733 alio.
418 1681 483 1732 Unde
491 1679 544 1730 olum
555 1680 615 1730 aetio
629 1679 725 1730 inicitur
734 1679 762 1730 ab
771 1677 846 1744 aliquo

50 1757 166 1820 excedent,
180 1760 288 1807 menenio
301 1755 328 1806 in
343 1767 371 1806 eo
382 1753 422 1819 qui
434 1753 520 1818 patitur
533 1753 649 1804 uoluntate
667 1751 784 1818 patiendi,
799 1763 846 1802 non

51 1835 83 1879 est
98 1828 232 1894 simpliciter
243 1827 394 1889 violentum
404 1825 457 1890 quia
468 1824 523 1876 licet
533 1824 572 1875 ille
583 1824 623 1888 qni
633 1824 718 1888 patitur
730 1835 778 1874 non
791 1835 860 1894 con-¹

51 1901 106 1950 ieret
124 1901 229 1964 agendo,
242 1899 329 1950 content
346 1901 423 1948 nmen
439 1896 538 1948 nolendo
550 1896 598 1960 peti
614 1912 620 1945 ε
635 1897 696 1947 nude
709 1905 755 1946 non
771 1899 846 1959 potest

50 1972 93 2022 dici
107 1971 321 2023 involuntarium.

79 2045 113 2095 nd
126 2043 221 2095 tertium
231 2041 365 2104 dicendum,
375 2040 437 2106 quod
449 2041 509 2091 sicul
519 2039 673 2103 Philosophus
683 2036 738 2087 dicit
749 2037 773 2086 in
785 2037 846 2087 Vlll.

53 2115 148 2180 ntyeic.
167 2115 243 2177 (text.
263 2115 325 2177 tt),
337 2116 412 2164 motus
431 2111 536 2162 animalis
550 2123 596 2174 quo
612 2109 725 2159 intumum
744 2111 849 2158 movetur

53 2187 133 2236 anmel
146 2190 226 2237 contra
242 2187 364 2237 naturalem
378 2180 547 2235 inclinationem
560 2179 676 2244 conponis,
695 2179 737 2229 etsi
755 2189 802 2230 non
817 2180 849 2230 sit

52 2258 160 2309 cammite
178 2258 283 2323 conponi,
298 2259 426 2308 esttamen
438 2253 603 2319 quodammodo
617 2249 726 2302 naturalis
741 2250 847 2314 animali,

53 2330 88 2379 cui
101 2331 204 2380 medule
212 2333 248 2381 est
256 2329 318 2394 quod
334 2326 460 2380 seeundum
476 2325 603 2390 appetitum
616 2325 732 2373 moveatur
743 2337 749 2372 :
759 2325 783 2373 et
796 2322 849 2374 ideo

52 2403 93 2452 loc
108 2416 156 2454 uon
172 2404 210 2454 est
231 2402 358 2453 videntum
376 2397 528 2463 simpliciter,
546 2393 586 2448 sed
599 2391 724 2446 secuudum
742 2393 805 2458 quid.
820 2393 850 2444 lit

52 2475 155 2526 simililer
173 2477 210 2526 est
227 2473 349 2524 dicendum
368 2470 420 2522 cium
437 2469 520 2533 aliquis
539 2467 635 2518 inlleetit
654 2465 754 2516 membru
771 2468 849 2516 eontra

53 2547 176 2597 uatumlem
191 2543 375 2610 dispositionem
394 2544 437 2592 lnoc
453 2542 517 2593 enim
532 2542 566 2592 est
581 2537 706 2588 violentum
724 2535 849 2588 secundiano

54 2618 122 2680 quid,
139 2617 227 2669 scilicet
240 2619 352 2681 quantum
363 2615 392 2665 ad
407 2613 534 2664 membrum
547 2609 694 2676 particulare,
708 2621 754 2660 non
769 2610 848 2660 tannen

55 2689 184 2754 emuniter
196 2692 305 2754 quantum
319 2688 347 2738 ed
357 2686 434 2751 ipsum
447 2683 572 2737 hominem.
