1984 3309
142 163 188 212 tit
303 167 377 209 ruma
392 143 521 219 monne,
535 162 627 215 oum.
647 166 669 218 a,
684 162 741 205 aar.
759 163 785 203 rr.
967 170 969 229 r

141 249 197 300 reri
209 261 261 314 que
276 247 364 298 ratium
377 250 468 310 carent,
482 245 581 296 uniunt
592 243 619 293 iu
630 242 701 294 tinem
711 246 807 308 propter
815 239 940 292 animalem

141 320 320 383 inclinationem,
333 319 398 383 quusi
412 319 441 369 ab
459 317 506 368 aiio
518 320 592 380 mota,
604 327 651 366 non
662 319 741 366 autem
755 315 768 365 i
781 312 879 379 elpes,
892 312 940 364 cin
967 330 968 365 1

142 406 187 445 uun
199 393 337 458 cognoscant
350 389 462 441 rationem
472 389 542 439 linis:
555 391 579 440 et
591 388 643 438 ileo
652 387 712 438 nihii
722 386 749 437 iu
759 387 829 438 tinem
837 385 941 437 ‘ulmae
967 436 968 443 ,

141 465 251 530 possum,
263 463 304 514 sed
315 459 389 513 solim
397 461 422 512 in
433 461 503 512 inem
512 461 541 510 nb
551 459 596 510 alio
606 459 756 522 erimantum
766 472 822 510 uam
831 460 883 508 tcta
892 457 942 507 irra-
967 462 968 487 ³

141 535 231 588 tioualis
246 538 327 585 uutnru
343 537 486 598 comparatur
503 533 532 583 nri
550 533 621 583 mum
644 530 705 582 ucut
719 530 905 581 imitamentum
919 528 941 576 al

141 622 211 673 agens
225 607 364 674 principale,
379 609 404 656 ol
417 605 485 670 supra
498 605 602 656 habitum
617 607 652 654 est
663 605 706 667 (1).
717 603 751 654 lit
763 604 818 655 ideo
830 601 942 670 proprian

141 684 177 732 cst
192 683 279 730 natura
295 677 412 730 rationalis
425 681 451 727 ut
464 677 544 726 teum
560 675 585 726 io
599 675 685 737 inem,
703 674 769 738 quau
782 687 810 726 se
827 672 942 739 agenorei
968 658 970 751 1

141 751 227 802 ducens
243 748 272 801 ad
288 751 369 813 inern3
384 753 468 799 nature
480 747 538 799 ueri
549 747 686 798 urationalis
693 784 702 810 ,
714 746 784 810 quast
799 747 830 797 ab
840 747 889 798 aiio
901 747 942 795 acte
968 762 970 809 !

142 825 178 874 uel
192 824 272 886 ducta,
285 823 334 873 sive
347 821 373 870 iu
389 821 456 871 tinem
471 820 654 883 apprehensum,
669 818 731 869 sicut
743 817 814 868 bruta
826 817 942 875 animalia,

141 895 189 947 sire
202 895 228 945 iu
240 896 308 946 inem
319 907 365 944 nou
383 892 565 957 apprehensum,
581 890 641 962 sicut
654 903 682 941 ea
692 901 745 954 qun
756 890 857 942 omniuo
870 889 942 953 cogn·

142 967 205 1018 uoue
220 969 306 1017 esunt.

174 1040 207 1090 id
221 1039 320 1104 primunr
331 1051 384 1101 ergo
396 1037 530 1100 dicendum,
542 1035 603 1100 quoa
615 1036 705 1100 panio
716 1037 788 1087 homo
796 1049 841 1100 per
850 1036 942 1101 seipsum

143 1111 190 1174 agit
200 1114 293 1175 propter
305 1109 388 1172 inem,
399 1107 608 1172 cognoscit'inem3
621 1108 663 1158 sel
673 1107 765 1171 quando
778 1108 809 1158 ab
822 1107 871 1160 olio
882 1108 944 1174 agitne

143 1183 181 1233 uel
196 1183 298 1246 ducitur,
314 1181 369 1246 poti
389 1180 441 1231 cunr
465 1181 554 1243 agitari
570 1179 693 1245 imperim
710 1179 820 1242 awaus,
841 1181 886 1232 sei
902 1178 945 1229 cin
969 1148 971 1223 1

143 1258 248 1304 mouetur
258 1252 329 1304 altero
335 1251 476 1317 impellente,
489 1263 536 1302 non
545 1254 580 1302 est
589 1249 744 1302 necessarium
755 1250 820 1315 quod
829 1255 945 1317 cognoscat
969 1254 971 1299 ἓ

144 1325 226 1390 linem3
241 1325 309 1377 etita
322 1328 357 1376 est
369 1324 394 1374 iu
406 1325 518 1375 creaturis
529 1323 706 1375 irrationalibus.

176 1399 208 1449 iu
223 1397 346 1448 secuudum
361 1395 495 1460 dicendum,
511 1395 571 1461 quod
590 1395 694 1446 ordinare
706 1395 731 1445 iu
745 1394 833 1459 tinem,
847 1401 888 1448 est
905 1396 946 1460 ejus

144 1470 204 1532 quod
221 1469 321 1533 seipsum
338 1467 383 1532 apii
396 1467 421 1517 iu
432 1467 517 1531 tineen3
532 1468 583 1531 eius
597 1465 653 1518 verli
663 1468 723 1531 quud
736 1468 765 1517 ab
780 1467 828 1519 alio
841 1467 945 1534 opimio

144 1541 213 1591 iiuem
232 1545 268 1592 est
280 1539 380 1591 ordinari
389 1538 414 1590 in
429 1539 511 1603 iiuem3
526 1539 586 1606 quud
601 1541 677 1603 potest
689 1552 742 1590 usse
756 1538 903 1592 irrationalis
911 1553 943 1590 na-

144 1615 213 1675 turae,
229 1613 268 1664 sed
282 1611 309 1661 alr
324 1611 399 1676 aliquo
414 1611 527 1662 ontionem
540 1609 649 1661 habente.
970 1636 972 1707 p

177 1683 210 1732 to
226 1682 318 1734 tertium
336 1683 471 1748 dicendum,
482 1681 542 1748 qulrrl
552 1683 667 1747 objectum
679 1682 806 1735 uoluntatis
817 1687 856 1737 est
867 1685 919 1736 inis
928 1690 945 1732 et

144 1753 229 1805 bonum
246 1753 271 1802 in
289 1753 413 1804 universali
429 1770 435 1804 :
451 1756 511 1805 unde
529 1767 575 1804 non
595 1757 736 1819 potestesse
752 1756 867 1808 voluntas
879 1758 905 1808 in
916 1758 946 1806 iis

145 1829 288 1889 quererent
303 1825 390 1876 ratione
404 1828 427 1876 et
439 1825 572 1890 intellectu,
586 1824 640 1876 cim
653 1839 699 1877 uon
715 1827 808 1892 possint
820 1831 946 1893 apprehen·

145 1898 198 1950 dere
211 1897 355 1962 uncum
374 1899 414 1948 sei
429 1901 464 1949 est
474 1897 501 1948 in
515 1893 550 1949 eis
565 1897 681 1962 appetitus
695 1898 808 1950 muralis
826 1901 867 1952 nel
883 1901 948 1952 seus-

146 1971 206 2022 tivus
222 1969 383 2022 determinatus
397 1971 425 2021 ad
442 1969 533 2034 aliquod
547 1970 632 2039 boum
645 1969 791 2034 particulare.
804 1971 947 2023 limitemur

146 2046 222 2093 autem
234 2046 270 2094 est
285 2041 345 2106 prod
359 2041 510 2107 particulares
523 2053 597 2092 causae
609 2044 731 2092 morentur
747 2041 761 2092 l
774 2055 847 2094 musa
860 2044 949 2096 univer·

146 2114 187 2164 seli
193 2152 202 2180 ,
215 2115 286 2179 sicul,
300 2113 352 2164 cum
362 2117 438 2167 rector
446 2111 546 2163 ciuitatis
557 2111 597 2176 qul
611 2112 710 2163 intendit
722 2113 811 2164 bonurn
822 2127 948 2174 commuue,

146 2191 223 2237 movet
237 2199 278 2236 suo
291 2185 388 2251 imperio
403 2184 480 2237 omnia
492 2183 635 2249 particularia
648 2184 724 2235 nicia
735 2185 853 2251 είνίῐεῇες
866 2193 891 2239 et
902 2188 948 2237 ideo

146 2269 239 2311 necesse
256 2258 360 2324 estquod
372 2258 447 2309 cornia
459 2271 511 2321 qua
526 2259 602 2308 urent
610 2258 698 2308 ratione
708 2263 848 2311 moueantur
856 2259 883 2309 iu
896 2261 948 2309 ines

146 2329 293 2393 particulares
310 2331 338 2382 ab
355 2330 433 2394 aliqua
447 2330 565 2380 uoluntate
582 2328 748 2393 rationalique
764 2342 790 2381 se
808 2333 947 2384 extenditio

147 2402 230 2453 honum
244 2403 386 2466 uniuersale,
400 2402 488 2452 scilicet
500 2401 514 2452 i
526 2402 643 2452 uoluntate
658 2401 745 2452 diuina.
776 2396 781 2405 '

180 2564 211 2628 (1)
227 2569 399 2624 AEquivaleuter
412 2569 431 2615 1.
445 2573 517 2627 port,
527 2581 568 2625 qu.
580 2567 619 2625 ii,
633 2575 676 2614 art.
691 2569 716 2626 ἢ,
730 2569 760 2614 ad
768 2568 793 2628 1,
805 2576 829 2616 et
842 2583 883 2627 qu.
896 2568 946 2626 1⁰3,

147 2635 191 2676 art.
203 2629 226 2690 1,
238 2631 266 2675 ud
279 2629 302 2689 i,
318 2643 365 2675 nou
377 2631 437 2676 sicut
447 2631 511 2690 prius
521 2643 560 2688 qu.
575 2629 629 2686 105,
643 2637 690 2676 nrt.
699 2630 723 2691 i,
733 2632 775 2677 ubl
788 2633 948 2680 universaliter

147 2693 243 2738 inomni
255 2699 366 2748 operante
377 2693 460 2738 dicitur
472 2694 573 2750 operari
