1984 3309
118 249 179 295 omn
193 246 353 287 suamnecrns
367 246 392 287 ιιι
406 246 481 286 mnus
494 246 585 287 ιιιιιιι.
601 244 747 288 coenosam.
792 234 838 285 ιιι

34 328 105 391 potest
116 326 225 379 concludi
234 326 374 391 singularis,
388 325 433 377 nisi
444 325 559 377 mediante
572 326 647 391 aliqua
662 325 840 391 singularigpro

34 400 144 463 positione
159 402 283 463 assumpta.
299 398 364 449 Unde
377 396 514 449 universalis
526 397 583 448 ratio
599 395 840 463 intellectuslpractici

34 486 75 522 oon
93 476 174 522 movet
188 470 236 521 nisi
250 469 367 521 mediante
380 470 513 535 particulari
525 470 708 534 apprehensione
722 468 839 522 sensitiva

33 544 114 607 partis,
127 548 156 594 ut
172 542 256 593 dicitur
268 542 294 592 in
306 543 344 593 ΙΙΙ.
357 546 392 591 De
402 544 489 591 ooimo
503 543 570 606 (text.
585 541 632 606 58).

61 618 94 667 ad
109 614 207 667 tertium
219 615 357 675 dicendum,
370 610 428 677 qudd
440 614 554 677 singulare
569 627 616 664 non
630 617 744 679 repugnat
756 614 842 665 intelli-

33 689 108 753 genti,
116 689 141 737 in
153 690 266 753 ιιιιιιιιιιιιιι
276 690 312 735 est
321 685 445 749 singulare,
453 687 494 736 sed
502 686 527 735 iu
538 691 649 751 quesitum
660 690 696 738 est
709 687 839 751 materiale;

34 763 83 824 quia
98 759 157 811 ninii
177 758 315 823 intelligitur
331 757 379 807 uisi
394 757 580 809 immaterialiter.
598 758 628 809 Et
646 760 696 809 ideo
714 758 734 811 si
748 760 779 809 sit
793 759 839 810 ali-

34 833 85 895 quid
99 831 216 897 singulare
234 834 258 881 et
275 829 439 893 immateriale,
454 828 512 881 sicut
528 834 563 881 est
573 831 722 895 intellectus,
732 831 777 886 hoc
793 846 840 884 nou

35 910 143 969 repugnat
155 902 306 969 intelligenti.

66 978 99 1027 td
117 979 226 1042 quamam
246 974 385 1039 dicendum,
398 972 458 1039 qudd
479 973 554 1040 virtus
572 974 674 1040 superior
692 979 767 1040 potest
785 976 842 1029 illud

35 1048 95 1113 quad
108 1050 180 1099 uirtus
190 1047 298 1111 interior,
309 1048 349 1097 sed
366 1046 510 1098 eminentiori
523 1047 600 1097 modo.
614 1047 679 1098 llude
693 1049 717 1100 id
728 1050 789 1115 quod
803 1044 841 1101 eo-

35 1121 121 1185 guoscit
134 1134 218 1173 sensus
237 1118 386 1172 materialiter
399 1123 422 1170 et
441 1118 548 1170 concrete
567 1119 638 1185 (quta
652 1123 687 1172 est
704 1135 841 1187 cognoscere

35 1194 143 1257 singulare
158 1192 264 1257 directe)
280 1192 325 1242 troc
340 1192 471 1255 cognoscit,
483 1190 614 1242 intellectus
626 1192 804 1247 immaterialiter
818 1198 842 1245 et

37 1264 155 1331 mamete,
170 1265 234 1331 quod
247 1266 285 1315 est
294 1276 430 1329 cognoscere
441 1263 580 1316 universale.

335 1434 501 1489 declaratus
516 1438 546 1489 ll.

100 1565 191 1615 Utrdm
200 1563 340 1613 intellectus
349 1568 428 1611 noster
440 1564 514 1623 possit
524 1551 661 1623 cognoscere
669 1567 774 1627 infinita.

62 1698 96 1749 ld
114 1696 245 1751 secundum
265 1692 300 1761 sic
316 1692 446 1759 proceditur
455 1692 500 1759 (l).
514 1693 609 1745 Videtur
629 1694 690 1759 quta
714 1698 843 1752 intellectus

37 1776 109 1822 noster
122 1768 199 1835 possit
212 1781 351 1833 cognoscere
366 1766 461 1817 infinita.
472 1768 533 1817 [leus
545 1761 605 1818 euim
617 1769 707 1819 excedit
720 1772 797 1821 omnia
806 1773 843 1824 in-

37 1842 162 1895 animam
175 1840 308 1891 intellectus
316 1842 394 1889 noster
405 1840 481 1903 potest
493 1848 630 1902 cognoscere
644 1841 723 1906 Deum,
739 1846 842 1909 utsupra

36 1916 168 1966 dictumest
183 1914 234 1976 (qu.
251 1915 282 1961 12
292 1950 301 1976 ,
310 1914 354 1961 art.
371 1910 405 1977 i).
421 1912 481 1975 Ergo
491 1912 564 1962 multo
573 1912 646 1976 magis
655 1917 732 1977 potest
744 1929 842 1981 coguos-

36 2000 81 2037 oere
92 1986 174 2039 omnia
181 1984 231 2035 valia
243 1982 344 2033 intinita.

64 2064 86 2109 ι.
98 2060 219 2109 Preterea
231 2055 377 2119 ,intedectus
391 2056 469 2107 noster
483 2059 550 2108 natus
563 2060 600 2107 est
612 2070 749 2120 cognoscere
758 2070 843 2122 genera

36 2136 56 2181 et
73 2132 176 2197 species.
195 2128 242 2179 Sed
263 2128 413 2193 quorumdam
433 2140 541 2193 generum
557 2132 610 2179 saint
627 2129 721 2182 infinitae
739 2130 843 2195 species,

36 2201 216 2266 saulaumon,
230 2200 389 2267 proportiones
401 2203 425 2253 et
444 2201 531 2265 ligure.
548 2200 607 2265 Ergo
623 2201 754 2252 intellectus
766 2207 844 2255 noster

37 2289 63 2337 po
64 2280 110 2327 test
122 2286 265 2339 cognoscere
278 2272 378 2324 infinita.

66 2353 87 2398 ³.
105 2350 243 2409 Praeterea,
258 2346 362 2397 sinuum
378 2356 458 2411 carpus
471 2358 519 2397 nan
532 2343 655 2409 impediret
667 2347 729 2401 aliud
742 2348 771 2399 ah
784 2349 844 2401 eam·

38 2421 119 2472 tendo'
113 2434 139 2471 ιιι
151 2431 201 2470 uno
214 2422 239 2467 et
252 2418 334 2468 eodem
345 2416 406 2489 loco
422 2417 479 2469 nihil
493 2418 623 2482 prohiberet
641 2418 731 2471 infinita
750 2434 845 2485 corpora

39 2491 59 2539 in
73 2506 118 2543 uno
133 2493 187 2543 loco
202 2502 261 2542 esse.
278 2491 324 2540 Sed
343 2503 390 2539 una
405 2490 493 2555 species
511 2489 662 2554 intelligibilis
680 2506 727 2543 uon
740 2495 847 2557 prohibet

40 2563 101 2615 uliam
117 2566 147 2615 ah
162 2562 284 2614 existendo
298 2562 366 2613 simul
378 2562 403 2611 iu
417 2564 497 2613 eodem
511 2561 643 2626 intellectu;
658 2565 771 2629 contingit
783 2567 845 2618 enim

40 2638 105 2686 multa
115 2637 176 2689 scire
193 2635 219 2685 iu
232 2633 321 2685 habitu.
337 2634 397 2699 Ergo
410 2634 468 2684 nihil
477 2634 581 2698 prohihet
591 2634 846 2695 intellectumuostrnm

40 2705 179 2760 infinitorum
195 2705 320 2758 scientiam
333 2705 452 2756 haberem
466 2706 553 2756 habitu.

70 2783 90 2829 t.
106 2782 243 2843 Praeterea,
259 2776 424 2827 intellectus
403 2792 455 2827 cum
468 2790 515 2830 uon
528 2776 558 2829 sit
572 2778 644 2831 virtus
657 2759 757 2833 maasiae
767 2795 847 2848 corpo

43 2942 147 3063 magiae
158 2946 280 2997 tilaetiam
291 2943 361 3005 inira,
376 2954 415 3004 aa.
425 2943 470 3007 87,
483 2950 529 2993 art.
541 2944 556 2991 3
570 2947 600 2994 nd
611 2945 640 3003 te
651 2953 678 2995 et
691 2946 793 3007 opem„
800 2947 845 3005 tx,

165 3118 195 3157 11.
754 3108 770 3154 9
