1984 3309
209 134 240 172 uu
255 132 464 179 eousuoururruus
479 132 556 172 acius
570 134 692 173 numos.
805 129 850 175 otu

346 264 504 317 dRTICULUS
520 266 557 315 111.

47 374 141 419 Utrttm
155 376 224 418 actus
242 371 372 427 dumanas,
389 374 417 417 io
430 376 549 430 quantum
563 377 598 419 eut
616 375 690 419 tonus
702 377 740 420 vet
758 378 849 431 neotus,

199 436 283 481 trudeat
299 437 417 481 rationem
436 438 518 481 meriti
530 438 568 482 oet
587 438 704 484 demeriti.

78 548 114 597 dd
125 545 219 597 tertium
236 544 268 595 sio
284 544 411 609 proueditur
424 544 467 609 (t).
482 545 576 595 Videtur
585 546 646 610 qudd
660 550 723 598 aetus
738 540 852 600 humau'us

45 633 93 669 uon
116 617 200 668 habeat
214 616 323 666 rationem
338 614 412 666 meriti
431 616 468 665 uei
482 617 586 667 demeriti
598 622 690 682 propter
703 632 767 669 suam
787 620 852 670 boui·

47 695 118 740 tatem
130 690 169 739 vet
181 688 299 739 maiitiam.
311 687 432 739 Meritum
448 688 509 737 enim
522 693 546 738 et
556 689 709 740 detoueritum
719 690 800 742 dieitur
811 706 853 755 per

46 764 154 812 ordinem
170 761 198 811 ad
210 760 391 821 retributionem,
401 774 451 823 quae
466 759 541 810 iocum
549 760 621 811 solium
634 762 703 812 habet
716 762 741 812 in
755 763 791 813 his
802 778 852 828 quae

47 837 76 885 ad
94 835 194 883 alterum
207 836 269 882 suut.
282 832 327 881 Sed
341 846 386 882 uon
404 844 482 881 omues
496 834 559 881 aetus
574 832 666 881 humani
680 832 733 882 boui
746 835 783 884 uel
798 836 851 886 mali

46 910 102 957 sunt
118 906 147 955 ad
158 905 266 966 atterum,
277 905 317 955 sed
326 905 417 968 quidam
428 904 519 953 suntad
531 903 638 967 seipsum.
649 906 709 967 Ergo
720 920 766 956 uon
776 907 851 958 omnis

48 984 116 1028 aetus
132 980 247 1027 humanus
265 977 340 1027 bouus
357 976 395 1027 vei
411 976 483 1027 maius
501 976 570 1026 habet
586 975 697 1027 rationem
716 977 793 1028 meriti
814 980 852 1029 vet

49 1050 164 1101 demeriti.

80 1127 106 1171 2.
121 1122 250 1183 Praeterea,
262 1122 337 1171 nuilus
355 1123 454 1170 meretur
469 1133 560 1184 paenam
578 1121 615 1170 uel
629 1120 748 1185 premium
765 1135 794 1171 ex
809 1124 852 1173 hoo

49 1192 113 1256 qudd
126 1190 227 1255 disponit
240 1194 266 1241 ut
274 1192 323 1241 uult
336 1192 363 1242 de
377 1205 404 1242 eo
416 1193 482 1255 eujus
492 1195 529 1241 est
546 1191 666 1243 dominus:
680 1191 739 1241 siout
750 1194 769 1243 si
784 1194 852 1245 homo

50 1264 154 1313 destruat
170 1276 218 1313 rem
233 1275 306 1323 suam,
322 1276 368 1313 uon
380 1262 474 1327 punitur
487 1262 545 1313 siout
561 1262 719 1312 sidestrueret
731 1276 780 1313 rem
796 1264 852 1314 atte-

51 1334 107 1385 rius.
118 1335 164 1385 Sed
174 1336 243 1384 homo
253 1338 288 1385 est
300 1334 404 1385 domiuus
413 1347 506 1385 suorum
515 1337 616 1383 actuum.
628 1334 687 1396 Ergo
699 1346 729 1383 er
737 1335 782 1384 hoo
790 1334 853 1398 quod

52 1409 111 1460 bend
126 1408 165 1459 uel
182 1408 241 1459 male
257 1407 357 1473 disponit
370 1408 397 1458 de
410 1422 453 1458 suo
468 1412 533 1469 actu,
548 1420 594 1457 uon
604 1410 703 1457 meretur
713 1420 804 1469 paenam
817 1407 853 1458 vel

52 1494 183 1543 premium.

85 1557 107 1602 3.
123 1552 252 1614 Praeterea,
264 1564 294 1600 ou
310 1552 354 1602 hoo
370 1550 430 1615 quod
443 1550 526 1616 aliquis
539 1550 637 1614 sibiipsi
651 1550 746 1614 acquirit
757 1550 852 1613 honum,

54 1636 99 1673 nou
117 1626 216 1675 meretur
234 1624 259 1673 ut
274 1622 296 1672 ei
312 1622 370 1673 bene
390 1622 429 1672 ssat
442 1623 470 1673 ab
488 1622 531 1672 atio
550 1638 555 1671 :
571 1626 594 1671 et
605 1622 684 1673 eadem
705 1621 762 1672 ratio
775 1626 811 1673 est
825 1624 853 1675 de

55 1695 129 1745 matis.
148 1696 192 1745 Sed
209 1696 258 1760 ipse
273 1698 336 1745 aetus
349 1695 423 1745 honus
437 1698 472 1746 est
485 1695 597 1757 quoddam
612 1692 697 1744 bouum
711 1697 734 1745 et
744 1694 853 1759 perfectio

56 1766 155 1829 agentis;
173 1772 236 1816 aetus
252 1770 329 1817 autem
344 1766 486 1816 inordinatus
499 1769 534 1816 est
545 1766 656 1829 quoddam
670 1766 754 1817 malum
771 1767 851 1831 ipsius.

56 1837 105 1886 Nou
118 1850 172 1899 ergo
188 1850 217 1887 ex
233 1838 276 1887 hoo
291 1835 350 1900 quod
362 1838 429 1887 homo
448 1836 502 1887 tacit
516 1838 600 1887 matum
613 1841 688 1888 actum
703 1838 740 1888 vel
753 1839 851 1903 bonum,

53 1912 150 1958 meretur
163 1908 200 1958 vel
217 1909 352 1959 demoratur.
885 1967 887 1974 ι

86 1978 130 2030 Sed
149 1983 229 2029 eontra
248 1982 298 2042 est,
313 1978 374 2043 quod
397 1978 478 2029 dieitur
492 1980 565 2038 lsai„
587 1980 618 2029 111
634 1995 639 2027 :
656 1996 670 2027 «
690 1978 761 2030 Dicite
777 1981 852 2045 justo,

58 2051 163 2112 quoniam
173 2050 241 2113 bend,
253 2051 361 2115 quoniam
370 2050 468 2100 fructum
480 2050 667 2101 adinventionum
677 2064 768 2101 suarum
780 2066 855 2103 eome-

58 2123 104 2172 det:
116 2137 153 2174 uae
165 2122 268 2187 impioiu
278 2124 375 2185 matum,
383 2121 502 2173 retributio
509 2122 571 2173 euim
580 2136 688 2172 manuum
699 2122 750 2186 ejus
757 2125 795 2173 tiet
802 2125 832 2174 ei.
839 2141 854 2171 »

88 2195 250 2259 (Coucuusro.
261 2221 291 2231 -
302 2197 371 2247 dotus
384 2194 490 2256 humani,
500 2199 527 2243 ut
540 2192 594 2244 honi
605 2194 641 2243 vol
651 2193 720 2255 mali,
733 2194 809 2244 meriti
817 2197 855 2246 vet

59 2266 159 2319 demeriti
177 2266 290 2317 rationem
308 2267 406 2329 haheat,
428 2264 555 2319 secuudum
574 2264 745 2315 retributionem
759 2266 855 2330 justitia

60 2340 85 2388 ad
96 2336 220 2401 alterum.)

88 2411 222 2475 despondeo
241 2408 377 2472 dicendum,
391 2409 452 2473 quod
470 2411 594 2459 meritum
612 2412 636 2460 et
654 2408 807 2462 demeritum
823 2412 857 2463 di·

62 2486 141 2532 cuntur
154 2482 179 2530 in
192 2479 270 2531 ordine
281 2480 308 2530 ad
319 2480 490 2532 retributionem
500 2494 551 2545 quae
559 2481 586 2531 srt
598 2480 721 2532 seeundum
729 2483 855 2549 justitiam

61 2552 177 2604 retributio
189 2549 405 2603 autamseouuddm
414 2552 529 2616 justitiam
545 2552 571 2601 tit
580 2551 647 2603 alicui
655 2566 684 2603 ex
698 2567 726 2605 eo
739 2555 799 2618 quod
810 2556 857 2619 agit

61 2621 81 2671 iu
101 2624 230 2688 proiectum
250 2624 287 2673 vet
308 2626 468 2674 nocumentum
485 2622 587 2674 alterius.
603 2625 644 2675 Est
657 2630 733 2675 autem
751 2625 853 2694 conuide·

62 2696 154 2746 randum
164 2694 224 2760 quod
234 2694 388 2758 unusquisque
398 2694 422 2745 in
431 2694 508 2758 aliqua
516 2694 622 2747 sotietate
629 2696 723 2757 uirens,
734 2696 856 2761 aetatique

90 2802 123 2867 (t)
139 2809 172 2852 De
188 2806 224 2850 hio
237 2805 306 2850 etiam
320 2804 484 2863 irr11‚Seot.,
497 2804 550 2852 diet.
571 2806 615 2864 to,
635 2812 679 2851 art.
692 2803 720 2858 ὅς
735 2811 761 2850 ut
776 2810 800 2851 ot
813 2806 855 2865 tv,

62 2866 138 2921 seut,
151 2869 204 2915 diat.
216 2866 261 2927 to,
271 2880 311 2925 qu.
324 2866 348 2928 8,
359 2872 402 2913 art.
412 2866 428 2927 *t
439 2884 445 2923 ς
458 2874 482 2915 ot
491 2880 532 2926 qu.
544 2869 569 2930 2,
577 2869 606 2915 de
615 2869 686 2928 maio,
698 2873 742 2914 art.
753 2867 781 2927 ἲ,
791 2868 821 2915 ad
831 2867 854 2914 3.
