1984 3309
123 196 157 266 ns
172 226 214 266 nrs
225 227 251 266 nr
265 225 352 272 onnus
365 227 466 268 sonnis
480 228 613 269 rnerrrnno
624 229 756 271 marem.
795 223 841 270 ott

61 310 86 354 s.
99 307 232 368 Preterea,
245 303 297 356 cirne
307 305 423 370 appetitus
434 306 536 368 utboni,
545 307 601 358 illud
614 308 761 372 quodomnia
772 322 843 374 appe·

31 382 95 440 lunt,
114 377 211 428 ridetur
229 389 279 428 esse
290 377 375 428 bonurn
387 377 504 441 optimum.
517 377 564 429 Sed
577 379 751 432 delectabonem
763 381 841 432 omnia

31 453 162 511 appellunt,
178 453 203 498 et
216 447 345 512 sapientes,
363 452 387 500 et
402 448 551 513 insipientes,
562 455 588 502 et
604 451 673 502 etiarn
694 451 783 504 ratione
804 463 843 503 ea-

30 520 115 570 rcntia.
136 519 198 584 Ergo
212 519 331 571 delectatio
341 523 377 571 est
394 519 522 584 optimum3
536 523 642 574 consistit
653 536 707 587 erpo
720 522 745 574 in
757 524 844 588 volup-

32 595 76 641 tate
91 591 229 654 beatitudo,
243 605 295 655 que
309 595 344 642 est
357 605 470 642 summurn
483 593 577 643 bonum.

63 663 111 712 Sed
126 667 210 713 contra
224 666 267 726 εει,
278 663 336 725 quod
348 663 442 712 Boetius
455 663 510 713 dicit
518 664 541 713 in
553 665 593 726 lll,
608 666 643 716 De
654 665 748 718 consol.
764 667 844 732 (prosa

34 734 115 797 l'll.):
139 734 255 784 «tristes
273 734 348 784 exitus
365 747 414 784 esse
435 735 591 798 voluptatum,
610 736 713 802 quisquis
726 738 843 788 reminisci

34 805 157 858 libidinum
174 819 267 856 suarum
280 805 353 867 volet,
362 804 489 870 intelliget:
500 821 551 871 porc
564 807 585 858 si
594 808 673 858 beatos
683 807 775 860 efficere
788 822 843 873 pos

35 883 101 940 sent,
120 877 181 928 nibil
196 890 270 928 cause
287 879 348 931 esset
364 876 419 940 quin
433 877 532 942 pecudes
551 892 642 944 qnoque
653 879 727 931 beate
739 893 792 931 esse
806 880 842 930 di-

36 954 126 1000 oantur.
139 965 154 996 n

68 1022 76 1084 (
87 1022 272 1076 Conccnsro.—
281 1019 339 1072 Cim
348 1021 424 1072 omnis
431 1022 553 1073 delectatio
563 1022 714 1087 etquodnam
725 1023 842 1088 proprium

37 1093 147 1144 accidens
165 1092 227 1156 quod
241 1092 387 1157 consequitur
404 1093 586 1157 beatitudinem,
599 1096 637 1146 rel
651 1095 752 1159 abnuam
771 1095 843 1147 beati·

39 1163 126 1214 tudinis
136 1167 226 1228 partem
232 1201 241 1227 ‚
258 1163 303 1214 dici
314 1176 360 1214 non
377 1167 454 1229 potest
465 1166 565 1216 bominis
578 1168 693 1219 beatitudo
705 1166 731 1217 in
744 1166 842 1218 delecta-

40 1236 102 1285 tione
116 1250 159 1286 seu
174 1235 292 1300 voluptate
306 1236 455 1298 consisteret

69 1309 210 1374 Respondes
230 1307 364 1370 dicendum,
383 1311 443 1373 qnod
459 1310 513 1373 quia
530 1310 692 1361 delectationes
713 1311 843 1374 corporales

40 1381 142 1442 pluribus
156 1383 218 1431 note
232 1384 284 1430 sunt
290 1417 298 1443 ,
310 1386 483 1445 assumpserunt
491 1381 536 1432 sibi
546 1395 630 1432 nomen
646 1383 805 1446 rolnptatnrn,
816 1386 843 1432 nt

42 1453 122 1503 licitur
132 1454 184 1504 llll.
203 1451 353 1502 Etlu'corum
364 1453 430 1518 (cap.
444 1453 622 1518 penultimum).
634 1453 754 1517 inquibus
765 1457 844 1504 tamen

42 1525 158 1574 beatitudo
178 1523 333 1589 principaliter
353 1537 398 1574 non
419 1526 536 1589 consistit;
552 1525 605 1589 qnia
623 1527 649 1576 in
668 1537 804 1589 unaquaque
819 1539 843 1574 rc

43 1596 103 1646 alind
116 1596 226 1659 estquod
240 1596 339 1660 pertinet
354 1596 383 1646 ad
396 1596 518 1648 essentiam
531 1598 591 1662 ejus,
602 1597 662 1649 ebed
677 1601 713 1648 est
726 1595 844 1660 proprium

44 1667 149 1718 accidens
161 1667 234 1732 ipsius
252 1683 258 1718 ι
275 1667 333 1718 sieut
346 1667 370 1716 in
386 1667 478 1720 bomine
495 1667 557 1719 alind
574 1669 682 1734 estquod
693 1672 728 1720 est
745 1667 845 1718 enimet

45 1739 184 1796 rationale,
200 1739 322 1800 orortnle,
340 1740 401 1790 aliud
414 1740 475 1803 quod
489 1744 525 1792 est
538 1741 632 1794 risibile.
646 1742 687 1792 Est
702 1740 773 1804 igitur
785 1753 841 1791 con·

45 1811 203 1876 alterandum„
218 1811 279 1874 quod
301 1811 375 1861 omnis
398 1811 518 1864 delectatio
534 1817 571 1863 est
590 1813 702 1877 quoddam
727 1812 844 1876 proprium

45 1884 164 1946 accidens,
178 1883 240 1946 quod
254 1882 400 1946 consequitur
413 1884 590 1949 beatitudinem,
602 1887 639 1936 rel
652 1886 752 1949 adquam
768 1885 843 1935 beati-

47 1955 129 2005 tudinis
146 1954 294 2019 portenda
312 1955 355 2005 boc
374 1955 437 2006 enirn
455 1956 538 2021 aliquis
551 1958 691 2020 delectatur,
704 1957 758 2021 quia
774 1957 844 2007 babet

46 2027 129 2076 bonnm
138 2026 227 2091 alipnod
239 2026 282 2076 sibi
293 2027 440 2090 conueniens,
450 2029 487 2078 vel
495 2029 520 2078 in
529 2043 563 2092 re,
576 2030 613 2080 rel
621 2027 646 2078 in
657 2028 844 2092 spe‚relsaltem

48 2099 69 2147 in
82 2099 200 2150 memoria.
211 2099 298 2148 Bonum
308 2102 383 2150 autern
392 2101 532 2151 conveniens
541 2099 561 2151 si
569 2101 660 2166 quidem
668 2100 699 2160 sit
708 2100 843 2163 perlectum,

48 2177 81 2220 εει
97 2171 146 2236 ipsa
166 2169 266 2221 bominis
281 2169 413 2234 beatitudo;
436 2171 456 2222 si
477 2177 555 2223 auum
573 2173 603 2223 sit
620 2169 792 2235 imperfectum,
809 2173 845 2220 est

49 2244 159 2294 treatitudo
172 2244 274 2306 quedam
287 2243 438 2308 participata,
449 2245 487 2294 sel
500 2243 634 2308 propinqua,
650 2243 687 2294 vel
700 2246 797 2305 remota,
807 2243 845 2294 rel

49 2319 125 2366 saun
142 2328 264 2380 apparens
284 2316 348 2366 Unde
362 2317 509 2366 manifestum
522 2319 557 2366 est
571 2317 630 2380 quod
641 2327 685 2365 nec
697 2314 748 2378 ipsa
764 2314 845 2364 delec-

50 2389 102 2438 tatio
115 2400 165 2452 que
180 2385 283 2450 seqnitur
298 2387 383 2438 bonum
398 2389 533 2452 perlectum,
546 2393 581 2437 est
596 2387 647 2452 ipsa
660 2384 760 2437 essentia
773 2386 844 2438 beati-

51 2459 142 2520 tudinis;
153 2460 192 2510 sed
211 2459 322 2521 quoddam
336 2472 478 2524 consequens
490 2460 518 2510 nd
532 2458 606 2523 ipsam
618 2458 678 2510 sient
693 2471 734 2523 per
747 2471 773 2509 ee
786 2458 846 2508 acei-

51 2536 111 2584 lens.
131 2533 243 2595 Voluptas
265 2535 340 2582 nutem
366 2533 489 2597 corporatis
514 2546 560 2584 non
582 2534 659 2597 potest
683 2531 752 2582 etiarn
779 2533 846 2583 modo

52 2605 153 2667 praedicto
166 2602 231 2667 sequi
243 2603 328 2652 bonurn
347 2603 487 2667 perlectum,
504 2618 557 2653 nam
573 2603 674 2667 sequitur
689 2604 773 2654 bonurn
785 2603 846 2666 quod

53 2675 197 2740 apprehendit
205 2687 296 2736 sensus,
306 2674 345 2737 qui
354 2679 388 2726 est
399 2674 471 2726 vimus
478 2675 560 2726 anime
568 2688 660 2738 corpore
669 2678 748 2739 utene3
760 2675 846 2725 bonum

54 2755 122 2798 autom
134 2747 192 2811 quod
208 2745 308 2809 pertinet
320 2746 348 2796 ad
357 2759 447 2809 eorpus,
459 2747 519 2809 quod
532 2746 709 2810 apprehenditur
722 2745 846 2798 secundum

55 2833 153 2882 sensnm,
164 2831 211 2868 non
222 2820 355 2880 potestesse
369 2818 495 2880 perlectum
506 2817 605 2867 bominis
615 2819 708 2868 bonurn.
718 2819 775 2869 Cum
785 2816 846 2866 enim

56 2893 122 2942 anina
143 2888 262 2941 mlionalis
286 2889 381 2940 excedat
402 2886 570 2952 proportionem
589 2888 690 2940 materie
709 2887 845 2951 corporalis,

58 2978 102 3025 pars
113 2963 193 3014 animae
212 2973 264 3024 qne
279 2965 314 3012 εει
327 2961 355 3010 ab
368 2972 452 3022 organo
468 2973 578 3024 corporeo
593 2960 711 3022 absoluta,
725 2959 845 3024 qnamdam
