1984 3309
184 175 216 214 us
230 173 291 222 Uw,
308 173 350 218 0111
365 174 408 213 uas
424 174 501 214 nurus
517 175 674 214 vesuntium.
785 171 831 218 8³3

36 251 82 302 sd
99 249 207 315 primum
219 263 274 314 ergo
286 249 424 312 dioeudum,
442 250 503 314 qubd
516 253 571 314 frui
584 252 690 316 importat
702 254 829 306 absolutum

10 326 115 377 notum
128 322 244 385 appetitus
252 321 276 370 in
287 321 421 386 appetibile,
434 323 474 372 sed
489 324 530 372 ali
541 323 649 387 importat
659 329 746 376 molum
759 341 829 391 appe-

11 394 69 444 itus
89 395 124 443 ad
139 392 224 456 aliquid
238 392 263 441 iu
272 392 350 443 ordine
361 394 389 442 ad
404 394 507 442 alterum.
519 393 543 442 Si
553 408 606 459 orgo
620 402 779 460 comparentur
791 401 833 448 uli

10 470 27 514 rt
41 465 118 527 fieri
130 467 242 528 quantum
252 464 281 512 ad
295 461 398 527 obieeta,
413 463 447 513 sic
464 465 522 527 frui
536 469 571 516 ost
583 467 681 518 nobilius
694 483 762 532 quam
774 471 814 520 uti
821 486 829 531 ;

10 536 66 599 [nia
82 535 113 584 id
126 534 190 598 quod
199 532 345 585 est'absolutd
355 533 487 597 appetibile,
500 537 536 586 est
550 537 633 588 melius
643 552 712 601 quam
721 539 759 602 id,
769 541 831 602 quod

10 611 44 657 est
68 604 208 670 appetibile
222 605 295 654 solum
308 604 333 653 in
349 604 427 655 ordine
447 605 476 656 ad
490 606 559 656 aliud.
573 608 619 659 Sed
633 609 653 658 si
669 615 829 676 conparentur

10 683 137 744 [uantum
150 677 179 726 ad
194 677 241 726 viru
255 677 446 740 apprehensiuam
457 679 631 742 precedentem,
643 683 714 746 major
725 683 830 734 nobilitas

10 749 150 813 v‹equirItur
168 752 274 810 exparte
297 762 368 812 usus3
382 749 436 812 quia
454 750 559 803 ordinare
577 751 662 816 aliquid
677 753 700 804 iu
720 755 829 817 alienum,

10 827 45 873 ast
65 819 188 880 rationis,
201 819 303 871 absolute
311 823 387 872 auum
398 821 482 886 aliouid
495 825 664 896 apprehendere
678 829 753 888 potest
763 826 832 876 etiam

10 908 116 946 ausus.

44 968 89 1016 nd
115 964 245 1016 secuudum
264 965 398 1028 dioeudum,
415 966 475 1030 qubd
489 966 597 1018 animalia
611 981 652 1032 per
671 983 712 1018 sua
733 970 834 1020 membra

10 1038 110 1104 aliquid
129 1039 204 1100 agunt
217 1036 317 1086 ustinotu
333 1041 435 1101 nature,
449 1053 494 1089 uon
508 1053 549 1104 per
563 1041 607 1091 boo
618 1043 676 1105 quod
694 1046 835 1104 eognosoant

10 1110 129 1162 udinem
148 1109 300 1158 membrorum
315 1109 344 1158 ad
358 1109 409 1160 illas
421 1111 574 1173 operationes.
589 1112 653 1162 Unde
667 1126 713 1163 non
727 1112 833 1163 dicuutur

10 1182 117 1248 proprie
128 1180 245 1244 applicare
257 1181 359 1233 membra
372 1183 400 1232 ad
414 1183 540 1245 agendum,
556 1199 599 1235 neo
613 1185 646 1235 uli
658 1185 774 1236 membris.

328 1325 486 1397 narrandus
500 1325 540 1375 ru.

164 1435 249 1479 Utrum
257 1448 315 1480 esraa
323 1436 396 1492 possid
405 1448 454 1480 esse
464 1435 537 1480 eliano
547 1435 629 1480 ultimi
632 1436 701 1492 fluis.

45 1547 92 1596 ad
113 1543 212 1593 tertium
226 1543 260 1593 sic
278 1544 415 1608 proceditur.
434 1543 528 1594 Videtur
543 1544 603 1606 quod
625 1557 681 1593 usus
694 1543 765 1608 possit
785 1557 837 1594 esse

10 1619 97 1670 etiam
117 1615 196 1664 ultimi
212 1615 272 1665 finis.
289 1614 348 1665 uicis
365 1615 426 1665 enirn
441 1614 581 1678 Augustinus
596 1615 621 1664 in
642 1615 682 1665 XI.
708 1619 742 1664 De
765 1616 834 1665 Tria.

10 1694 88 1754 (cap.
108 1685 246 1746 It)‚omuis
257 1687 297 1749 qui
313 1687 423 1749 fauisor,
436 1688 531 1735 aliter.
546 1687 591 1736 Sed
607 1687 687 1737 ultimo
698 1688 743 1738 suna
753 1686 838 1737 fruitur
888 1725 892 1731 .

10 1761 121 1824 aIIquis.
138 1758 198 1820 Ergo
215 1758 295 1808 ultimo
306 1758 349 1808 tina
365 1758 448 1821 aliquis
464 1758 545 1807 utitur.

45 1838 78 1883 2.
102 1832 234 1891 merea,
246 1844 260 1875 u
276 1829 310 1877 uti
324 1833 361 1878 ast
374 1841 490 1880 assumere
509 1830 594 1893 aliquid
610 1829 635 1881 iu
648 1830 777 1880 laenitatem
790 1845 832 1881 vo-

10 1902 140 1963 luntatis,
154 1917 168 1947 »
183 1903 208 1949 ul
222 1899 304 1950 ibidem
317 1899 409 1951 dieitur.
422 1903 466 1951 Sed
476 1900 535 1950 nibil
551 1901 624 1964 magis
636 1902 758 1952 assumitur
769 1901 783 1950 I
794 1916 835 1952 ro-

9 1978 118 2027 luntate
134 1985 204 2034 quam
217 1971 311 2021 mamus
321 1971 383 2021 linis.
394 1973 454 2034 Ergo
467 1986 524 2022 usus
535 1976 612 2035 potest
625 1985 676 2023 esse
686 1972 761 2020 ultimi
775 1973 834 2023 finis.

52 2054 83 2096 3.
96 2045 226 2106 Praeterea,
237 2041 333 2092 Hilarius
345 2043 401 2092 dicii
409 2042 434 2092 iu
445 2044 474 2092 Il.
487 2043 525 2092 De
537 2045 615 2101 Tria„
625 2043 686 2106 qubd
696 2060 709 2090 n
719 2043 838 2093 eternitas

12 2123 58 2171 est
79 2118 110 2166 iu
129 2116 198 2165 Patre
207 2113 318 2198 ,speeies
332 2114 357 2164 in
373 2113 488 2177 imagine,
502 2113 531 2162 id
548 2117 585 2162 est
606 2113 792 2172 iaFa'la'o,usus
811 2113 838 2162 in

11 2200 147 2246 munere,
156 2186 187 2238 r'd
200 2197 237 2236 esa
252 2189 279 2237 in
295 2185 398 2249 Spiritu
417 2188 513 2236 sanato.
534 2202 547 2234 s
565 2185 610 2235 Sed
624 2183 721 2248 Spiritus
734 2187 836 2283 sanutus,

16 2275 82 2312 cum
96 2259 213 2319 situatas,
227 2260 264 2309 ost
276 2257 441 2308 ultimusiinia.

52 2333 108 2383 Sed
135 2333 215 2380 eontra
233 2333 283 2394 est,
303 2330 364 2394 quod
382 2330 436 2380 dicit
454 2329 617 2394 Augustinus
611 2343 634 2378 rn
656 2327 698 2378 lib.
714 2277 834 2380 LXXXIII.

15 2406 148 2469 Qeoesr.
147 2402 241 2452 ¹alteo
255 2401 328 2452 nullus
337 2401 487 2464 redibutitur,
500 2402 562 2452 sedi
551 2401 686 2466 fruiturll).
697 2416 711 2448 rr
723 2399 767 2450 Sed
779 2399 839 2451 solus

15 2482 94 2530 Deus
111 2479 151 2525 est
163 2474 257 2525 ultimus
270 2475 330 2524 linis.
344 2476 402 2536 Ergo
413 2475 492 2524 ultimo
503 2475 548 2525 fine
562 2488 608 2526 uon
624 2479 658 2526 est
668 2475 788 2526 utendum.

62 2591 101 2655 (1)
118 2593 171 2638 SIre
191 2594 257 2639 aliter
271 2600 294 2639 et
315 2594 428 2651 plenius:
445 2595 555 2654 Perfecto
576 2595 682 2640 bominis
703 2595 767 2638 ratio
785 2604 839 2649 parm

18 2663 109 2706 vitius
117 2659 231 2705 vocem
239 2659 322 2702 retitur
332 2659 414 2714 primo
422 2659 502 2714 roipert
511 2657 543 2702 od
554 2657 742 2714 antellipeudum
752 2656 839 2702 Deum

19 2728 54 2768 aet
74 2719 311 2778 corrueruntque
328 2722 401 2765 elsam
414 2721 480 2778 foetu
496 2723 537 2765 eet.
556 2720 639 2765 Utitur
653 2723 732 2764 eutem
748 2717 840 2761 ceteris

20 2781 204 2831 rationalibus
217 2783 383 2827 animantibus
392 2783 424 2827 od
437 2784 587 2832 societatem
600 2779 789 2827 arroldonellbur
806 2776 841 2822 ud

22 2845 206 2895 eminentium.
221 2844 299 2890 Vllum
307 2847 379 2890 elium
388 2857 458 2889 aarum
467 2845 500 2890 ud
509 2845 537 2890 id
546 2845 623 2904 refert
633 2850 660 2889 ut
669 2845 771 2904 suuntur
780 2840 839 2887 Deo,

22 2915 67 2958 itu
79 2909 151 2955 eninr
162 2906 276 2954 tameat.
287 2909 353 2966 Erpa
359 2911 382 2954 et
390 2909 447 2966 ipso
458 2905 574 2968 (nimirum
584 2905 629 2954 uiti
638 2904 687 2967 sut)
697 2906 789 2953 utetur,
794 2906 837 2948 ete
