1984 3309
279 141 312 178 nn
325 140 487 180 cunmrrrcuu
504 141 658 182 rncnuonuu.
824 137 868 186 tto

99 216 144 266 Sed
162 218 240 267 muna
256 219 304 278 est,
320 218 381 280 qnod
394 219 465 272 leni„
482 216 635 280 V1,dioitur,
651 218 711 282 quod
726 220 868 285 «Seraphim

66 288 201 341 clamabant
214 288 272 338 niter
289 289 318 338 ed
329 290 435 338 eltemm.
445 305 459 335 u
470 289 594 352 Suntergo
607 290 684 353 plures
695 291 772 358 rugeli
784 292 809 342 iu
822 307 868 344 uuo

67 359 148 410 ordirm
169 359 296 423 Seraphim.

97 431 367 496 (Commune-Multi
381 430 456 494 augeli
473 435 528 482 sunt
542 432 566 480 iu
578 445 623 482 uno
634 433 712 486 ordino
726 435 793 485 nohis
803 439 867 499 noto,

65 504 107 552 sed
124 501 224 566 quilibet
237 502 332 566 angelus
344 502 461 567 proprium
478 503 547 553 habet
563 504 665 554 ordinem
685 505 751 554 nohis
764 505 867 570 incogni-

117 646 235 709 espoudeo
254 645 389 706 dicendum,
404 645 464 709 quod
478 646 517 696 ille
535 645 574 710 qui
588 647 687 711 perdocte
701 649 819 712 cognoscit
833 665 869 701 res

65 718 172 780 aliquus,
184 720 260 780 potest
270 730 344 780 usque
354 717 384 766 ud
396 717 490 766 minima
505 720 528 768 et
542 721 618 782 actus,
631 723 654 770 et
667 719 777 784 uirtutes,
792 724 815 771 et
829 736 869 772 na-

65 794 128 838 turns
142 803 224 839 earum
236 787 384 851 distinguere.
400 788 444 847 Qui
459 793 535 838 autem
549 791 665 852 cognoscit
674 804 712 841 eus
726 791 867 856 imperfecte,

64 874 109 922 uon
126 864 207 924 potest
228 860 367 925 distinguere
385 860 429 911 uisi
447 861 470 910 iu
490 861 628 925 uniuersali3
643 877 694 926 quet
715 865 807 928 qrride‘m
824 865 869 914 dis-

67 932 148 983 tinctio
165 933 194 981 fit
212 945 253 996 per
266 932 384 996 pauciora.
406 932 470 982 Sicut
485 933 526 996 qui
544 933 677 997 imperfecte
698 935 814 998 cognoscit
832 949 869 986 res

65 1007 184 1056 matrueles
190 1041 200 1068 ,
213 1005 335 1068 distinguit
346 1018 425 1055 eurum
438 1005 531 1056 ordines
546 1006 570 1056 in
587 1006 723 1070 uniuersali,
743 1021 833 1072 ponens
844 1008 869 1058 in

66 1091 111 1128 uno
127 1078 208 1128 ordine
224 1077 326 1127 ecclesiia
343 1090 452 1140 coruom,
467 1077 491 1127 in
506 1077 550 1128 alio
564 1092 658 1142 corpora
671 1078 777 1130 interiora
793 1079 869 1130 inani-

65 1154 139 1212 mata,
151 1150 177 1201 iu
195 1150 240 1215 alio
254 1151 357 1214 nunus,
373 1149 399 1200 iu
408 1149 453 1203 atio
466 1148 584 1215 emmelim
604 1152 733 1214 unientem
747 1152 870 1216 perfectids

66 1225 215 1285 cognosceret
234 1235 271 1272 res
282 1222 411 1284 natruates,
422 1226 500 1285 nosset
513 1222 651 1286 distinguere
665 1227 695 1288 et⁵
705 1223 730 1274 iu
744 1223 802 1288 ipsis
820 1237 869 1274 cor-

65 1292 157 1356 poribus
177 1293 312 1344 coelestihus
332 1290 435 1344 diuersos
452 1294 558 1359 ordines,
572 1298 597 1344 et
613 1295 637 1344 iu
652 1295 746 1358 singulis
764 1295 868 1348 aliorum.

65 1367 110 1415 Nus
124 1368 207 1415 autem
219 1365 356 1428 imperfecti
370 1368 465 1428 angetos
473 1367 646 1430 cognoscimus,
661 1370 774 1418 eteorum
786 1366 868 1426 officia,

65 1441 90 1486 ut
102 1436 228 1500 Dionysius
245 1436 315 1497 dicit,
329 1437 366 1486 v1.
385 1451 438 1502 can.
456 1439 514 1490 σαὶ.
526 1441 650 1490 dierurcd.
671 1439 735 1488 Unde
750 1450 796 1504 uon
813 1451 867 1501 pos-

65 1509 403 1572 sumusdistinguereofficiuot
412 1511 503 1562 ordines
513 1513 645 1574 angelorum
655 1510 699 1560 nisi
708 1509 733 1560 iu
744 1509 868 1572 communi,

65 1581 191 1632 semodium
208 1595 279 1645 quem
292 1583 384 1635 modum
402 1583 559 1646 multianguli
577 1583 622 1633 sub
641 1596 688 1633 uno
706 1581 784 1634 ordine
798 1581 869 1632 couti·

67 1658 157 1704 nentur.
181 1653 208 1704 Si
223 1657 299 1703 nutem
319 1653 420 1717 perfecte
441 1668 631 1718 cognosceremus
644 1654 721 1705 officia
740 1654 870 1716 angelomum

67 1729 93 1775 et
103 1739 181 1776 eorum
189 1725 361 1787 distinctiones,
373 1726 474 1788 perfecte
479 1727 591 1778 sciremus
603 1725 663 1790 qudd
672 1726 769 1790 quilibet
775 1724 869 1788 angelus

68 1797 136 1848 liutet
152 1810 221 1846 suum
233 1797 349 1860 proprium
364 1796 465 1850 officium
478 1803 503 1848 et
515 1812 581 1850 suum
597 1799 714 1862 proprium
731 1797 835 1848 ordinem
848 1794 871 1845 iu

69 1868 147 1928 retius,
163 1867 238 1919 multd
255 1867 330 1930 magis
345 1867 412 1931 qntm
428 1870 536 1933 numlibet
551 1870 631 1931 stelle,
647 1869 691 1920 etsi
705 1883 746 1920 nos
759 1869 838 1919 latent.

102 1941 133 1989 td
142 1940 242 2003 primum
250 1952 304 2001 ergo
315 1939 447 2001 dicendum,
458 1940 519 2004 quod
527 1954 608 1992 omues
620 1940 695 2003 angeli
704 1939 772 1988 unius
783 1938 871 1990 ordin'm

69 2015 121 2060 snut
132 2011 210 2074 utiquo
226 2011 293 2072 modo
307 2012 422 2074 aeqrrutes,
437 2016 546 2075 quantum
561 2013 589 2062 ud
605 2023 749 2061 communem
765 2009 872 2058 similitu-

71 2083 160 2146 dinem,
177 2081 306 2135 secundim
322 2096 390 2145 quam
404 2084 573 2134 constituuntur
583 2083 606 2132 in
620 2081 711 2144 ordine,
730 2081 769 2133 sed
785 2079 873 2144 simpli·

72 2154 125 2204 citer
134 2168 181 2204 uon
193 2156 247 2204 sunt
258 2154 367 2218 equales.
379 2155 444 2206 Unde
455 2153 577 2219 Dionysius
587 2153 657 2215 dicit,
670 2153 700 2204 X.
710 2163 760 2216 cup.
774 2151 871 2202 Ooedeet.

72 2225 212 2282 diererclr„
229 2225 289 2288 qudd
310 2242 325 2273 u
341 2226 430 2277 inuno
448 2229 472 2277 et
487 2227 575 2277 eodem·
588 2225 667 2276 ordine
689 2224 820 2286 angelorum
837 2226 872 2274 ost

71 2297 172 2362 occipere
186 2297 289 2362 primos,
301 2297 389 2348 medios
401 2300 425 2348 et
437 2297 540 2347 ultimos.
550 2311 564 2344 u

98 2369 132 2420 td
148 2365 276 2419 securidnm
289 2367 426 2428 dicendum,
439 2367 499 2430 qudo
516 2367 554 2418 illu
566 2366 671 2431 specialis
680 2365 794 2418 distinctio
812 2367 873 2417 ordi-

70 2452 122 2488 num
141 2436 322 2502 etofflciorum,
340 2437 465 2490 secundini
481 2452 550 2502 quum
562 2438 662 2502 {quilibet
685 2437 779 2500 angelus
802 2438 873 2488 hebet

67 2511 180 2575 nmnrium
191 2510 292 2565 officium
303 2515 326 2560 et
335 2509 446 2571 ordinem,
459 2515 494 2560 est
506 2510 570 2560 nobis
584 2511 669 2574 ignote.

100 2584 133 2632 td
144 2584 238 2635 tertium
249 2581 380 2642 dicendum,
390 2581 451 2644 qudd
463 2580 521 2632 sicut
534 2581 558 2630 iu
572 2579 707 2644 superficie,
719 2593 769 2642 que
784 2579 867 2642 partim

73 2656 104 2703 est
113 2653 165 2703 alda
180 2658 204 2704 et
215 2652 300 2716 nmtim
309 2652 385 2715 nigra,
401 2653 453 2702 dum
466 2657 603 2716 partescum
614 2655 668 2702 suut
679 2652 703 2700 in
718 2651 816 2702 confinio
828 2650 873 2700 albi

71 2728 93 2772 et
107 2724 180 2789 nigri,
191 2724 267 2788 magis
282 2724 420 2774 conueniunt
443 2722 566 2774 secundino
584 2723 652 2774 situm
671 2724 740 2786 quim
756 2723 806 2772 uliae
824 2723 873 2772 duc

72 2799 144 2857 nattes
156 2797 223 2858 aihu,
230 2794 311 2845 mimis
321 2798 397 2847 tamen
408 2794 534 2844 secundirm
547 2794 692 2858 qualitatem,
702 2796 734 2844 ita
745 2795 789 2842 duo
799 2792 873 2852 angeli

71 2867 174 2930 quisunt
185 2867 210 2916 in
222 2865 329 2918 terminis
338 2867 433 2920 duorum
443 2866 556 2930 ordinum,
565 2867 720 2930 mugissecum
732 2861 873 2919 conveniunt
