1984 3309
174 170 206 210 or
222 167 331 209 cursuro
346 167 411 213 ouon
424 154 575 207 moriondi
588 163 722 207 rumor.
800 158 848 207 tsi

43 253 73 303 de
91 247 212 301 effectibus
222 245 347 322 manifestis
362 245 499 309 judicamus.
511 244 645 295 resolvendo
660 244 686 295 in
703 255 784 295 constr
793 244 850 295 sirn-

43 324 126 388 piices.
142 318 282 384 Principium
293 321 369 371 antem
380 316 405 367 in
419 317 569 381 inquisitione
580 316 672 368 consilii
684 319 719 368 cst
730 317 797 379 duis,
808 318 850 382 qni

43 394 140 459 quidem
157 395 192 443 est
208 390 270 455 prior
282 389 307 441 in
322 388 470 452 intentione,
486 388 598 453 posterior
611 392 689 442 tumen
707 388 732 439 iu
745 402 813 451 esce,·
827 390 852 439 et

43 462 175 517 secundnm
189 464 233 513 noc
247 465 336 527 oportet
349 460 409 525 qndd
420 460 539 525 inquisitio
555 460 646 512 consilii
659 459 689 511 sit
701 459 850 522 resolutoria,

44 535 180 601 incipiendo
195 534 282 585 scilicet
297 533 326 583 ab
341 546 370 585 eo
382 533 443 597 quod
458 532 482 583 in
496 533 572 583 tuturo
585 531 718 596 intenditur,
733 542 851 596 quousque

43 606 196 675 perveniatur
206 606 234 655 ad
250 604 273 655 id
284 606 344 669 quod
358 604 434 659 statim
449 604 562 669 agendum
576 607 621 655 est.

77 680 114 731 Ad
128 676 229 743 primum
242 690 296 739 erqo
309 676 441 739 dicendum,
455 675 518 739 qnod
532 674 651 727 consiium
664 678 700 727 est
718 676 747 727 de
766 688 852 740 opern-

44 751 166 814 tionihus3
177 750 218 801 sed
232 748 290 801 ratio
302 746 460 812 operationum
471 747 582 811 accipitur
594 760 624 799 ex
631 748 678 799 tine
686 764 694 799 c
703 750 727 799 et
734 747 787 799 ideo
796 748 851 799 ordo

42 820 201 876 ratiocinandi
214 821 243 871 de
254 818 423 883 operationibus
436 822 473 870 est
483 818 610 869 contrnrius
623 818 697 870 ordini
707 816 824 883 operandi.

76 897 114 948 Ad
128 893 256 947 secundnm
272 892 408 955 dicendum,
423 890 484 955 quod
497 890 556 943 ratio
568 890 651 954 incipit
664 890 692 941 nb
703 891 805 953 eoquod
815 893 852 941 est

44 968 114 1035 prius
127 963 253 1019 secuudum
270 964 395 1028 rationem,
407 973 455 1015 non
468 966 545 1017 autem
556 976 648 1027 semper
657 962 686 1013 ab
699 975 727 1015 eo
746 960 807 1027 qnod
818 962 853 1013 est

45 1042 113 1107 prius
122 1042 235 1101 tempore.

77 1113 117 1165 Ad
125 1110 218 1162 tertium
229 1107 363 1168 dicendum,
375 1108 436 1181 qudd
447 1108 476 1159 de
485 1122 513 1160 eo
523 1109 582 1173 quod
592 1106 747 1171 estnqendnm
758 1108 852 1171 propter

45 1188 133 1247 tinem,
151 1194 198 1233 noo
217 1193 371 1245 quereremus
388 1179 443 1231 scire
457 1193 487 1229 un
505 1180 536 1230 sit
548 1179 668 1247 possibile,
689 1178 774 1230 sinon
791 1179 853 1227 esset

44 1266 177 1319 congruum
189 1250 244 1315 fini3
254 1254 277 1303 ct
290 1251 341 1303 ideo
350 1250 413 1315 prins
422 1252 512 1315 oportet
524 1250 639 1314 inquirere
650 1262 680 1300 en
690 1247 814 1300 conueniat
823 1246 853 1297 nd

45 1326 180 1379 ducendum
190 1324 215 1374 in
230 1324 308 1387 linem,
322 1336 390 1389 qnam
404 1321 560 1373 consideretur
573 1334 602 1372 an
615 1320 647 1371 sit
657 1319 774 1384 possibile

348 1430 509 1519 aumonius
523 1465 561 1516 ur.

202 1574 288 1621 Utrum
296 1574 423 1661 conscilium
432 1570 724 1631 praecinctionemque.

78 1689 117 1741 nd
135 1688 229 1741 sertum
245 1685 279 1735 sic
294 1683 430 1749 proceditur.
447 1681 541 1733 Videtur
556 1678 618 1745 qnod
630 1676 746 1743 inquisitio
766 1674 856 1728 consilii

45 1760 162 1828 procedat
175 1756 201 1807 in
216 1755 337 1809 infinitum.
350 1755 475 1807 Consilium
489 1752 551 1805 enirn
563 1750 681 1818 inquisitio
696 1752 731 1801 est
745 1748 773 1800 de
786 1746 858 1813 parti·

46 1830 172 1883 cuinriims
185 1828 209 1878 in
222 1826 305 1891 quihus
322 1830 357 1883 est
369 1825 480 1891 operatio.
495 1824 540 1881 Sed
553 1822 677 1887 moguncia
689 1823 743 1871 sunt
758 1818 856 1870 infinita.

45 1900 256 1968 Ergo-inquisitio·
265 1897 353 1949 consilii
366 1901 402 1949 ast
417 1896 514 1953 infinita.

79 1981 106 2031 z.
122 1976 249 2033 Praeteroa,
267 1971 309 2023 sub
319 1966 574 2034 inquisitioneqconsiiii
584 1965 645 2018 cadit
657 1962 800 2019 considerare
808 1972 857 2012 nou

47 2050 129 2101 solum
142 2044 201 2109 quid
210 2044 323 2107 agendum
334 2041 378 2107 sit,
388 2042 428 2093 scd
439 2041 509 2093 ctiam
523 2039 635 2104 quomodo
643 2033 807 2099 impedimenta
815 2031 858 2084 tol-

46 2124 140 2172 lantur.
154 2117 202 2168 Sed
214 2115 319 2180 quelibet
331 2116 432 2165 humana
444 2113 506 2164 actio
524 2113 599 2177 potest
609 2102 820 2169 meritorumdi,
835 2106 860 2156 et

49 2191 247 2257 impedimentum
265 2188 320 2239 toiii·
331 2189 406 2253 potest
422 2200 463 2253 per
480 2184 579 2248 aliquam
598 2179 709 2231 rationem
725 2178 856 2228 isumunom.

48 2268 114 2329 Ergo
129 2263 155 2312 in
170 2260 286 2311 infinitum
296 2261 515 2322 remanetquaerere
526 2256 556 2306 de
563 2248 733 2317 impedimentis
741 2244 857 2297 tollendis.

83 2341 109 2385 3.
123 2336 249 2395 preterea,
258 2330 377 2396 inquisitio
388 2327 492 2382 scientim
502 2322 686 2381 demonstrative
697 2331 744 2370 non
755 2316 861 2383 procedit

48 2409 74 2459 in
89 2406 226 2469 infinitum,
240 2403 293 2467 quia
302 2406 337 2453 est
348 2401 454 2459 devenire
464 2400 489 2449 in
500 2390 695 2461 aliquaprincipin
705 2403 747 2455 per
757 2403 784 2441 ss
794 2391 859 2450 notu,

48 2492 105 2543 qnae
117 2473 275 2533 omnimodam
288 2472 446 2526 certitudinem
460 2470 554 2520 hubent.
564 2466 611 2516 Sed
624 2462 677 2515 tatis
687 2460 799 2513 certitudo
810 2472 860 2511 noo

48 2552 135 2615 potest
147 2544 250 2597 insonui
267 2545 292 2595 in
306 2543 458 2608 singularibus
477 2536 675 2603 contingentibus,
689 2547 741 2599 qum
755 2535 809 2584 sont
821 2543 861 2580 ua·

48 2621 149 2673 riabiiia
160 2622 187 2670 et
197 2619 293 2669 incerto.
301 2619 361 2681 Ergo
369 2615 488 2679 inquisitio
495 2610 587 2664 consilii
594 2608 725 2675 proceditis
734 2605 860 2656 infinitum.

85 2695 136 2745 Sed
151 2694 233 2744 contra
248 2706 254 2740 z
269 2690 344 2743 nullus
359 2690 463 2739 monetur
473 2686 501 2737 sd
516 2684 582 2734 idad
598 2682 658 2747 quod
671 2675 811 2745 impossibiie
828 2675 863 2724 est

50 2764 118 2830 quod
135 2760 272 2829 perueniat,
287 2764 312 2811 ui
330 2760 414 2811 dicitur
431 2758 454 2809 in
469 2758 487 2807 i.
500 2757 537 2806 Dc
553 2754 612 2826 ooedo
624 2752 668 2819 (1).
686 2750 733 2802 Sed
745 2744 861 2798 infinitum

88 2908 125 2976 (¹)
140 2914 174 2961 Et
184 2904 277 2970 quidem
285 2914 341 2957 text.
353 2905 399 2968 58,
410 2906 443 2953 sic
451 2902 562 2968 expressi
572 2919 580 2950 c
589 2895 741 2962 imputribile
755 2896 788 2943 ott
801 2890 865 2941 iiiito
