1984 3309
302 184 304 191 '
340 194 401 242 4414
414 204 433 255 4,
450 201 541 249 unm.
558 202 615 253 uxr,
629 202 683 241 nur.
701 183 737 241 444.Ι

168 280 305 345 Respondes
320 279 452 343 4144444444,
467 278 527 342 quod
544 279 635 343 quidam
648 282 772 344 posueruut
783 281 892 343 gradatim
901 296 944 335 res

164 354 210 405 tiro
219 352 371 417 processisse3
382 351 413 401 ita
426 346 512 402 44411444
525 346 586 413 quod
602 350 630 401 atr
643 364 670 401 eo
686 350 814 402 1444444444
827 356 945 416 prooessit

137 426 211 491 urinra
225 427 345 487 ereatura,
358 427 381 475 et
394 422 433 481 itia
446 422 555 487 produxit
571 422 689 487 uiiarn‚.et
700 423 736 475 sio
753 424 807 477 iuue
822 438 895 489 usque
909 430 943 479 ad

138 501 263 548 ereaturam
281 508 417 559 corpoream.
432 494 544 556 84414444
556 494 640 559 positio
654 498 689 546 est
704 496 868 560 impossibilis3
883 500 945 561 quia

137 570 211 635 prima
229 567 350 631 corporatis
366 569 474 617 creature
493 566 613 631 productio
626 573 661 617 est
677 581 718 633 per
732 566 885 630 creationem,
898 584 946 634 per

131 654 204 705 ouans
213 638 338 703 etiamipsa
347 637 440 689 materia
448 636 754 702 pruduotnrriuuperteeturn
763 640 947 704 eninrestnrius

137 712 205 776 qnaru
217 710 342 776 portentum
358 709 382 759 iu
395 710 463 774 fleri.
477 708 619 775 Impossibile
632 713 668 761 est
678 714 755 761 rutena
768 710 852 775 efiqrrid
867 714 947 763 444441

137 782 183 833 uisi
197 783 210 833 4
223 783 337 833 44441144.
349 782 381 832 44
392 781 458 846 enjus
471 781 610 832 antennam
621 781 808 833 roustrterandum
820 784 945 847 est,un

137 853 222 919 quanto
234 852 308 918 atique
322 860 390 903 eausa
400 850 751 919 444-44444444,444444441444
765 866 790 905 se
800 854 903 905 extendit
916 856 945 907 iu

138 926 261 977 44444444.
271 927 364 989 sumno
379 928 452 977 sutenr
466 924 490 975 14
503 926 564 989 quod
575 925 726 976 444444444444
738 927 763 975 iu
777 926 856 989 rebus,
873 926 946 980 tune—

138 997 198 1049 uitur
212 997 354 1057 communius
364 995 432 1061 quan
445 996 468 1046 14
482 998 544 1061 qnod
560 997 667 1047 inturuuat
677 1001 701 1047 et
713 997 828 1060 restringit
838 998 916 1062 iusum
935 1017 944 1049 =

137 1070 199 1121 sieut
209 1068 336 1134 essequam
350 1068 644 1133 uniuersorumque]
658 1068 798 1132 intelligere,
810 1072 946 1125 etmateriu

138 1141 205 1204 44444
219 1142 299 1191 1444444.
314 1138 402 1200 Quanto
416 1152 471 1204 ergo
481 1140 567 1203 aliquid
579 1144 616 1191 est
626 1140 700 1204 tnagis
712 1141 857 1205 substratam,
872 1145 945 1196 4444414

138 1212 152 1263 4
166 1213 277 1277 superiori
287 1224 356 1263 euusr
366 1211 452 1263 4144444
460 1211 571 1275 prouenit
582 1212 607 1259 14
617 1224 670 1273 eruo
683 1212 742 1274 quau
756 1215 791 1262 est
800 1212 874 1276 primo
884 1218 946 1268 suu

138 1288 232 1335 stratum
245 1284 268 1334 iu
286 1284 403 1344 omuibus,
419 1282 510 1348 proprie
527 1281 626 1347 pertinet
643 1283 671 1332 44
687 1282 840 1334 causalitatem
857 1298 946 1351 supre-

138 1370 182 1407 ruru
195 1368 279 1407 444444.
290 1354 356 1405 uuna
363 1354 431 1419 igitur
440 1354 540 1405 4444444
547 1366 615 1404 musa
624 1354 793 1419 potestatiquio
803 1357 944 1425 prusinum,

138 1440 183 1478 nou
192 1427 358 1491 praesupposito
371 1426 396 1477 in
410 1440 435 1477 re
445 1426 556 1490 44444444
567 1425 643 1489 atiquo
654 1426 715 1489 4444
726 1430 831 1477 murator
842 1427 856 1477 4
870 1443 945 1494 supe

136 1500 191 1551 riori
201 1513 279 1549 44444.
290 1498 386 1549 Creatiu
394 1502 471 1548 444444
480 1500 517 1549 ast
528 1497 645 1563 4444444414
659 1498 755 1560 utentur
767 1498 801 1548 441
812 1502 945 1555 secundnm

137 1584 202 1621 surum
230 1575 300 1622 444444
321 1569 563 1631 444444441444,44414
582 1569 749 1634 presuuursito
768 1570 829 1633 quud
846 1572 879 1621 414
900 1579 946 1627 rol

136 1641 259 1695 1444444444
276 1642 312 1692 441
329 1641 357 1689 atr
369 1640 444 1703 utiquo
457 1645 564 1690 44444444.
579 1641 643 1691 Unda
654 1640 790 1707 retiaquitur
805 1638 867 1707 quoti
879 1644 946 1698 4411411

136 1717 213 1775 notro
234 1711 316 1776 aliquid
332 1723 409 1763 444444
422 1710 467 1761 4144
485 1710 548 1762 soins
562 1712 634 1773 tiens,
650 1712 689 1775 qui
706 1716 742 1763 est
762 1712 836 1777 4444444
856 1727 941 1768 eausa.

138 1785 167 1834 Et
189 1785 239 1835 1444
261 1788 286 1834 44
310 1783 400 1849 Moyses
428 1784 558 1835 ostenderet
586 1797 680 1866 oorpora
704 1784 781 1835 omnia
806 1784 945 1841 immediate

139 1854 214 1907 tneo
236 1853 613 1921 444444,414144444444441414
632 1855 719 1954 errarit
739 1857 799 1908 neus
817 1855 901 1909 4444444
919 1866 947 1912 44

135 1930 227 1977 terrum.
238 1940 252 1974 u

170 2001 204 2050 ua
214 1998 313 2063 primurn
327 2008 380 2063 ergo
393 1996 600 2063 sternumento
613 1999 639 2049 in
651 2000 799 2063 4444444444
811 2011 887 2051 rernm
902 2011 946 2057 est

138 2070 220 2135 uliquis
235 2072 305 2133 4444,
324 2074 348 2122 44
361 2084 406 2120 nou
422 2070 513 2134 quidem
530 2076 616 2121 utana
629 2075 731 2121 ereatura
744 2077 832 2123 creetur
845 2072 874 2123 414
894 2076 946 2128 atia

142 2144 199 2207 41444
212 2142 274 2193 enirn
289 2140 504 2207 14444441414444),
521 2145 560 2195 sed
576 2144 607 2193 144
617 2142 678 2207 quod
691 2156 720 2193 ex
732 2143 809 2193 utrina
823 2146 946 2209 supientia

139 2214 223 2265 diversi
236 2215 317 2277 gradus
331 2215 355 2263 iu
369 2214 476 2264 creaturis
487 2216 662 2265 constituantur.

169 2286 202 2335 ,14
220 2286 343 2335 securorum
361 2286 495 2348 4144444444,
509 2286 569 2350 quoti
583 2287 632 2351 ipse
645 2286 705 2337 [teus
718 2297 778 2337 unns
793 2287 878 2351 absque
888 2302 945 2345 suae

138 2354 290 2420 simplieitatis
297 2356 436 2407 4444144444
450 2358 591 2409 diuersorum
601 2359 767 2422 cognoscitirus
776 2364 825 2419 est,
834 2363 860 2409 ut
869 2364 946 2425 4444444

138 2432 257 2483 ostensum
267 2431 302 2479 est
315 2429 369 2491 (qu
382 2432 405 2493 4,
416 2432 458 2478 art.
470 2431 499 2477 11
503 2434 589 2493 ‚.etqu
602 2429 945 2494 15,444.1).144’14444114444

138 2504 188 2561 est,
200 2498 324 2551 seeundum
335 2500 423 2551 diuersa
434 2501 533 2565 cognita,
543 2502 848 2567 diuersorumproduetorunu
858 2518 943 2570 eausa,

138 2584 179 2635 per
191 2582 253 2621 suaru
269 2572 418 2636 sapientiam
434 2574 492 2623 414444
504 2577 528 2623 44
540 2574 621 2625 uniter
634 2575 825 2661 apprehendendo
835 2575 947 2632 diuersas

139 2643 223 2694 4444444
237 2643 342 2707 producit
354 2642 444 2695 4444444
458 2645 585 2697 4444441444.
643 2680 647 2683 -

171 2716 203 2765 414
223 2715 315 2765 tertium
331 2715 448 2765 dicendum
457 2715 536 2779 ‚quod
551 2719 664 2780 quantitas
681 2718 771 2768 virtutis
784 2718 873 2781 agentis
889 2732 945 2777 non

140 2785 214 2837 solinu
228 2790 371 2839 mensuratur
384 2786 507 2837 secundino
518 2801 566 2838 reru
578 2788 669 2853 iactam,
681 2790 720 2839 sed
733 2790 803 2859 utiaru¹
811 2792 947 2849 seeundum

140 2860 232 2909 44444444
250 2856 361 2922 14414441,
377 2860 428 2923 quia
443 2871 513 2909 uuum
530 2858 626 2911 otidum
642 2860 749 2913 44144444
765 2862 908 2926 1444444144
926 2870 949 2923 {a

141 2931 224 2986 uriuori
237 2932 329 2983 4144444.
350 2932 476 2983 1444444444
491 2935 568 2983 auteur
579 2932 662 2996 aliquid
676 2932 762 2985 tinituur
776 2935 819 2985 4444
832 2938 898 2989 modo
913 2947 951 2994 ut
