1984 3309
148 164 195 216 tet
356 171 417 230 rans
433 171 457 221 r,
468 170 562 216 ouusr.
578 169 633 220 cur,
648 167 702 207 nnn.
722 169 748 206 rr.

178 249 315 314 Respondeo
327 246 522 310 inondumqnid
534 245 592 298 εἰεει
606 243 675 312 cupri
687 245 772 296 dictum
782 246 817 296 εει
824 243 872 310 (qu.
879 255 939 308 praec

147 325 191 372 art.
207 320 254 384 ι),
267 319 372 370 noluntas
389 319 522 370 immutatur
539 318 667 384 dupliciter.
687 318 737 368 Uno
750 318 816 368 nolo
835 330 864 367 ex
885 319 941 380 parte

147 393 239 458 quidem
252 391 351 456 objecti3
366 391 411 442 alio
424 391 491 441 modu
503 391 605 453 exparte
621 388 693 452 ipsius
704 387 822 454 potentiae.
834 389 869 438 Ex
885 390 943 450 parte

147 463 240 528 quidem
256 463 356 527 objecti,
366 467 444 512 moret
457 461 611 521 uoluntatem,
624 464 647 510 et
657 459 732 524 ipsum
747 461 832 510 bonurn
843 460 902 524 quod
913 461 944 508 εει

148 534 271 587 uoluntatis
288 534 413 599 objectum,
429 533 488 583 sicut
499 531 622 596 appetibile
635 535 712 582 mouet
727 531 869 595 appetitnm;
880 537 902 580 ει
912 529 944 577 ille

148 608 188 672 qui
203 608 341 657 demonstrat
362 604 493 667 objectum,
508 605 563 667 puta
581 602 620 665 qui
639 601 778 654 demonstrat
796 601 882 666 aliquid
899 613 944 652 esse

147 679 241 730 lunum,
256 679 299 728 Sed
314 677 373 726 sicut
385 688 453 738 sopra
468 674 618 732 dictumest,
633 672 675 722 alia
689 673 780 736 quidem
795 673 856 724 bona
867 673 944 736 aliqua·

147 751 201 800 liter
211 750 322 799 inclinant
336 749 492 809 noluntatem3
504 745 544 796 sed
558 744 615 796 nihil
628 743 767 796 sufficienter
781 749 859 795 mouet
870 746 944 795 uolun-

147 825 219 872 tatem
230 820 274 870 nisi
290 821 375 870 tonum
388 817 532 880 uniuersale,
549 817 608 879 quod
622 819 658 866 est
672 816 740 866 Deus.
756 815 785 866 Et
803 817 848 866 hoc
866 815 942 886 bunun

149 891 211 942 solus
226 891 276 954 ipse
295 889 408 950 οειεειιι,
422 893 447 937 ιιι
459 902 501 953 per
517 887 641 939 essentiam
660 887 762 937 videatur
777 901 790 936 a
806 887 896 951 beatis,
910 883 942 949 qui

149 962 234 1013 dicenti
250 962 322 1027 llopsi
337 977 343 1010 :
357 961 483 1011 «Ostende
503 959 558 1010 nrihi
579 957 672 1020 gloriam
687 961 764 1020 tuam,
780 975 795 1007 o
809 958 944 1024 respondit:

151 1051 165 1082 n
173 1035 221 1097 Ego
229 1033 346 1084 ostendam
357 1031 398 1082 tibi
405 1045 472 1082 omne
480 1033 575 1095 honum,
584 1046 598 1078 n
607 1030 734 1080 utlrcbetur
742 1029 842 1092 Emod„
850 1029 945 1082 lllllllll.

149 1105 250 1168 Angelus
265 1117 319 1166 ergo
339 1114 384 1153 non
405 1102 543 1152 sufficienter
564 1105 641 1156 movet
660 1102 817 1164 voluntatem,
831 1116 906 1168 neque
926 1104 945 1150 ut

150 1177 280 1240 obJeotum,
298 1189 372 1240 neque
388 1178 414 1224 ut
429 1176 550 1226 ostendens
574 1173 708 1238 objectum
727 1175 768 1226 sed
786 1175 883 1228 inclinat
901 1187 944 1224 eam

150 1251 176 1298 ut
192 1247 289 1298 amabile
296 1247 436 1312 quoddam,
456 1250 480 1299 ει
497 1249 523 1296 ut
538 1245 687 1298 manifestans
703 1246 779 1310 aliqua
796 1248 865 1298 bona·
881 1250 947 1297 creata

150 1321 252 1372 ordinata
271 1319 351 1370 inltei
365 1317 489 1371 bonitatem
506 1335 512 1368 ι
528 1323 550 1369 ει
572 1331 613 1384 per
635 1317 679 1368 lroc
699 1317 810 1370 inclinare
828 1324 905 1386 potest
925 1318 947 1367 al

151 1402 251 1444 amorem
260 1395 369 1443 creature
378 1385 473 1455 velllei,
485 1403 526 1455 per
536 1389 627 1441 modum
643 1389 768 1442 suadentis.
779 1391 815 1442 Ex
824 1396 892 1456 parte
902 1401 947 1440 uero

151 1465 223 1530 ipsius
234 1463 341 1529 potentie
353 1463 456 1531 voluntas
469 1459 611 1512 nullomodo
627 1464 702 1526 potest
715 1462 802 1512 moneri
817 1463 864 1513 nisi
877 1463 945 1514 atton

151 1536 257 1601 Operatio
267 1534 327 1585 enim
338 1532 464 1584 uoluntatis
478 1537 514 1583 εει
524 1529 641 1584 inclinatio
658 1533 759 1598 quaedam
771 1533 874 1588 uolentis
882 1535 906 1584 in
916 1545 947 1581 ru·

150 1607 226 1657 litum.
241 1606 304 1655 lianc
317 1607 394 1666 antem
406 1603 579 1660 inclinationem
595 1604 657 1655 solus
671 1603 709 1656 ille
727 1604 850 1658 immutare
865 1607 946 1672 potest.

151 1677 192 1742 qui
210 1677 317 1727 vitutem
335 1675 427 1726 volendi
444 1678 555 1728 creature
571 1674 667 1726 contulit
685 1691 690 1726 :
707 1675 766 1728 sicut
785 1679 808 1727 et
829 1679 947 1728 naturalem

150 1747 321 1799 inclinationem
340 1744 414 1799 solum
430 1747 484 1800 illud
508 1761 578 1812 agens
597 1749 673 1812 potest
694 1751 781 1800 mutare
797 1749 862 1812 quod
882 1748 950 1814 potest

152 1819 206 1870 dare
212 1819 320 1868 uirtutem
328 1832 395 1882 quam
402 1819 549 1884 consequitur
556 1818 672 1870 inclinatio
680 1817 797 1871 naturalis.
805 1821 875 1872 Solus
884 1825 950 1871 auten

152 1892 212 1942 lleus
230 1891 321 1955 estqui
341 1891 467 1957 potentiam
480 1891 572 1955 uolendi
591 1891 670 1942 tribuit
691 1897 811 1958 creatura;
834 1895 890 1958 quia
906 1893 949 1956 ipse

152 1963 215 2015 eolus
225 1963 515 2034 estaurtorintellcctualis
525 1966 620 2014 natura.
635 1961 699 2015 Unde
710 1963 804 2028 angelus
813 1965 950 2017 uoluntatem

152 2034 244 2086 alterius
256 2047 350 2085 movere·
359 2047 405 2094 non
419 2038 503 2098 potest.

182 2108 216 2157 lul
230 2105 328 2171 primum
338 2119 392 2169 ergo
403 2105 537 2166 licendum,
552 2104 751 2168 nonsummum
764 2107 858 2158 modum
872 2105 951 2158 illumi-

151 2177 252 2230 nationis
265 2182 300 2228 est
315 2176 446 2241 accipienda
461 2182 485 2228 ει
499 2177 602 2242 purgatio
617 2181 640 2228 et
650 2178 770 2241 perlectis.
783 2179 813 2230 Et
827 2179 884 2243 quia
897 2179 951 2228 Deus

149 2249 264 2302 illuminat
281 2248 422 2311 immutando
436 2248 577 2300 intellectum
591 2253 614 2299 et
627 2249 778 2312 voluntatem,
793 2257 878 2316 purgat
890 2251 904 2302 ir
917 2251 951 2299 ile·

149 2321 249 2372 tectibus
266 2319 392 2371 intellectis
409 2322 432 2370 ει
451 2320 592 2384 uoluntatis,
605 2323 629 2371 ει
644 2317 735 2384 perlicit
754 2321 779 2372 in
799 2321 871 2374 linem
889 2321 951 2372 intel·

149 2393 224 2444 lectus
242 2396 265 2443 et
282 2392 417 2444 uoluntatis.
431 2393 513 2457 Angcli
533 2395 608 2442 autem
624 2389 792 2444 illumimiuatio
811 2395 910 2446 retertur
926 2391 950 2441 ad

149 2463 307 2527 intellectum,
325 2468 351 2513 ut
360 2463 445 2514 uictum
456 2468 503 2521 est;
519 2464 570 2514 ileo
580 2463 649 2514 etiam
664 2465 769 2530 purgatio
780 2465 859 2530 angeli
872 2464 950 2516 intelli·

150 2535 211 2599 gitur
223 2534 237 2584 a
247 2534 338 2585 defectu
349 2534 491 2598 intellectus,
505 2535 545 2599 qui
559 2537 593 2586 est
607 2535 745 2600 nescientia3
759 2537 868 2600 perfectio
880 2541 949 2588 auteur

149 2610 185 2658 eo
198 2605 362 2657 consummatio
375 2605 399 2655 in
415 2607 484 2656 linem
498 2603 627 2658 intellectus
633 2645 642 2671 ‚
654 2607 693 2671 quai
704 2611 739 2658 est
753 2607 838 2658 veritam
851 2609 947 2672 cognita.

149 2678 178 2728 lt
192 2679 238 2728 hoe
253 2679 289 2727 est
300 2677 361 2740 quod
372 2677 428 2727 dicit
437 2677 577 2744 Dionysium
591 2679 630 2728 Vl.
646 2693 697 2746 cap.
712 2678 805 2732 Ecaten.
818 2679 948 2730 hierarch„

150 2747 211 2812 quod
222 2765 236 2796 «
246 2747 270 2796 in
281 2747 368 2797 coelesti
384 2748 512 2800 hierarchia
523 2751 629 2814 purgatio
641 2757 676 2802 εει
690 2753 713 2802 in
728 2751 838 2816 subjectis
849 2749 950 2802 essentiis

151 2823 260 2882 tanquam
274 2817 404 2881 ignotorum
419 2820 555 2872 illuminatio
567 2823 591 2870 in
609 2823 768 2886 perfectiorem
783 2823 902 2874 scientiam
916 2821 948 2870 in·

152 2889 246 2940 ducens.
271 2905 285 2936 u
306 2887 370 2940 Sicut
394 2890 534 2943 sidicamus
555 2892 628 2943 risum
652 2887 789 2960 corporalem
812 2892 947 2960 purgarier
