1984 3309
52 152 59 163 ·
144 137 189 185 86⁰
274 146 349 187 nonu
366 144 492 194 mennon,
507 143 600 189 onnon.
617 141 692 191 nmen,
710 141 768 181 nnn.
785 143 820 181 w.

175 229 197 275 ἱ.
213 225 341 283 eraeteren,
361 222 449 273 bonitus
466 224 532 271 estne
552 223 588 272 est
608 219 695 283 aliquid
718 219 816 284 inipso
836 222 948 273 estatem.

143 295 207 347 Finis
226 300 302 346 entem
316 296 350 345 est
363 307 430 349 conso
448 291 584 345 extrinsece.
599 293 649 343 Non
667 305 725 355 engo
739 291 869 343 secundem
880 295 950 345 tinem

154 367 226 419 icitur
238 366 296 417 actio
310 366 367 416 bone
383 365 420 416 vel
437 366 505 415 mein.

176 445 198 489 ³.
210 442 327 501 pretereo,
336 438 447 502 contingit
455 438 555 501 aliquam
563 436 645 488 bomem
653 436 816 500 operationem
827 439 857 487 nd
866 439 948 489 modom

143 512 210 561 fineen
230 509 342 572 ordinari,
362 508 420 559 sient
437 522 489 559 esim
509 507 592 572 aliquis
609 508 648 560 ont
666 508 842 573 eleemosynam
859 516 949 574 propter

143 582 234 633 inanem
250 580 358 644 gloriam
371 584 395 630 et
411 579 561 642 econverso,
575 578 675 641 eitonam
688 580 776 631 melem
791 581 948 643 operationem

143 652 241 705 ordinari
257 652 285 702 ed
299 654 383 703 bonnm
398 649 614 715 finem,sientei1m
626 649 679 714 qnis
692 650 791 715 inreton,
800 655 829 702 ut
840 652 882 703 det
896 668 950 717 pnn-

144 725 201 791 peri.
222 726 272 776 Nom
287 738 341 787 ergo
358 728 394 775 est
411 738 439 774 ex
452 724 499 775 nno
511 722 570 775 sodo
584 723 643 773 boon
663 723 698 773 vei
709 722 780 775 maie.

175 799 218 848 Sed
232 801 312 849 eentm
327 801 373 857 est,
384 796 445 859 qnod
456 796 549 849 Boetius
560 793 617 845 dioit
630 793 655 843 in
665 796 761 858 Τομέα,
779 794 845 857 qnod
856 813 872 844 n
885 798 950 858 cnjus

145 870 197 920 finis
207 870 280 921 bonus
292 873 340 933 est,
354 868 430 932 ipsum
439 880 529 931 quoqne
539 867 625 919 Mnnm
632 870 683 929 est;
694 869 720 917 et
732 867 803 930 enjus
811 867 869 920 diois
877 871 949 917 metii<

145 944 195 1004 eet,
212 941 287 1005 ipsum
297 954 388 1003 quoqne
406 940 490 989 mnium
502 942 547 989 est.
560 954 576 986 n

179 1014 340 1075 (Concessio.
352 1039 383 1054 -
395 1011 502 1063 notiones
515 1012 619 1063 numme
631 1010 692 1061 sient
705 1023 737 1061 ex
747 1011 796 1061 tine
808 1012 948 1076 dependent,

145 1084 177 1134 ita
192 1088 272 1148 pnaeten
287 1084 412 1135 absolutam
425 1083 564 1146 bonitntom,
579 1095 648 1147 qoem
659 1096 689 1133 ex
705 1096 732 1134 se
746 1084 854 1147 nahem,
868 1089 893 1135 nt
902 1098 949 1133 enni

145 1169 212 1219 quem
224 1170 253 1206 ex
266 1156 356 1221 objecto
363 1192 371 1219 ,
383 1156 421 1207 vei
431 1170 461 1207 ex
474 1153 664 1217 circumstantiis,
679 1168 709 1206 en
719 1156 766 1207 tine
775 1168 872 1219 quoqne
887 1157 950 1207 honi·

145 1232 215 1279 intem
228 1229 265 1279 vei
282 1229 392 1279 malitiam
408 1228 543 1292 suscipiunt.
559 1226 569 1291 )
632 1223 637 1231 “

177 1302 313 1366 Respondeo
330 1300 464 1364 dicendum,
479 1299 540 1365 qndd
555 1299 636 1351 eedem
651 1302 688 1350 est
699 1300 823 1364 dispositio
834 1314 912 1353 eennm
930 1303 949 1350 in

146 1374 258 1435 bonitate,
273 1377 297 1424 ei
310 1373 334 1423 in
347 1387 407 1423 esse.
420 1372 480 1423 Sunt
492 1371 555 1423 enim
568 1372 681 1435 medem,
691 1383 790 1434 qnorum
802 1387 857 1422 eone
866 1386 897 1424 ex
910 1375 949 1423 otio

147 1459 193 1496 non
202 1447 322 1510 dependet,
333 1449 356 1495 et
370 1446 395 1495 in
407 1444 443 1495 inis
456 1443 543 1495 suffieit
561 1443 705 1498 considerare
717 1443 797 1507 ipsum
808 1456 891 1497 eornm
905 1462 950 1494 esse

147 1516 259 1569 absolute.
274 1518 379 1577 Quodam
393 1516 447 1569 vend
458 1520 528 1580 sont,
539 1529 635 1579 quornm
651 1528 702 1565 esee
714 1516 834 1580 dependet
848 1518 878 1568 nb
890 1519 949 1568 etio:

149 1591 207 1640 unde
222 1592 311 1654 oportet
324 1590 384 1653 qnod
398 1588 570 1641 considerentur
581 1601 623 1653 pen
634 1588 843 1639 oonsiderationem
857 1590 888 1642 ed
902 1605 951 1640 can-

149 1674 212 1724 sam,
227 1661 241 1712 i
257 1675 302 1725 qun
324 1662 460 1725 dependent.
479 1661 543 1711 Sient
564 1664 643 1711 onem
660 1675 713 1711 esse
735 1660 770 1711 rei
791 1662 910 1726 dependet
927 1665 950 1712 an
974 1663 976 1688 ¹

148 1737 230 1795 egente
245 1736 268 1783 et
281 1732 361 1796 torma,
372 1732 406 1784 sio
419 1733 512 1785 bonine
522 1732 557 1783 nei
567 1732 680 1797 dependet
689 1732 705 1782 t
715 1731 771 1784 fine.
786 1734 853 1784 Unde
867 1734 893 1785 in
906 1749 951 1798 per-
974 1723 976 1772 i

150 1804 210 1855 sonis
223 1804 377 1868 divinisque
391 1818 436 1856 non
445 1806 532 1857 habent
540 1803 664 1858 tonitntem
674 1805 847 1869 dependentem
860 1808 889 1858 nh
901 1808 948 1860 eiii.
974 1801 976 1806 '

149 1889 196 1927 non
207 1876 365 1929 considerator
380 1876 456 1941 alique
466 1877 525 1929 ratio
534 1877 643 1928 boniatis
652 1890 683 1927 ex
692 1878 748 1929 tine.
760 1877 949 1929 Aetionesentem

150 1949 267 2011 homene,
284 1952 307 1999 et
317 1948 361 1999 elin
373 1962 469 2013 quornm
478 1950 570 2000 bonitas
579 1949 694 2014 dependet
705 1949 736 2000 nb
749 1949 807 2014 elio,
817 1951 906 2002 nonen
918 1965 950 1999 rn-

150 2021 234 2072 tionem
253 2020 360 2071 bonitatis
375 2034 403 2071 es
418 2022 463 2071 fine
478 2020 491 2071 d
504 2034 551 2084 qno
564 2022 709 2085 dependent,
726 2025 814 2085 preter
824 2023 948 2074 honitatem

150 2092 275 2143 absolutam
287 2106 339 2161 qne
355 2093 378 2143 in
396 2092 430 2143 eis
446 2092 533 2145 existit.
550 2093 589 2143 Sin
603 2092 674 2155 igiter
690 2093 716 2143 io
732 2094 826 2145 notione
845 2096 948 2147 numano.

150 2163 239 2215 bonitas
254 2166 395 2230 qnndrnpiex
406 2164 545 2215 considerari
557 2168 640 2229 potest.
653 2164 704 2214 dnn
719 2164 815 2227 quidem
829 2167 949 2219 sennodio

150 2248 237 2297 genos,
249 2241 316 2300 prout
331 2238 418 2288 scilieet
431 2240 465 2287 est
477 2236 547 2300 entim
555 2235 729 2300 qniaqnnntnon
742 2238 815 2289 hebet
823 2239 854 2290 de
867 2240 948 2289 actione

150 2309 173 2356 et
182 2307 290 2370 entitato,
304 2312 392 2359 eninm
401 2310 471 2359 hebet
483 2310 512 2359 de
522 2307 634 2369 bonitate,
645 2310 673 2357 nt
684 2308 770 2359 niceno
781 2313 828 2360 est.
842 2309 892 2359 diis
903 2309 950 2358 veni

151 2378 275 2429 secundino
289 2380 460 2445 speciemque
474 2379 586 2443 neeipitnr
597 2378 725 2431 seonnddm
738 2378 859 2443 obieetnm
869 2395 950 2432 eonne-

152 2447 227 2500 niens.
246 2450 323 2501 Tertio
340 2452 464 2503 secundnm
480 2451 677 2514 circumstantias,
692 2451 758 2517 qnasi
773 2452 901 2505 seennddm
920 2467 951 2502 nc-

151 2520 249 2571 cidentin
268 2524 380 2585 quedem.
396 2525 479 2587 Quanta
497 2528 575 2574 antem
595 2523 721 2575 seennddm
735 2523 821 2588 tinem,
836 2526 902 2589 quasi
920 2539 951 2574 se

151 2594 249 2645 condem
265 2595 424 2649 hebitudinem
436 2597 466 2647 nd
479 2596 590 2648 honitatis
600 2610 702 2649 oensem.

183 2667 216 2715 nd
232 2666 327 2729 primum
345 2680 399 2729 ergo
416 2669 629 2733 dicendumque}
641 2670 743 2733 bonnm,
755 2671 783 2720 ed
798 2670 860 2734 qnod
873 2670 950 2732 aliquo

151 2736 276 2799 respitiens
286 2742 400 2801 operetur,
413 2753 459 2790 non
474 2754 565 2805 semper
576 2745 611 2793 est
623 2756 704 2793 venum
714 2743 815 2806 bonum
830 2744 871 2793 sed
885 2756 951 2805 qnan-

152 2805 225 2867 doque
241 2820 318 2857 vernon
332 2808 433 2870 bonnm,
448 2815 471 2861 ei
485 2815 622 2878 quandoque
638 2828 774 2881 apperens:
787 2818 814 2867 et
829 2814 951 2866 secundini

153 2873 195 2923 hoo
208 2888 238 2925 ex
248 2876 293 2926 fine
308 2880 410 2943 seqnitur
420 2881 481 2933 antio
499 2885 567 2941 mola.
