1984 3309
130 177 164 213 nra
176 173 293 221 nonnum,
305 173 369 218 ouon
382 175 466 215 norrrm
478 177 505 215 nr
518 175 594 214 srlru
604 177 653 216 mu.
669 177 773 216 domur.
808 169 855 218 tte

76 251 225 317 Rcspoudco
242 251 379 316 dicendum,
395 252 456 317 quod
466 252 496 316 gin
512 254 604 305 bomine
623 255 788 318 quodammodo
802 261 856 306 snut

40 326 137 376 omnia.
160 324 191 374 Et
208 323 260 373 ideo
274 323 399 374 secundiam
412 327 503 376 modum
516 340 561 389 quo
574 326 702 376 dominatur
719 327 816 391 hisquae
832 329 856 378 in

39 399 126 461 seipso
143 398 217 458 sunt,
238 395 361 446 secundum
383 397 446 446 hunc
462 397 553 447 modum
571 399 680 462 competit
699 399 722 448 ei
743 398 855 448 dominari

40 471 107 522 aliis.
118 469 164 520 Est
177 471 259 518 autem
269 467 400 519 innomine
414 472 510 531 quatuor
523 469 675 532 considerare,
686 471 774 522 sciboet
787 471 855 522 ratio-

40 556 115 603 nern,
134 537 264 592 secundum
277 552 345 603 quam
357 540 464 593 convenit
478 554 530 590 curn
540 541 639 605 augelis3
649 542 710 594 uires
724 543 855 607 sensitiuas,

40 612 181 664 secundum
204 624 262 676 quas
278 610 385 660 conuenit
402 625 454 660 cum
474 612 622 677 animalibus3
644 615 706 665 uires
728 615 856 678 naturales,

40 683 178 736 seeundum
195 697 252 749 quas
266 683 375 733 conuenit
391 698 442 732 oum
459 684 558 748 plantis3
576 689 600 736 ot
616 685 691 750 ipsum
706 701 804 751 corpus,
821 700 857 738 sc·

40 755 149 806 cundum
169 756 232 818 quod
250 755 357 805 conuenit
369 769 423 804 cum
439 757 505 805 rebus
519 755 658 808 inanimatis.
670 759 736 808 Ratio
748 759 857 812 autemiu

40 828 143 879 homine
162 827 235 887 habet
253 828 327 878 locum
347 827 502 890 dominantis,
521 831 544 878 et
559 841 604 880 non
627 830 725 894 subjecti
747 831 855 881 dominio.

42 901 112 962 Unde
126 901 201 949 homo
215 899 302 963 angelis
317 913 363 950 non
377 901 534 953 dominabatur
545 900 570 950 in
583 901 656 965 primo
668 906 736 954 statu.
755 905 782 954 Et
797 905 858 966 quod

42 971 134 1022 dieitur
141 1010 149 1034 ,
156 973 227 1020 omni
234 973 374 1031 creature,
383 972 578 1036 intelligiturque
593 987 638 1025 non
649 977 684 1025 est
695 977 723 1026 ad
733 975 857 1038 imaginem

41 1043 98 1094 Dei.
116 1042 212 1097 Viribus
225 1045 301 1093 auteur
316 1043 439 1107 sensitiris,
451 1043 510 1094 sicut
522 1044 630 1094 irascibili
644 1049 667 1096 et
676 1047 856 1111 concupiscibili,

41 1130 99 1182 qme
110 1113 244 1178 aliqualiter
256 1114 367 1166 obediunt
380 1115 476 1179 rationi,
488 1116 616 1170 dominatur
626 1117 703 1168 anima
715 1118 854 1182 imperando.

43 1189 112 1239 Unde
122 1187 149 1236 in
164 1189 228 1237 statu
242 1186 382 1240 innocentie
395 1187 531 1238 animalibus
542 1189 591 1239 aliis
602 1202 643 1253 per
652 1189 773 1254 imperium
786 1190 857 1242 domi-

43 1261 156 1311 nabatur.
169 1257 264 1308 Viribus
272 1262 350 1308 autem
362 1260 502 1312 naturalibus
512 1265 535 1312 et
550 1261 594 1325 ipsi
607 1261 696 1326 corpori
709 1264 777 1314 bomo
786 1263 858 1314 domi·

43 1333 160 1394 dabatur,
171 1343 221 1380 nou
226 1329 320 1398 quidem
328 1329 471 1394 imperando,
480 1333 520 1384 sed
529 1334 621 1384 utendo.
630 1334 662 1382 sc
667 1333 699 1384 sic
711 1335 783 1384 etiam,
790 1337 858 1386 homo

43 1404 68 1455 in
78 1408 146 1454 statu
159 1400 303 1454 innocentiae
318 1402 475 1454 dominabatur
489 1404 575 1468 plantis
592 1409 615 1456 et
626 1405 693 1456 rebus
709 1405 856 1467 inanimatis,

42 1490 90 1526 non
102 1489 150 1540 per
159 1473 285 1537 imperium
293 1474 331 1523 uel
344 1474 526 1528 immutationem
532 1513 540 1539 ‚
550 1477 591 1527 sed
599 1477 684 1538 absque
694 1476 872 1540 impedimento.

43 1548 135 1599 utendo
148 1559 235 1598 eurum
245 1545 339 1596 auxilio.

75 1621 106 1670 Et
117 1632 166 1685 per
178 1618 225 1668 boc
236 1620 300 1680 patet
310 1616 427 1682 responsio
438 1619 467 1668 ad
478 1619 576 1682 objecta.

305 1738 308 1747 ‘
349 1746 507 1806 uuuduuus
523 1755 562 1804 ur.

92 1864 190 1911 Utrirm
201 1862 419 1907 merestonam
431 1863 572 1906 iatrocenlioe
580 1863 683 1918 scissent
697 1864 804 1920 cqrralrs.

74 1977 112 2026 nd
126 1973 227 2025 tertium
242 1972 277 2022 sie
292 1971 430 2036 proceditur.
448 1972 544 2022 Videtur
560 1971 618 2036 qubd
637 1973 742 2023 homiues
758 1972 782 2021 iu
798 1975 859 2022 statu

43 2046 190 2106 innocentiae
203 2057 284 2095 omnes
294 2045 390 2095 fubmnt
401 2045 507 2107 equales.
515 2043 573 2094 llicit
583 2044 644 2097 enim
653 2043 787 2106 Gregorius,
798 2041 858 2106 qudd

45 2140 59 2168 a
72 2121 118 2172 nbi
137 2132 189 2170 non
208 2116 359 2182 deliquimus,
379 2131 458 2167 omnes
477 2131 544 2181 pares
563 2131 649 2168 sumus.
668 2134 682 2163 »
700 2117 744 2166 Sed
758 2115 782 2164 iu
799 2119 858 2164 statu

44 2190 189 2246 innocentiae
207 2203 256 2241 non
264 2192 315 2240 erat
324 2188 440 2244 delictum.
451 2190 509 2251 Ergo
519 2202 598 2252 omues
612 2191 676 2238 erant
687 2200 762 2252 pares.

76 2272 102 2318 a.
118 2267 255 2326 Puerum,
266 2263 394 2318 similitudo
405 2266 428 2312 et
437 2262 555 2324 equalitas
569 2265 604 2312 est
620 2262 677 2312 ratio
691 2266 775 2312 ruutuae
789 2261 858 2312 dilec-

44 2339 118 2391 tionis
124 2376 135 2402 ‚
145 2334 274 2389 secnndbm
283 2335 341 2385 illud
354 2335 445 2396 diocli„
454 2336 504 2384 Xlll
514 2350 518 2382 ε
533 2353 546 2382 u
556 2337 627 2385 Omne
639 2334 722 2386 animal
731 2334 804 2396 diligit
814 2335 858 2386 silui

44 2412 137 2473 simile,
149 2409 186 2460 sie
200 2413 224 2458 et
235 2407 311 2458 oznuis
322 2408 391 2457 homo
400 2407 527 2470 proximum
537 2405 590 2457 sibi,
601 2423 614 2452 u
628 2407 653 2456 lu
663 2406 701 2456 illo
712 2407 787 2456 auum
798 2409 857 2456 statu

45 2485 107 2535 inter
126 2481 238 2540 homiues
256 2480 387 2530 abrmdabat
402 2478 507 2542 dilectio,
526 2494 577 2544 quae
598 2484 633 2530 est
653 2479 767 2530 uinculum
784 2479 856 2541 pacis.

46 2559 105 2620 Ergo
120 2567 206 2609 omnes
219 2551 320 2605 fuissent
333 2565 399 2616 pares
416 2552 441 2602 in
457 2556 515 2602 statu
531 2551 673 2602 innocentiae.

78 2635 103 2678 3.
121 2630 256 2686 Praetorea,
266 2628 376 2676 cessante
385 2638 452 2676 causa
462 2629 535 2674 cessat
548 2625 652 2676 enectus.
665 2625 710 2674 Sed
721 2638 788 2674 causa
802 2623 857 2676 ine·

47 2699 166 2762 qualitatis
183 2699 248 2748 inter
261 2697 368 2747 homines
382 2698 472 2748 uidetur
488 2711 549 2746 nunc
561 2710 626 2759 esse,
644 2698 747 2759 exparte
765 2695 857 2759 quidem

48 2771 102 2835 llei,
113 2770 177 2836 qudd
187 2771 300 2834 quosdam
314 2767 451 2832 promeritis
460 2767 575 2833 praemiat,
590 2770 697 2832 quosdam
711 2766 765 2818 uero
781 2766 855 2830 punit3

48 2849 156 2907 exparte
170 2841 227 2893 uerd
242 2845 343 2903 natura,
357 2841 410 2904 quia
423 2845 516 2907 propter
530 2845 614 2892 naturae
637 2841 750 2892 defectum
765 2839 857 2903 qnidam

49 2919 175 2967 naseuntur
188 2914 278 2968 debiles
292 2919 317 2966 et
327 2914 415 2982 orbati,
429 2913 523 2979 quidam
538 2917 613 2964 auteur
626 2915 695 2966 lorus
706 2916 729 2964 et
744 2911 855 2976 perfectu
