1984 3309
184 156 214 195 bu
229 156 335 197 Willis
352 156 442 199 ΒΕΠΕΙ
457 159 543 201 illim
559 159 584 209 lii
600 159 719 202 domili-
819 153 850 205 88

33 230 130 283 debuit
143 231 204 283 dicia
215 232 301 285 «Vidit
312 234 372 288 lleus
382 236 443 299 quod
453 241 517 288 esset
526 238 622 290 benun
634 254 649 287 n
660 239 853 294 inconvenienter

41 318 106 424 Ergo
117 302 297 368 praeurnituun
311 304 338 357 in
351 321 421 371 opere
434 308 569 372 creationis,
581 315 606 361 et
616 310 642 361 in
661 324 731 375 opere
744 314 851 367 secundo

73 390 103 425 er.

80 451 102 495 t.
113 448 239 509 preterea,
248 446 351 513 Spiritus
360 446 402 501 Dei
414 453 450 513 est
460 454 529 503 lleus.
540 452 588 502 beo
599 456 675 504 uuum
686 466 733 503 uon
738 454 852 520 competit

42 518 118 583 ferri,
133 534 177 571 uec
192 517 265 571 situm
290 520 385 572 habere.
407 522 599 585 luoouveuieuter
615 538 670 588 ergo
693 524 776 577 dieitur
791 526 852 596 quod

43 605 64 636 rr
78 589 174 653 Spiritus
187 589 231 641 ll'ei
245 591 550 659 ferebatur'superaquus.u

78 665 99 710 5.
116 662 249 723 mirrea,
266 663 344 714 nullus
368 662 423 715 lauit
438 664 499 729 quud
516 660 668 729 jurulentum
681 665 726 717 ost.
739 660 852 721 inunum*

41 731 133 783 nienter
145 747 201 797 ergo
214 737 338 799 postquam
356 732 489 786 dictumest
506 753 541 787 :u
557 736 613 789 dixit
632 738 706 800 Deus,
719 737 759 787 lint
777 731 854 793 urus·

40 808 143 854 mentum
153 822 161 867 ς
178 807 203 855 et
214 803 303 855 iactum
316 807 351 856 est
365 806 406 869 itu,
417 824 431 853 u
442 804 547 861 subditur
557 824 593 859 :u
606 811 630 859 et
640 802 696 859 iecit
706 810 766 860 lleus
776 811 853 863 trun·

39 879 152 927 mentum.
166 892 181 925 u
194 877 226 925 lit
239 872 346 927 similiter
359 874 384 927 in
397 876 448 929 aliis
458 877 568 943 operibns
581 877 637 931 suis

75 952 97 997 6.
113 950 247 1011 humen,
264 948 364 1011 uespere
384 953 408 999 et
432 965 506 1001 moue
525 965 571 1001 non
590 950 731 1013 sufficienter
749 945 855 1003 dividunt

43 1016 179 1083 dicun,cirnr
191 1019 240 1069 siut
252 1020 330 1084 plnres
340 1024 418 1083 portes
426 1017 482 1071 diei.
491 1018 552 1085 Ergo
562 1018 749 1073 inconvenienter
758 1017 851 1086 dicitur,

44 1091 103 1152 quod
112 1108 126 1137 e
135 1092 272 1141 factumest
281 1104 379 1155 uespere
391 1096 417 1145 el
427 1106 494 1143 mene
506 1092 556 1145 dies
563 1087 725 1144 secundusne!
732 1089 824 1145 testim.
835 1111 851 1141 n

74 1166 96 1212 7.
114 1162 245 1225 Preteren,
265 1163 367 1213 seeundo
385 1166 408 1213 et
432 1161 497 1215 tertio
514 1177 561 1215 non
581 1159 745 1215 conuenienter
765 1178 853 1215 eones·

41 1233 126 1293 pendet
145 1244 235 1296 uuum,
252 1232 294 1283 sed
307 1232 416 1296 primurn.
430 1234 514 1285 Debuit
527 1249 581 1297 ergo
595 1230 641 1285 diei
659 1250 666 1285 :
684 1235 804 1285 uinclum
816 1242 853 1290 est

40 1316 137 1367 uespere
150 1308 175 1356 et
189 1317 259 1355 mune
273 1304 324 1355 dies
334 1304 432 1368 primus,
444 1322 457 1353 u
468 1306 508 1356 ubi
520 1306 602 1356 dictur
614 1323 628 1355 u
644 1306 697 1357 dies
709 1304 851 1371 uuus(1).n

73 1378 275 1436 (Cosmusroe
284 1372 403 1439 Scriptura
415 1389 479 1427 saura
490 1372 685 1434 coureuieulibus
695 1377 767 1427 ulitur
775 1376 853 1427 uerius

42 1445 71 1494 ud
87 1446 265 1511 exprimendum
280 1459 350 1510 opera
364 1460 406 1497 sex
420 1447 533 1513 dierum.)
604 1508 606 1516 Ι

74 1518 209 1581 despondeo
223 1517 350 1574 dicendum
365 1519 525 1584 adpinum,
543 1519 604 1586 quod
623 1520 748 1571 seemdunr
766 1521 855 1583 Augus·

44 1588 116 1638 linum
125 1604 223 1654 persona
234 1586 290 1657 Filii
303 1594 495 1641 commemoratur
503 1629 510 1652 ,
519 1596 567 1642 um
581 1587 606 1641 iu
619 1585 692 1656 prima
702 1604 778 1642 rerunt
785 1605 854 1641 cren-

41 1660 119 1721 tioue,
132 1662 203 1726 quim
216 1660 242 1711 in
259 1674 337 1711 rerum
351 1660 496 1712 distinctione
519 1666 543 1712 et
556 1666 652 1725 ornatu,
666 1657 817 1713 alitertanren
829 1662 856 1713 et

39 1734 116 1783 aliter,
130 1733 262 1783 Distinotio
283 1729 384 1782 enimet
399 1737 493 1785 ornatus
509 1730 610 1802 pertinet
628 1734 658 1784 ad
677 1746 751 1784 rcruuu
769 1734 854 1784 torma·

38 1804 133 1855 tionem.
154 1806 222 1855 Sicut
239 1807 317 1855 sulem
333 1802 440 1855 formatio
455 1805 627 1858 nrtitiointoruru
644 1808 681 1856 est
698 1818 741 1871 per
756 1800 853 1856 iormeur

38 1875 94 1926 artis
104 1890 157 1940 quc
169 1880 209 1927 est
219 1876 246 1926 in
260 1879 339 1926 mente
350 1876 443 1927 enticis
452 1916 459 1937 ,
469 1890 523 1939 quc
538 1881 614 1941 potest
627 1872 673 1930 diui
692 1872 854 1944 «inteligible

37 1946 131 2000 uerbum
147 1945 242 2011 ipsins3
258 1964 273 1993 u
288 1946 321 1997 ite
335 1944 442 1997 formatio
455 1942 528 1999 totius
536 1952 644 1998 uenture
653 1950 689 2002 est
699 1960 741 2011 per
752 1947 853 1997 Verbum

40 2019 88 2068 bei.
106 2020 135 2071 lit
149 2019 203 2070 idco
218 2019 244 2070 in
265 2031 335 2082 opere
353 2014 510 2073 distinotionis
531 2023 555 2069 et
572 2022 665 2069 ornatus
682 2018 708 2067 lit
720 2015 807 2067 montio
822 2014 852 2067 de

39 2092 126 2157 lerb03
146 2090 173 2142 in
195 2088 315 2141 crendoue
332 2092 411 2142 nuum
425 2086 615 2141 commemoratur
634 2087 706 2140 Filius
723 2093 749 2139 nt
769 2088 855 2152 princi«

41 2162 120 2226 piuur,
138 2162 194 2213 cum
207 2160 312 2216 dicitur:
329 2177 343 2208 α
357 2161 384 2210 lu
400 2157 513 2225 principio
527 2160 614 2214 creaut
628 2163 706 2222 Deus,
719 2177 734 2207 u
744 2159 797 2224 quin
810 2172 852 2224 per

42 2233 186 2285 proedonem
203 2232 344 2296 intelligitur
359 2233 476 2297 productio
487 2230 591 2283 intormis
603 2228 712 2283 mauriae.
725 2230 852 2286 Seonudm

41 2306 93 2356 verb
106 2306 167 2357 ulios
183 2304 223 2369 oui
237 2308 328 2369 penum
340 2302 415 2367 prino
427 2307 504 2355 oruata
517 2304 630 2356 clementa
642 2304 685 2356 sub
697 2302 796 2368 propriis
804 2304 852 2353 tor·

76 2440 104 2503 (l)
123 2442 187 2489 Addi
212 2441 290 2499 potnit
305 2447 331 2486 ut
353 2440 377 2485 iu
392 2438 576 2498 precedentibus
591 2437 694 2487 ortlenlis
714 2438 768 2487 loco
785 2451 854 2497 urgu-

46 2506 115 2551 menti
128 2521 135 2550 ι
148 2502 198 2551 sul
210 2508 314 2553 eontra,
328 2502 392 2559 quod
406 2502 442 2548 bio
456 2502 539 2560 deest,
553 2504 583 2549 iu
591 2505 732 2563 oppositum
745 2504 855 2561 sumcere

44 2568 218 2617 auctoritatem
234 2565 376 2624 Scriptum
387 2578 439 2623 putee
449 2564 485 2610 rio
499 2578 584 2612 rerum
598 2566 743 2612 creationem
755 2567 854 2611 unul.

44 2632 85 2677 Sed
106 2643 155 2676 nou
172 2630 266 2687 putruit
282 2632 306 2675 S.
327 2629 430 2675 Thomas
448 2629 606 2674 necessarium
622 2636 648 2676 ut
662 2633 777 2685 repeteret
792 2622 855 2684 quod

44 2693 185 2751 supponitur
204 2691 347 2737 sullicieuter
368 2702 398 2735 ex
419 2690 545 2747 premissis
561 2706 568 2736 ι
584 2698 608 2737 et
626 2698 748 2749 propterea
767 2690 856 2735 nullam

46 2769 135 2813 quoquo
147 2753 326 2811 conclusionem
338 2754 375 2799 uel
390 2750 475 2801 nullum
493 2766 578 2810 corpus
589 2753 678 2800 articuli
689 2752 789 2810 eddidit,
800 2750 856 2807 quin

46 2819 99 2864 satis
112 2819 185 2865 etiam
197 2814 251 2862 iude
260 2822 343 2875 patet3
354 2815 396 2861 sed
404 2814 509 2877 sufficere
520 2811 566 2863 slbi
576 2816 718 2864 extstimnvtt
728 2815 748 2860 si
755 2812 856 2869 obiectis

48 2880 69 2923 in
85 2880 231 2927 nonuncium
244 2878 406 2937 responderet.
