1984 3309
132 192 166 232 nn
176 188 292 231 nomm
301 190 331 230 nr
342 189 441 231 ιιιιιιι
452 190 528 231 renna
536 189 617 230 mn.
629 191 788 233 vonnrrnrrs.
815 183 861 234 tet
875 192 887 211 ·

54 282 154 336 genae.
170 270 253 319 dieunt
266 280 318 334 argo
329 268 389 334 qndd
404 270 424 319 si
435 270 493 319 ratio
504 268 543 319 rel
553 269 693 321 eonseiertia
706 271 766 322 diret
777 271 863 337 ntiqdd

55 356 112 395 esse
130 342 260 393 radendam
273 343 333 406 qnod
347 342 376 392 sit
393 340 477 393 honum
490 356 520 392 ex
538 356 581 393 sne
600 356 696 407 genere,
713 358 760 395 non
779 349 815 397 eet
832 346 864 395 ibi

55 428 132 467 error.
148 414 258 465 Similiter
268 417 288 465 si
305 415 363 465 dieat
379 414 464 479 atiqnid
482 428 529 465 non
542 428 592 466 enee
610 417 739 467 iaciendum
753 418 814 481 qnod
828 422 864 469 est

56 488 147 538 maium
157 498 186 537 an
200 499 242 537 sno
251 498 347 551 genere3
360 488 437 536 eadam
448 486 510 536 enirn
520 488 608 538 ratione
617 488 781 552 praeeipiuntnr
793 490 863 553 bena,

56 574 104 625 qna
119 559 271 623 prohibentur
282 559 348 608 maia.
360 558 404 607 Sed
415 559 434 608 si
446 558 503 609 ratio
516 559 553 608 rei
565 559 705 610 wnaeientia
716 560 777 611 dicat
786 561 863 624 alieni,

56 632 122 695 qnod
133 631 174 681 iila
189 644 239 694 qnae
252 634 305 681 sent
318 630 443 679 seonndnna
463 643 487 679 se
502 631 577 693 mala,
590 632 659 681 homo
673 636 777 683 teneatur
790 633 864 684 faeere

57 717 86 754 ex
102 706 233 769 precepto,
248 702 285 752 vei
299 704 358 765 qnod
371 702 409 751 itia
422 714 472 765 qnae
486 705 541 751 sunt
552 704 676 753 mnndum
690 717 715 755 ee
728 706 804 771 bona,
818 707 865 756 nint

55 774 193 840 prohibita,
208 773 251 823 erit
261 772 317 824 ratio
327 773 364 823 vei
374 772 513 823 conseiadia
521 785 601 823 errans
611 789 617 821 ι
628 778 652 823 et
663 772 795 828 dimititersi
807 779 864 829 ratio

55 847 94 897 vei
110 845 253 897 mordenda
263 844 323 894 dieat
335 843 414 905 alieni,
425 844 486 907 qnod
497 844 520 893 id
533 844 593 907 qnod
607 848 643 895 est
656 848 781 898 secundnm
794 862 820 899 se
828 850 865 899 in-

55 919 184 978 different,
206 921 232 967 nt
249 918 324 967 levare
348 915 458 965 testneam
479 915 508 965 de
526 920 598 977 terra,
620 917 650 966 sit
669 918 809 981 prohibitam
827 921 865 971 ret

56 993 216 1055 praeceptum,
227 987 270 1038 erit
282 988 340 1037 ratio
353 987 390 1037 vei
404 986 544 1037 conseientia
558 999 644 1037 errans.

90 1060 178 1109 itiennt
193 1070 249 1121 erge
264 1059 322 1123 qnod
337 1055 394 1107 ratio
405 1056 442 1105 rat
457 1056 597 1107 conscientia
607 1070 686 1108 errans
700 1058 760 1109 eirea
769 1060 866 1112 indide-

57 1131 138 1183 rentia
157 1131 206 1181 aive
222 1128 389 1194 precipiendo,
402 1126 453 1178 sire
472 1128 625 1193 prohibendo,
640 1129 738 1194 abigat,
752 1132 784 1183 ita
804 1134 865 1198 (prod
882 1179 886 1185 ,

57 1206 171 1255 voluntas
187 1200 341 1253 discordanti
355 1199 395 1250 tnii
407 1201 495 1253 ratione
511 1205 613 1260 errante,
623 1202 666 1251 erit
679 1203 738 1254 maia
751 1209 776 1254 et
785 1218 866 1269 peden-

58 1282 127 1339 tnm;
139 1274 180 1326 sed
194 1272 297 1324 natinaei
309 1271 448 1322 conscientia
461 1284 540 1321 errans
549 1272 702 1335 praecipiendo
710 1286 738 1324 ea
748 1288 798 1338 qun
811 1280 865 1327 rant

57 1362 103 1413 per
115 1360 141 1399 se
152 1346 222 1408 maia,
230 1344 268 1395 rai
278 1344 418 1409 prohibendo
429 1356 456 1393 ea
467 1357 519 1405 quan
528 1346 583 1393 erint
591 1356 633 1407 per
644 1356 668 1393 se
680 1344 740 1395 tona
753 1348 777 1394 et
786 1358 866 1397 neem·
923 1394 928 1401 ,

59 1422 124 1471 saria
143 1419 173 1468 ad
188 1417 297 1477 saluum,
313 1428 361 1466 non
375 1414 469 1477 obiigat.
482 1414 547 1465 Unde
558 1414 583 1463 in
596 1415 679 1465 olibae
696 1417 801 1467 volontas
819 1419 866 1469 din·

59 1492 163 1543 eordans
175 1489 188 1539 a
199 1488 286 1539 ratione
300 1488 337 1537 vai
351 1486 489 1538 conscientia
506 1490 611 1549 errante,
629 1500 674 1537 nea
689 1491 723 1538 est
736 1488 804 1537 maia.
819 1490 864 1541 Sed

61 1566 108 1615 hnc
130 1560 316 1612 irrationabiliter
333 1559 420 1609 dicitnr.
435 1560 461 1607 in
480 1557 662 1608 indifferentibus
682 1558 744 1609 enirn
762 1559 866 1611 rainatas

61 1634 200 1685 discordans
217 1631 230 1681 a
244 1631 330 1681 ratione
346 1632 384 1681 ael
402 1629 542 1680 consedendo
555 1633 643 1680 errante
662 1634 698 1680 est
713 1631 772 1680 mala
789 1632 865 1696 atique

58 1708 131 1758 modo
147 1707 240 1769 propter
257 1702 385 1767 objectum,
398 1702 411 1751 i
424 1716 469 1765 quo
485 1701 575 1752 bonitas
587 1702 624 1751 tei
639 1701 725 1752 malitia
742 1702 865 1754 voluntatis

61 1777 196 1843 dependet,
207 1788 252 1826 non
263 1778 339 1825 antem
349 1775 564 1839 propterobjeetnm
571 1774 694 1824 eecnndnn
705 1775 741 1825 sni
751 1778 863 1837 naturam,

62 1850 105 1901 sed
122 1848 250 1901 secundnm
265 1847 325 1911 qnod
340 1860 382 1910 per
397 1846 503 1897 accidens
516 1846 530 1896 a
541 1847 630 1897 ratione
647 1847 823 1911 apprehenditur
840 1852 865 1897 nt

58 1923 149 1973 bonnm
168 1919 205 1969 rei
218 1919 300 1968 maium
308 1955 317 1981 ,
334 1920 362 1969 ad
378 1918 522 1980 iaciendum,
534 1920 570 1967 rei
583 1919 612 1968 ad
626 1919 758 1982 vitandnm3
771 1923 794 1967 et
811 1919 865 1982 qnia

60 1992 182 2058 objectum
193 1990 317 2041 voluntatis
324 1994 360 2041 est
368 1992 391 2039 td
399 1991 458 2055 qnod
469 1990 602 2053 proponitur
610 1989 623 2039 i
632 1990 734 2053 ratione,
743 1995 769 2039 nt
778 1990 864 2040 dietum

60 2070 111 2129 est,
129 2078 160 2114 ex
174 2075 218 2126 qno
232 2061 315 2125 aiiqnid
334 2060 468 2125 proponitur
479 2061 492 2109 'a
504 2060 590 2110 ratione
603 2063 629 2108 nt
642 2061 738 2122 matam,
757 2061 865 2111 veluntas

60 2140 117 2187 dum
129 2136 155 2184 in
167 2134 223 2183 ilind
233 2133 311 2195 fertur,
323 2132 406 2197 accipit
415 2133 525 2182 rationem
534 2131 596 2180 maii.
608 2132 656 2181 itoe
667 2135 742 2180 antem
753 2132 865 2195 contingit

61 2223 110 2260 non
126 2205 201 2258 sotim
211 2206 236 2255 in
250 2205 442 2265 indifferentibus,
457 2205 497 2255 sed
513 2204 581 2254 etiam
593 2204 617 2252 in
631 2216 673 2267 per
689 2216 714 2252 ae
729 2203 812 2265 bonis,
828 2206 865 2254 vei

62 2280 144 2342 maiis3
158 2289 205 2328 non
219 2278 291 2327 selum
300 2276 360 2327 enirn
370 2276 394 2326 id
403 2276 463 2339 qnod
475 2280 512 2326 est
521 2274 665 2336 indifferens,
675 2277 751 2337 pnteat
761 2276 865 2340 accipere

60 2352 178 2403 rationem
195 2348 250 2399 boni
265 2348 301 2398 vei
319 2347 373 2398 mati
386 2360 428 2412 per
441 2348 560 2409 accidens,
576 2348 616 2396 sed
631 2345 738 2397 etiamid
756 2349 815 2411 qnod
829 2351 865 2399 est

59 2425 150 2475 bonnm
164 2422 240 2485 potest
256 2420 358 2485 accipere
373 2418 484 2469 rationem
495 2418 562 2481 mali,
573 2417 612 2467 ret
623 2416 679 2466 iltnd
691 2419 751 2481 qnod
767 2423 804 2469 est
816 2432 864 2469 ma·

59 2499 124 2560 inm,
140 2494 252 2544 rationem
266 2494 335 2556 boni,
349 2496 442 2557 propter
459 2490 664 2555 apprehensionem
680 2491 795 2543 rationis:
811 2493 865 2556 pntt

61 2568 179 2618 abstinere
194 2565 208 2615 a
221 2565 384 2627 fornicatione,
398 2566 481 2615 bonnm
496 2563 608 2626 quoddam
625 2566 674 2627 est,
693 2564 806 2613 tamenin
822 2565 865 2613 hoe

61 2638 151 2691 bonurn
170 2650 218 2687 non
236 2636 307 2687 fertur
326 2638 443 2698 voluntas,
461 2634 507 2685 nisi
525 2635 648 2685 seeundum
667 2636 727 2699 qnod
747 2634 864 2685 tratione

60 2707 208 2776 preponitur.
227 2708 252 2757 Si
268 2722 322 2769 ergo
336 2709 475 2773 preponatur
493 2708 521 2755 nt
535 2706 619 2755 maium
633 2705 647 2755 a
661 2707 747 2756 ratione
765 2710 863 2768 errante,

60 2785 136 2834 fertur
146 2780 171 2829 in
186 2781 233 2830 hoe
242 2779 285 2829 snb
301 2779 388 2830 ratione
405 2777 458 2827 nait
468 2792 473 2825 :
482 2777 543 2826 unde
557 2778 662 2828 voluntas
673 2776 716 2828 erit
725 2776 798 2838 mala,
811 2777 864 2839 qnia

61 2855 114 2905 vnit
131 2852 229 2916 maium,
246 2863 291 2901 non
308 2850 399 2914 quidem
414 2848 437 2898 id
452 2848 513 2911 qnod
533 2853 568 2899 est
584 2850 667 2898 mainan
686 2860 727 2911 per
740 2859 777 2910 se,
788 2848 828 2896 sed
841 2847 864 2897 id

61 2925 125 2990 qnod
139 2926 176 2975 est
189 2922 273 2972 maiam
283 2934 323 2987 per
331 2922 437 2973 accidens
444 2923 536 2985 propter
545 2919 749 2984 &mendosiorem
760 2917 862 2969 odonis.
