1984 3309
144 170 179 207 nu
194 165 336 217 nnnrrrons,
355 164 410 211 oure
426 166 469 205 aar
485 164 561 205 larus
575 162 734 206 rocnnrlrrs.
795 154 843 202 ‘lto

15 248 170 302 naturalem
183 246 315 309 pertinere3
331 244 392 308 quod
405 246 470 308 patet
484 257 535 295 esse
549 243 647 307 buum,
659 242 713 306 quia
731 241 783 305 ejus
795 254 843 292 non

14 327 56 374 ost
78 318 209 371 delectari.
225 318 283 379 Ergo
294 315 409 381 appetitis
419 314 525 366 sensitivi
540 326 586 365 nen
596 317 635 365 est
644 313 701 377 frui,
716 316 741 363 ct
753 312 784 363 ita
795 325 842 364 non

15 390 150 446 convenit
166 389 240 439 brutis
254 388 400 440 animalibus.

50 463 212 516 saoconna
232 463 282 523 est,
303 459 364 525 qubd
384 458 525 522 Augustinus
544 457 600 508 dicit
619 458 645 507 in
663 459 704 509 lib.
721 456 841 507 LXXXIII.

14 536 179 601 Quaestion.
192 533 248 599 (qu.
263 532 310 597 30)
328 548 333 581 ι
351 550 365 581 u
377 532 432 585 Frui
444 532 536 595 quidem
548 530 599 580 cibo
613 534 638 581 et
651 531 751 595 qmbbet
764 543 845 594 corpo-

13 610 64 662 rali
85 606 233 669 voluptate,
253 617 300 655 non
312 602 409 655 absurde
423 602 582 653 existimantru
597 604 621 651 et
631 602 718 653 besue.
733 618 748 650 »
769 624 772 627 ⁴

54 682 65 748 (
77 683 239 733 mamasac.
250 675 401 726 -Convenit
410 674 518 725 rationali
528 673 705 724 nature-inuitio
718 672 844 723 mcuudbm

15 754 151 805 rationem
175 748 315 813 perlectam,
335 746 407 797 brutis
428 750 505 797 autem
529 743 653 797 secundum
670 744 842 807 imperfectam,

15 824 123 877 cacteris
142 824 223 873 autem
236 820 375 871 nullomodo
387 818 520 880 convenit.)
533 870 540 890 ι
591 864 595 871 ,

51 893 209 961 Respondeo
230 892 365 953 mlum,
390 889 451 955 quod
476 888 540 941 sicut
558 900 588 939 ex
610 886 726 952 pretiatis
748 889 844 937 habetur

16 974 87 1036 (art.
115 971 146 1031 l,
165 965 196 1015 ad
212 966 256 1028 2),
272 964 318 1014 imi
331 977 377 1014 nou
392 966 425 1014 est
444 967 509 1013 actus
522 958 631 1025 potentie
649 957 802 1024 pervenientis
815 959 845 1008 ad

18 1046 119 1104 tinem,
131 1037 196 1089 sicut
205 1036 355 1099 emanantis,
364 1036 403 1085 sed
412 1034 524 1099 potentia
531 1032 665 1097 imperantis
674 1029 843 1095 executionem

17 1118 121 1167 dictum
136 1111 176 1161 est
190 1108 251 1159 enim
261 1108 320 1173 (aro.
330 1112 360 1169 l,
371 1108 400 1157 ari
412 1110 454 1173 5),
464 1105 525 1169 quod
538 1108 573 1155 est
583 1103 712 1169 appetitiva
727 1102 843 1167 potentin

19 1194 49 1239 ln
73 1185 156 1239 rebus
173 1184 251 1231 nutem
268 1179 398 1243 cognitione
417 1176 546 1228 carentibus
565 1174 681 1225 invenitur
696 1174 787 1238 qudem
805 1187 847 1238 pc

19 1260 104 1312 tentia
124 1253 265 1321 pertingens
276 1254 304 1303 ad
314 1252 383 1303 finem
395 1265 436 1316 per
445 1252 538 1302 modum
548 1246 695 1311 exequenb's,
706 1248 766 1297 sicut
777 1259 845 1309 graue

21 1334 108 1385 tendit
127 1329 254 1388 deorsum,
270 1327 294 1375 et
305 1326 356 1377 leva
369 1334 472 1375 sursum.
489 1321 535 1371 Sed
549 1318 653 1383 potentia
667 1319 697 1368 ad
716 1331 784 1380 quam
796 1330 848 1381 per·

22 1406 90 1455 tinet
105 1398 168 1451 nnis
182 1411 224 1461 per
239 1397 331 1448 modum
350 1395 499 1459 imperantis,
512 1405 559 1443 non
574 1390 691 1440 inuenitur
706 1390 733 1439 in
748 1390 794 1453 eis,
808 1390 849 1439 uod

23 1480 48 1528 in
64 1474 156 1536 aliqua
167 1468 283 1533 superiori
296 1472 389 1531 natura,
405 1480 458 1530 quae
470 1465 507 1514 sic
521 1466 599 1515 moret
611 1466 684 1513 utam
697 1464 803 1511 naturam
814 1460 849 1523 (l)

24 1563 67 1613 per
95 1540 230 1607 imperium
251 1556 257 1589 z
278 1539 337 1589 sicut
353 1538 378 1588 in
399 1535 534 1588 habentibus
554 1533 712 1598 cognitionem
735 1530 851 1595 appetitus

24 1620 113 1671 inovet
126 1614 188 1665 alias
198 1611 313 1674 potentias
323 1613 352 1661 ad
364 1624 419 1662 suos
431 1614 505 1660 actus.
516 1609 581 1660 unae
590 1606 735 1657 millenum
746 1607 781 1655 est
790 1603 850 1667 quoa

23 1695 48 1742 iu
63 1692 108 1741 his
123 1699 182 1751 quae
197 1682 328 1747 cognitione
342 1685 419 1732 carent
423 1718 432 1744 ,
447 1678 552 1744 quamuis
568 1677 697 1743 pertingant
714 1678 743 1726 ad
759 1673 847 1738 linem,

24 1778 75 1814 non
95 1756 228 1810 inuenitur
241 1753 393 1816 fruitio-finis,
406 1754 447 1805 secl
458 1751 534 1803 solim
542 1750 568 1800 in
583 1750 622 1800 his
634 1764 685 1814 qum
695 1748 849 1812 cognitionem

24 1835 132 1885 liabent.
150 1828 199 1879 Sed
215 1826 317 1890 cognitio
329 1821 381 1875 linis
395 1828 430 1875 est
442 1824 541 1887 duplex,
552 1822 654 1887 perlecta
667 1825 691 1873 et
705 1820 848 1885 imperfecta.

25 1908 148 1959 reuecta
163 1899 329 1965 quidamque
342 1910 388 1949 non
400 1896 473 1948 solbm
486 1896 628 1959 cognoscitu
639 1894 662 1944 iri
677 1894 738 1956 quod
746 1896 781 1942 eet
796 1892 849 1941 linis

25 1986 49 2031 ct
65 1981 178 2037 bonum,
196 1971 237 2021 sed
248 1971 308 2021 ratio
321 1969 459 2021 uniuersalis
470 1968 523 2018 linis
534 1971 558 2017 ct
569 1966 637 2029 boni,
648 1967 672 2015 et
685 1964 737 2013 talis
748 1962 848 2025 cognitio

26 2056 63 2103 est
79 2046 166 2101 solius
176 2042 296 2094 mbonalis
305 2046 400 2095 maura.
411 2040 549 2104 imperfecta
558 2034 744 2098 autemcognitio
758 2036 794 2083 est
805 2045 850 2095 qua

27 2118 192 2189 cognoscitur
208 2114 372 2179 particulariter
383 2112 436 2163 inis
452 2115 475 2162 et
485 2112 584 2173 bouum,
601 2112 624 2159 et
639 2105 692 2156 talis
701 2103 802 2168 cognitio
815 2106 851 2153 est

27 2197 52 2245 in
71 2186 323 2247 ommunicatus,
337 2198 434 2250 quorum
443 2186 468 2233 et
484 2181 578 2232 virtutes
593 2176 726 2243 appetitiva
737 2186 785 2225 non
797 2177 851 2223 sunt

30 2266 193 2333 imperantes
206 2258 286 2322 libere,
296 2259 336 2309 sel
349 2254 475 2309 secundum
488 2252 616 2303 naturalem
627 2249 770 2311 instinomm
786 2248 815 2297 ad
824 2262 851 2299 ea

29 2354 85 2404 ouae
96 2332 296 2402 apprehendunt,
310 2331 438 2381 morentur.
452 2326 516 2377 Unde
528 2321 631 2375 rationali
646 2323 733 2371 natura
743 2322 852 2370 convenit

29 2411 119 2463 fruitio
132 2403 265 2458 secundum
276 2402 387 2455 rationem
398 2400 536 2465 perfectam,
548 2394 622 2447 brutis
632 2396 707 2443 autem
716 2391 853 2441 animalibus

29 2478 174 2534 secundum
191 2474 303 2527 rationem
319 2472 492 2536 imperfectam,
506 2468 558 2519 aliis
574 2471 651 2517 autem
665 2462 776 2515 creaturis
789 2463 853 2513 nullo

31 2554 118 2607 modo.
545 2572 549 2578 ·
580 2560 583 2565 ·

63 2624 107 2676 nd
128 2620 234 2686 primum
252 2630 305 2681 ergo
325 2616 459 2675 dicentium,
478 2612 540 2675 qnod
553 2609 694 2673 Augustinus
710 2607 809 2671 loquum
825 2606 853 2655 (le

33 2694 159 2747 fruitione
174 2690 285 2755 perlecta.

66 2812 105 2876 (1)
123 2796 282 2867 intelligendo
294 2821 335 2865 por
346 2811 462 2854 naturam
478 2804 630 2862 superiorem
644 2801 745 2847 diuinam
755 2801 853 2857 tantum,
881 2780 885 2787 ⁵

42 2878 71 2921 acl
83 2888 169 2935 quem
179 2874 252 2919 nolam
270 2872 383 2931 pertinet,
395 2874 420 2916 nt
431 2874 536 2915 naturam
549 2868 642 2912 movere
655 2867 728 2911 totam
741 2859 821 2917 possit.
