1984 3309
134 176 165 212 1111
177 172 294 213 boninitas
306 174 336 212 nn
349 175 449 213 unctura
461 175 616 216 annnorum
629 176 736 216 aoruca.
792 172 838 216 859

41 251 185 302 stantialibus
201 251 279 302 formis
297 252 460 316 perfectionem
475 254 608 317 sortiuntur,
624 255 702 304 verim
721 256 790 305 etiam
809 270 838 307 ex

41 324 194 375 accidentibus
204 324 432 388 supervenientibus,
446 324 511 375 itaet
523 326 617 377 humaui
628 332 693 378 actus
706 342 752 379 nou
766 329 839 378 solum

40 410 68 446 ex
88 396 195 460 objectis,
210 396 290 446 verbm
311 408 340 446 ex
361 397 534 449 circumstantiis
553 400 608 450 boui
624 400 661 449 vel
675 400 728 450 mali
741 414 789 451 esse
804 402 839 451 di·

40 466 207 603 cuilitalalsrpgndeo
220 538 356 603 dcendum,
370 542 429 605 quod
441 542 464 590 in
478 543 546 593 rebus
560 545 700 595 naturalibus
714 555 761 596 nou
773 546 838 596 iuno·

41 612 99 661 nitur
117 614 166 663 tota
181 612 297 675 plenitudo
317 610 533 679 perfectionisque
553 617 649 667 debetur
665 619 700 668 cis
720 631 750 668 ex
766 618 839 668 torma

41 684 183 735 substantiali
196 698 246 747 quae
256 684 294 734 dat
305 685 417 749 speciem3
430 688 469 737 sed
483 689 580 737 multum
591 690 747 752 superadditur
757 705 787 741 ex
801 706 839 741 su-

40 755 226 819 pervenientibus
245 757 396 812 accidentibus
417 774 424 804 ε
444 758 502 808 sicut
515 760 540 809 iu
562 761 653 811 bomine
667 774 696 811 ex
711 763 794 825 figura,
809 776 840 813 ea

41 830 115 879 colore
136 830 160 878 et
175 828 208 879 sic
228 829 255 877 de
275 828 339 892 aliis;
355 842 450 893 quorum
467 831 486 880 si
501 832 592 895 aliquod
605 832 664 882 desit
680 834 708 883 ad
721 835 839 885 damnem

40 898 210 961 habitudinum,
231 900 376 963 consequitur
394 902 486 951 mabam.
507 904 541 952 lta
557 904 627 953 ctiam
644 907 680 953 est
692 905 717 954 iu
734 904 837 966 actione,

41 984 92 1020 nam
104 970 221 1035 plenitudo
234 971 343 1022 bonitatis
356 972 406 1037 ejus
417 986 463 1023 nou
476 977 525 1025 tota
538 974 641 1025 consistit
654 974 679 1025 in
693 988 734 1024 sua
747 976 837 1039 specie,

41 1044 80 1093 sed
95 1040 181 1105 aliquid
197 1042 287 1093 additur
302 1058 330 1094 ex
341 1044 378 1094 his
391 1058 441 1108 quae
454 1046 578 1097 adveniunt
593 1050 700 1111 anquam
715 1047 838 1097 accidentia

40 1116 156 1179 quaedam;
170 1118 195 1165 et
212 1114 342 1179 hujusmodi
363 1119 417 1167 sunt
434 1116 609 1169 circumstantie
625 1118 707 1169 debita
724 1135 730 1167 z
747 1121 807 1169 uude
819 1119 839 1169 si

40 1184 122 1249 aliquid
137 1185 195 1237 desit
209 1184 268 1251 quod
287 1186 413 1251 requiratur
430 1188 457 1237 ad
478 1189 567 1239 debitas
585 1190 782 1252 circumstantias,
795 1190 841 1241 erit

40 1256 99 1307 actio
110 1258 179 1307 mala.

69 1330 103 1379 ad
114 1329 213 1393 primum
225 1342 279 1393 crgo
293 1330 428 1394 dicendum,
443 1331 504 1394 qndd
519 1332 694 1383 circumstantia
709 1336 762 1382 suut
774 1337 838 1383 extra

39 1402 150 1451 actionem
157 1401 185 1451 iu
196 1404 304 1465 quantum
313 1415 359 1453 nou
371 1406 424 1453 suut
435 1402 462 1452 de
474 1402 574 1452 essentia
582 1402 686 1467 actionis,
699 1407 754 1454 sunt
761 1407 839 1454 tannen

39 1473 62 1521 iu
82 1473 133 1537 ipsa
147 1471 236 1523 actione
252 1474 315 1523 uelut
330 1474 432 1537 quadam
447 1474 573 1524 accidentia
592 1473 643 1537 ejus
656 1490 662 1523 ε
676 1474 734 1526 sicut
745 1478 768 1525 et
782 1474 840 1525 arci·

40 1546 116 1595 dentia
127 1548 241 1608 quaesunt
253 1544 277 1594 in
289 1545 420 1595 substantiis
430 1544 582 1609 naturalibus,
592 1548 646 1596 suut
655 1548 719 1596 eiua
729 1546 842 1597 essentias

39 1630 126 1667 aarum.

70 1690 104 1739 nd
127 1689 252 1739 secundum
271 1688 478 1752 dicendam,qubd
500 1701 547 1739 non
563 1688 641 1739 omnia
659 1687 786 1739 accidentia
801 1702 841 1752 per

39 1762 147 1813 accidens
163 1761 283 1811 sebabuni
299 1761 326 1811 ad
341 1774 382 1810 sua
400 1761 514 1825 subjecta3
528 1762 568 1811 scd
581 1762 684 1824 quaedam
698 1765 752 1811 suut
762 1774 803 1823 per
816 1775 841 1812 se

39 1833 168 1890 accidentia
181 1846 231 1897 quaa
246 1833 269 1881 in
280 1844 415 1895 unaquaque
427 1834 474 1882 arte
489 1833 661 1883 considerautur
671 1849 676 1881 z
688 1836 712 1882 et
723 1846 763 1895 per
779 1834 841 1882 bunc

39 1906 132 1955 modum
142 1904 312 1955 considerautur
319 1903 492 1954 circumstantiae
501 1907 594 1954 actuum
603 1903 629 1952 in
637 1904 741 1954 doctrina
752 1904 839 1953 morali.

70 1978 105 2026 nd
121 1975 214 2025 tertium
232 1972 509 2037 dicendum,qubdci1m
527 1976 611 2024 bonum
625 1978 771 2026 concertatur
789 1988 841 2023 cum

39 2053 105 2109 ente,
122 2046 181 2097 sicot
202 2060 244 2098 eus
262 2046 344 2099 dicitur
363 2044 486 2097 secuudirm
506 2045 655 2094 mbstautiam
674 2047 698 2093 et
715 2043 841 2093 secunddm

39 2120 160 2182 accidens,
175 2118 208 2169 ita
225 2122 248 2169 et
267 2118 353 2169 bouum
371 2117 500 2167 attribuitur
518 2116 586 2165 alicui
609 2118 633 2165 ct
647 2115 773 2181 'secuudum
790 2128 841 2164 esse

40 2206 105 2241 suum
119 2190 252 2251 essentiale,
264 2193 288 2241 ot
307 2188 430 2240 secuudtrm
449 2203 499 2237 esce
512 2187 664 2249 accidentale,
678 2189 724 2235 tam
737 2186 761 2236 iu
775 2186 842 2237 rebus

40 2262 202 2325 naturalibus,
212 2274 280 2325 quam
296 2260 319 2311 iu
336 2260 464 2311 actionibus
476 2259 608 2311 moralibus.

344 2404 485 2455 deCULUS
501 2404 539 2453 lV.

135 2514 219 2564 Utrdm
231 2514 292 2556 fictio
303 2512 409 2557 luamuuo
417 2511 449 2557 att
459 2512 518 2557 bono
528 2511 565 2555 vet
575 2510 640 2555 muto
654 2512 745 2567 casine.

71 2622 107 2673 nd
120 2625 227 2687 quantiam
239 2620 272 2670 sic
285 2620 420 2685 proceditur.
433 2620 538 2683 Videtur,
553 2621 613 2681 quod
627 2620 711 2672 bonum
722 2623 746 2670 et
758 2621 843 2668 malum

40 2695 62 2743 in
77 2694 169 2745 actibus
183 2692 289 2742 humanis
302 2705 348 2743 non
361 2692 406 2743 sint
416 2706 444 2743 ex
454 2692 508 2743 fine.
523 2690 580 2741 aicit
589 2692 650 2743 euim
659 2691 789 2756 Dionysius,
803 2692 842 2752 lv,

39 2780 90 2830 cap.
109 2772 145 2817 De
159 2765 213 2815 diu.
227 2766 301 2814 Nona.
314 2763 374 2827 qubd
387 2780 401 2812 n
416 2762 473 2813 nihil
490 2764 616 2827 respiciens
629 2766 658 2814 ad
672 2763 770 2824 malrum,
785 2774 842 2825 ope-

39 2842 138 2891 ratur.»
154 2837 180 2887 Si
191 2836 262 2900 igitur
276 2850 306 2891 eu
321 2836 365 2887 tine
378 2836 520 2888 derivaretur
532 2838 635 2901 operatio
649 2834 757 2886 bonnuel
772 2834 840 2895 mala,

40 2911 103 2961 ncilla
123 2910 184 2961 actio
199 2912 261 2960 esset
273 2908 332 2960 mala
344 2924 349 2960 :
362 2908 423 2973 quod
435 2910 500 2972 patet
511 2911 562 2961 'esso
573 2909 664 2960 laisum
