1984 3309
138 204 154 249 2
344 214 404 253 PARS
419 216 443 265 Ι,
457 215 550 263 QWT·
567 217 624 265 ΠΥ,
640 217 696 257 m-
713 218 730 254 Ι.

137 289 190 349 nisa
203 288 316 351 secundo,
331 290 359 340 de
370 302 438 355 opere
449 291 614 355 distinctionis3
631 292 707 349 tertio.
715 292 743 343 de
753 305 821 357 opere
832 294 941 345 ornatis.
962 294 966 299 '

170 361 235 413 Circa
246 361 344 425 primum
357 366 487 426 quuaeruntur
496 367 609 427 quatuor:
624 366 651 412 1⁰
660 363 738 414 Uirium
751 368 851 414 creatura
860 378 943 428 corpo-

138 433 192 483 ralis
210 434 240 484 ait
257 433 271 483 l
289 434 343 484 lieo.
367 438 394 483 2⁰
413 433 491 484 Utrirrn
512 436 542 484 sit
561 435 620 485 lacta
636 439 727 501 proptor
743 435 868 486 bonitatem
889 438 941 487 lici.

139 509 165 553 ³⁰
175 503 253 559 Utrim
269 506 299 560 sii
309 505 367 557 lacta
377 504 391 557 i
402 507 447 559 lieo
460 506 613 563 mediantibus
626 507 722 570 anguis.
735 511 760 557 t·
773 507 852 559 Uirium
862 508 943 560 iormae

137 588 255 645 corporum
267 576 314 629 sint
325 578 355 633 ab
367 576 463 643 anguis,
477 578 651 631 uolumenum
664 578 678 632 i
693 580 748 630 lieo.

442 741 601 792 numenius
617 742 636 791 l.

301 854 390 909 Uirium,
397 860 510 920 mentum
518 856 649 913 corporalia
657 857 689 901 aii
699 856 780 905 ciDeo.

173 974 207 1025 ld
223 974 320 1038 primurm
335 974 369 1025 sic
386 975 516 1038 proceditur
529 975 571 1038 (l).
587 975 680 1025 Videtur
696 974 756 1038 qnod
771 979 874 1025 creatura
893 990 946 1026 cor-

142 1045 227 1109 poralis
238 1060 284 1097 non
297 1046 327 1097 sit
339 1045 353 1097 i
365 1047 420 1097 lico.
433 1046 519 1096 Dicitur
528 1046 590 1095 cniur
605 1046 707 1101 Eccles„
720 1046 751 1097 ill
762 1062 768 1095 ε
779 1046 871 1097 «Didici
882 1047 946 1110 quod

143 1116 278 1183 omniaque
292 1117 345 1168 lecit
362 1119 429 1179 Deris,
446 1122 593 1181 perseverant
604 1117 627 1166 in
638 1121 754 1167 aternum.
767 1134 781 1164 n
796 1118 839 1168 sel
848 1132 946 1183 corpora

142 1188 292 1239 risibilianou
302 1188 482 1253 perseuerantia
490 1188 770 1249 aternum3‘iicitureninu
779 1190 807 1239 ll.
820 1192 887 1244 cor..
895 1191 925 1240 lv
938 1206 944 1240 :

145 1261 228 1321 «Qum
245 1259 350 1311 uidentur
368 1260 504 1324 temporalia
522 1263 592 1324 suut,
611 1274 663 1325 qua
684 1265 760 1311 auteur
777 1273 823 1310 non
839 1260 949 1312 ridentur

144 1335 237 1382 aeterna.
250 1347 264 1377 »
279 1332 338 1396 Ergo
352 1332 411 1382 Deua
425 1344 471 1381 non
484 1331 538 1381 lecit
552 1344 645 1395 corpora
655 1331 764 1381 visibilia.

175 1406 199 1453 9.
214 1403 341 1467 praterea,
357 1404 454 1464 Genea,
467 1404 494 1467 l,
509 1404 610 1454 dicitnr:
627 1420 642 1451 u
654 1402 717 1453 llidit
730 1404 790 1453 lleus
801 1408 880 1453 cuncta
893 1417 947 1467 quac

143 1475 240 1538 lecerat,
256 1480 279 1526 ct
293 1479 356 1525 erant
373 1475 438 1526 valde
455 1474 523 1525 bona.
541 1491 556 1522 u
571 1475 614 1524 Sed
627 1477 734 1524 creatura
749 1475 876 1537 corporales
889 1482 948 1526 surrt

144 1546 219 1597 mela.
228 1547 363 1611 Experimur
373 1546 433 1598 euim
443 1559 482 1597 aas
493 1546 606 1596 inmollis
618 1545 711 1607 noxias,
720 1549 746 1595 ut
758 1549 820 1610 patet
833 1546 856 1595 in
868 1546 948 1599 multis

145 1618 302 1682 serpentibus,
318 1616 342 1667 in
356 1623 414 1669 aestu
426 1617 494 1682 solis,
510 1621 535 1669 et
548 1616 686 1681 lnjnsnoni.
704 1617 757 1669 ldeo
771 1620 847 1684 antem
861 1616 948 1681 aliquid

146 1690 228 1741 dicitur
246 1688 346 1751 uniamur,
363 1688 415 1753 qnia
436 1688 511 1750 nocet.
532 1688 646 1739 Greatnrae
665 1688 734 1751 igitur
753 1685 881 1753 corporales'
899 1704 948 1740 non

147 1761 202 1813 siunt
215 1760 229 1812 a
242 1762 297 1813 Deo.

181 1838 204 1885 a.
223 1832 343 1895 areuna,
355 1832 377 1883 iul
389 1833 449 1897 quoi
460 1836 496 1883 est
506 1832 575 1883 ilico
584 1845 630 1884 non
640 1831 734 1883 retrahit
744 1831 823 1894 alteo,
834 1832 872 1883 seul
883 1832 949 1884 ducit

149 1904 172 1954 in
186 1904 270 1969 ipsum.
282 1905 325 1955 Sed
337 1908 444 1955 ereatura
460 1906 588 1969 corporales
599 1903 735 1963 rptmhuut'a
745 1903 798 1952 lico
810 1903 872 1952 Unde
886 1905 949 1966 lpo-

150 1976 221 2027 stolus
232 1976 298 2040 dicit,
314 1976 343 2027 ll.
360 1976 430 2033 Gor„
446 1976 476 2025 lV
492 1991 525 2025 z«
536 1977 586 2027 Nou
596 1974 799 2038 contemplantibus
817 1972 881 2023 nobis
894 1989 948 2037 quac

149 2047 263 2099 ridentur.
274 2065 288 2095 n
304 2048 363 2112 Ergo
375 2050 484 2098 creature
497 2046 625 2111 corporales
637 2059 683 2097 non
697 2049 751 2095 sunt
764 2043 777 2093 l
790 2044 844 2094 lieo.

181 2120 226 2170 Sed
239 2122 318 2170 contra
331 2122 380 2183 eat,
398 2120 457 2182 qnod
471 2118 555 2169 dicitur
567 2118 590 2167 in
606 2118 700 2167 psalm.
718 2117 776 2167 exli
790 2132 796 2166 :
809 2132 824 2164 u
835 2115 879 2175 Qui
890 2116 950 2169 lecit

149 2191 231 2242 coeluru
244 2195 267 2243 et
279 2195 375 2254 terram,
390 2202 451 2243 marc
472 2193 494 2241 et
509 2190 584 2240 omnia
595 2203 645 2254 qua
658 2188 682 2239 in
693 2190 728 2239 cis
741 2192 825 2239 snut.»

183 2260 437 2328 (Conclusio-Cium
448 2261 572 2326 corporalia
584 2270 607 2311 et
617 2261 693 2311 omnia
703 2259 838 2310 conueniant
850 2256 874 2306 in
885 2273 947 2317 esce,

149 2348 243 2386 necesse
255 2339 290 2386 est
302 2338 328 2385 ut
338 2333 413 2384 ornnia
429 2332 531 2384 effective
544 2332 567 2381 iu
578 2331 654 2381 esaei
670 2333 716 2381 lieo
730 2328 892 2394 dependeant.)

179 2406 314 2471 Respondeo
325 2406 458 2467 dicendum,
470 2404 530 2469 quod
541 2404 689 2467 quorumdam
698 2401 853 2453 hereticorum
863 2399 950 2463 positio

149 2479 198 2537 cst,
214 2476 274 2542 quod
294 2474 391 2528 risibilia
406 2475 449 2526 ista
466 2488 513 2526 nou
531 2479 585 2525 sunt
603 2479 676 2524 creata
690 2473 703 2523 'a
715 2474 774 2525 hono
792 2473 856 2531 lieo,
877 2473 917 2521 sed
936 2473 950 2522 ir

150 2547 208 2598 malo
219 2546 339 2613 principio.
355 2548 384 2599 Et
399 2548 426 2599 al
440 2550 597 2611 argumentum
611 2546 646 2595 sui
661 2545 743 2596 erroris
757 2548 873 2595 assumunt
886 2541 950 2605 quod

123 2640 125 2643 ·
149 2619 270 2684 Apostolus
282 2618 352 2685 olon,
365 2620 396 2669 ll.
411 2618 479 2675 Cor„
493 2618 523 2669 lv
535 2633 541 2666 :
555 2634 569 2665 u
581 2618 642 2669 Deus
652 2618 722 2681 liujus
733 2615 811 2667 saculi
825 2615 952 2667 excecavit

184 2743 214 2807 (1)
229 2748 262 2793 Ito
276 2747 312 2793 lrls
327 2748 397 2795 ctiam
409 2746 434 2793 in
449 2746 486 2807 Π,
500 2746 578 2797 Seni..
592 2746 644 2793 dist.
660 2745 700 2804 37,
717 2750 797 2803 quest.
814 2742 837 2801 l,
855 2747 899 2788 nri.
916 2740 950 2795 2;

150 2814 174 2855 et
188 2810 257 2857 Gont.
275 2810 355 2871 Genu,
369 2812 410 2856 lili.
426 2812 527 2868 ll‚cap.
541 2810 589 2854 liet
604 2808 648 2862 15;
664 2814 687 2854 ct
698 2808 739 2853 lib.
754 2810 785 2853 lll
795 2841 801 2864 ‚
813 2818 866 2863 cap.
879 2803 910 2856 1;
927 2811 953 2849 ct

151 2879 233 2930 quma.
247 2873 271 2929 3,
283 2874 313 2918 de
323 2878 412 2933 potunt,
424 2878 467 2918 art.
480 2873 504 2925 ὃς
514 2878 537 2919 et
548 2873 637 2932 opusc.
649 2870 690 2929 20,
700 2872 734 2916 De
742 2871 862 2929 repimiuc
875 2869 953 2915 rriu-

151 2936 252 2995 eima
265 2934 306 2983 ab·
321 2936 369 2994 m,
385 2948 437 2999 flilp.
453 2934 477 2981 2·
