1984 3309
177 155 208 191 nn
223 154 378 196 massanissa
393 154 529 193 rassrouun
545 155 576 193 nn
592 155 699 196 murone
793 146 839 195 ott

25 234 137 297 nigrum.
158 230 195 281 Sio
208 230 276 293 igitur
290 232 315 280 in
334 231 477 295 passionibus
497 234 578 283 animae
592 233 675 297 duplex
694 235 841 284 eontrarietas

23 304 154 356 invenitur
172 318 177 351 :
193 316 239 352 una
251 302 344 365 quidem
357 304 483 354 seeundum
497 305 678 355 contrarietatem
692 306 838 369 objectorum,

25 378 124 428 scilicet
139 374 196 424 boat
210 377 234 424 et
248 374 313 423 moli
320 392 328 437 ,·
343 375 388 425 alia
402 388 456 427 roro
467 378 591 427 nannetum
605 390 720 427 εεεεεειιιε
733 381 757 425 ει
768 389 842 427 reres-

25 462 83 499 sum
97 448 128 496 ab
145 446 224 496 eodem
237 446 341 497 termino.
357 448 382 495 ln
396 448 542 511 passionibus
552 448 645 512 qnuem
659 447 842 511 concupiscibilis

25 518 153 570 inuenitur
162 516 236 580 prima
245 518 391 569 contrarietas
400 523 490 569 tantum
500 558 506 581 ‚
517 533 568 583 qua
578 521 665 571 seilicet
672 523 708 571 est
718 521 840 572 secudum

25 592 140 655 objecta3
165 588 191 638 in
208 588 350 653 passionibus
369 596 444 641 autern
462 591 583 641 irascibilis
602 592 718 643 inuenitur
736 595 839 654 utraque.

24 664 105 727 Cujus
118 660 179 711 ratio
189 664 225 710 est
235 660 288 723 quia
298 661 412 725 objectum
427 662 625 726 concupiscibilis,
636 668 661 713 ut
678 663 841 727 supradictum

23 740 60 785 est
73 734 133 798 (art.
147 730 185 796 9),
199 736 234 782 εει
243 730 334 781 bonum
344 734 381 783 vel
392 734 490 783 molum
502 734 617 783 sensibile
628 735 738 787 absolute.
751 736 840 785 Bonum

23 811 111 857 autem
130 804 282 866 inquantum
301 803 401 868 bonum,
421 818 466 855 nou
488 809 563 869 potest
582 818 634 855 εεεε
650 805 760 855 terminus
777 810 803 854 nt
824 808 841 855 ὰ

23 894 95 942 pero,
116 874 160 925 sod
178 874 250 923 solum
270 877 296 925 ut
315 876 350 925 ud
372 891 461 940 qoem,·
472 878 527 940 noia
547 876 604 925 nibil
618 876 700 939 refugit
713 877 798 926 bonurn
817 877 841 925 in

22 950 150 1013 quantum
167 944 266 1009 bonum,
279 948 317 996 sed
335 948 411 998 omnia
428 951 539 1011 appetunt
552 947 638 1011 ipsum.
656 946 764 996 Similiter
781 946 839 996 nihil

22 1018 123 1086 appetit
136 1017 223 1067 malum
233 1017 258 1067 in
273 1022 381 1081 plantum
394 1020 543 1085 hujusmodi,
555 1020 595 1070 sed
607 1019 684 1070 omnia
696 1018 787 1081 lugiunt
800 1020 836 1082 ip-

21 1106 79 1143 sum
92 1108 101 1153 3
118 1092 145 1139 et
160 1090 252 1152 propter
268 1089 312 1139 boo
326 1091 410 1139 malurn
428 1103 474 1140 non
490 1092 557 1141 babet
570 1090 680 1141 rationem
695 1089 785 1139 terrnini
802 1090 838 1139 ael

21 1177 124 1229 qoem,
139 1160 182 1209 sed
195 1160 268 1209 solum
281 1160 372 1210 termini
381 1164 397 1210 el
407 1176 464 1224 quur.
476 1162 515 1211 Sis
528 1162 595 1224 igitur
608 1161 682 1222 omnis
695 1159 771 1225 passio
784 1174 838 1211 oon-

19 1230 178 1300 cupisoibilis
190 1243 295 1295 respersu
309 1232 377 1297 boni,
391 1236 427 1283 est
442 1236 471 1281 ut
486 1235 512 1282 ιη
523 1234 626 1297 ipsum,
641 1233 699 1282 siout
712 1246 783 1293 amor,
798 1234 837 1282 de-

21 1304 147 1357 siderium
162 1304 185 1351 et
198 1302 315 1365 gaudium.
332 1300 411 1353 Omnis
424 1317 478 1353 vero
498 1303 574 1367 passio
592 1308 697 1367 respectu
717 1302 769 1352 mali
782 1342 788 1363 ,
803 1308 843 1353 est

20 1383 51 1427 ot
66 1376 106 1425 ab
128 1375 199 1437 ipso,
216 1372 275 1425 siout
292 1374 384 1438 odium,
399 1375 467 1437 luga,
484 1388 525 1425 seu
547 1373 685 1424 abominatio
697 1378 720 1424 et
737 1374 839 1423 tristitia.

22 1450 98 1499 llnde
116 1445 146 1495 in
166 1444 309 1509 passionibus
328 1446 572 1509 ooroupisoibilisnon
589 1448 731 1509 potestesse
750 1447 838 1493 eontra-

20 1523 104 1571 rietas
118 1515 245 1567 secundun
259 1529 375 1567 aceessum
388 1520 412 1567 et
425 1530 539 1567 recessum
548 1518 576 1566 ab
588 1516 668 1567 eodem
681 1516 779 1579 objecto.
794 1515 839 1565 Sed

19 1592 155 1656 obJ'eotum
174 1586 292 1637 irascibilis
310 1592 345 1637 est
363 1588 479 1637 sensibile
498 1587 588 1638 tono-m
607 1587 646 1637 oet
666 1586 778 1641 rnatum,
796 1600 842 1636 nou

17 1664 130 1728 quidem
146 1656 260 1721 absolute,
278 1658 318 1708 sed
337 1660 379 1708 sub
394 1658 480 1729 ratione
495 1655 635 1709 difficultatis
650 1659 688 1718 vel
707 1657 839 1717 arduitatis,

18 1740 49 1785 ut
63 1743 146 1795 supra
161 1728 245 1778 dictum
257 1732 292 1779 est
302 1729 355 1793 (art.
370 1730 404 1793 l).
420 1730 508 1779 Bonum
519 1734 596 1779 autern
606 1730 709 1790 arduum,
722 1728 771 1779 siue
781 1728 839 1779 diiii-

18 1808 92 1868 cfle‚
110 1800 184 1851 babet
202 1798 313 1849 rationem
326 1804 350 1850 ut
368 1800 392 1851 in
406 1801 481 1864 ipsum
495 1802 613 1863 tendatur,
628 1801 653 1850 in
671 1804 781 1865 quantum
800 1803 837 1850 est

18 1884 141 1937 bonum,
158 1872 218 1935 quod
230 1872 328 1935 perluunt
341 1874 369 1922 ad
383 1872 513 1935 passionem
525 1874 591 1937 spei;
604 1876 627 1922 et
639 1876 665 1922 nt
674 1873 702 1922 ab
713 1873 763 1935 ipso
775 1885 841 1922 reee-

19 1955 115 2005 rlatur,
136 1943 284 2005 inquantum
301 1947 335 1993 est
353 1943 446 1992 arduum
463 1950 485 1991 et
501 1942 606 2004 difficile,
619 1944 678 2004 quorl
697 1942 795 2003 pertinet
813 1942 840 1989 ad

18 2018 171 2086 passionem
188 2012 360 2077 desperationis.
378 2012 486 2063 Similiter
507 2014 591 2064 rnatum
608 2013 703 2061 arduum
724 2012 793 2060 babet
806 2024 841 2060 ra·

16 2096 127 2143 tionem
145 2087 171 2133 ut
184 2083 269 2135 vitetur
283 2084 307 2133 iu
322 2087 429 2147 quantuni
444 2086 479 2134 est
493 2085 591 2144 malunr,
604 2088 627 2132 et
644 2084 687 2131 boo
700 2081 798 2145 pertinet
810 2083 838 2131 ud

16 2160 170 2229 passionem
180 2152 284 2214 timorisr
295 2154 365 2205 babet
374 2154 440 2204 etiarn
452 2154 562 2205 rationem
571 2158 597 2202 ut
606 2151 629 2201 iu
639 2152 716 2215 ipsum
725 2152 839 2213 undatur,

15 2234 95 2285 siout
119 2226 145 2277 in
164 2227 274 2290 quoddam
295 2226 402 2287 uduunn,
419 2240 459 2289 per
476 2226 536 2289 quod
558 2224 644 2273 scilicet
666 2221 751 2285 aliquid
768 2222 843 2271 euadit

17 2297 207 2367 subjectionem
221 2296 301 2356 muli,
313 2298 336 2347 et
350 2296 383 2346 sio
397 2297 469 2347 tendit
485 2297 508 2345 in
520 2296 594 2359 ipsum
607 2294 708 2343 audacia.
727 2292 846 2342 Invenitur

16 2388 90 2439 ergo
112 2370 137 2419 in
158 2364 302 2430 passionibus
321 2366 439 2417 irascibilis
458 2366 604 2417 contrarietas
618 2365 740 2414 secundum
757 2367 845 2413 eontra-

15 2444 151 2498 rietatem
165 2436 221 2485 toral
235 2440 257 2486 el
268 2436 341 2496 anuli,
353 2436 411 2487 siout
420 2436 478 2487 inter
491 2449 554 2500 spem
565 2440 588 2484 el
596 2433 715 2496 timorerr3
729 2434 844 2484 etiterum

15 2510 172 2570 seeundum
194 2519 306 2558 aceessum
331 2510 354 2558 et
375 2520 487 2557 recessuri
506 2508 534 2560 ab
556 2506 636 2555 eodem
656 2504 767 2568 termino,
785 2505 847 2553 siout

14 2594 98 2642 inter
120 2576 238 2629 arrdaeiaur
251 2580 274 2629 et
289 2578 401 2628 timorem.

59 2658 100 2709 Et
115 2663 159 2715 per
168 2650 212 2699 boo
226 2652 288 2713 patet
301 2648 417 2713 responsio
431 2650 459 2699 ad
471 2650 566 2712 objecta.
