<?xml version="1.0" encoding="UTF-8"?>
<!DOCTYPE html PUBLIC "-//W3C//DTD XHTML 1.0 Transitional//EN"
    "http://www.w3.org/TR/xhtml1/DTD/xhtml1-transitional.dtd">
<html xmlns="http://www.w3.org/1999/xhtml" xml:lang="en" lang="en">
 <head>
  <title>
</title>
<meta http-equiv="Content-Type" content="text/html;charset=utf-8" />
  <meta name='ocr-system' content='tesseract 3.04.00' />
  <meta name='ocr-capabilities' content='ocr_page ocr_carea ocr_par ocr_line ocrx_word'/>
</head>
<body>
  <div class='ocr_page' id='page_1' title='image "./summatheologica00nicogoog_0892.png"; bbox 0 0 1984 3309; ppageno 0'>
   <div class='ocr_carea' id='block_1_1' title="bbox 41 181 902 1971">
    <p class='ocr_par' dir='ltr' id='par_1_1' title="bbox 41 181 872 477">
     <span class='ocr_line' id='line_1_1' title="bbox 102 181 872 257; baseline -0.003 -27"><span class='ocrx_word' id='word_1_1' title='bbox 102 192 136 257; x_wconf 71' lang='lat' dir='ltr'>ona</span> <span class='ocrx_word' id='word_1_2' title='bbox 149 190 264 233; x_wconf 82' lang='lat' dir='ltr'>nonmrrr</span> <span class='ocrx_word' id='word_1_3' title='bbox 274 190 305 231; x_wconf 84' lang='lat' dir='ltr'>nr</span> <span class='ocrx_word' id='word_1_4' title='bbox 316 190 417 233; x_wconf 79' lang='lat' dir='ltr'>rrnnrrrn</span> <span class='ocrx_word' id='word_1_5' title='bbox 427 190 505 232; x_wconf 79' lang='lat' dir='ltr'>uerus</span> <span class='ocrx_word' id='word_1_6' title='bbox 519 188 770 231; x_wconf 55' lang='lat' dir='ltr'>normannicarum.</span> <span class='ocrx_word' id='word_1_7' title='bbox 796 181 843 229; x_wconf 72' lang='lat'>8⁸⁶1</span> <span class='ocrx_word' id='word_1_8' title='bbox 866 195 872 208; x_wconf 92' lang='lat'><strong>·</strong></span> 
     </span>
     <span class='ocr_line' id='line_1_2' title="bbox 41 267 844 334; baseline -0.001 -16"><span class='ocrx_word' id='word_1_9' title='bbox 41 267 135 321; x_wconf 88' lang='lat' dir='ltr'>cordans</span> <span class='ocrx_word' id='word_1_10' title='bbox 151 270 234 321; x_wconf 89' lang='lat' dir='ltr'>rationi</span> <span class='ocrx_word' id='word_1_11' title='bbox 248 270 322 321; x_wconf 85' lang='lat' dir='ltr'>tendit</span> <span class='ocrx_word' id='word_1_12' title='bbox 342 271 367 319; x_wconf 94' lang='lat' dir='ltr'>iu</span> <span class='ocrx_word' id='word_1_13' title='bbox 385 270 409 320; x_wconf 86' lang='lat' dir='ltr'>id</span> <span class='ocrx_word' id='word_1_14' title='bbox 424 270 484 334; x_wconf 84' lang='lat' dir='ltr'>quod</span> <span class='ocrx_word' id='word_1_15' title='bbox 505 270 563 320; x_wconf 87' lang='lat' dir='ltr'>ratio</span> <span class='ocrx_word' id='word_1_16' title='bbox 580 268 672 333; x_wconf 77' lang='lat' dir='ltr'>junco</span> <span class='ocrx_word' id='word_1_17' title='bbox 687 268 780 319; x_wconf 86' lang='lat' dir='ltr'>bouum.</span> <span class='ocrx_word' id='word_1_18' title='bbox 799 267 844 317; x_wconf 88' lang='lat' dir='ltr'>Sed</span> 
     </span>
     <span class='ocr_line' id='line_1_3' title="bbox 41 339 844 402; baseline 0.001 -15"><span class='ocrx_word' id='word_1_19' title='bbox 41 340 146 391; x_wconf 82' lang='lat' dir='ltr'>uoluntas</span> <span class='ocrx_word' id='word_1_20' title='bbox 167 340 299 394; x_wconf 78' lang='lat' dir='ltr'>discordans</span> <span class='ocrx_word' id='word_1_21' title='bbox 316 340 329 391; x_wconf 75' lang='lat' dir='ltr'>a</span> <span class='ocrx_word' id='word_1_22' title='bbox 342 341 447 401; x_wconf 84' lang='lat' dir='ltr'>ratione,</span> <span class='ocrx_word' id='word_1_23' title='bbox 463 341 534 391; x_wconf 87' lang='lat' dir='ltr'>etiam</span> <span class='ocrx_word' id='word_1_24' title='bbox 546 343 650 402; x_wconf 80' lang='lat' dir='ltr'>omento,</span> <span class='ocrx_word' id='word_1_25' title='bbox 661 344 696 390; x_wconf 88' lang='lat' dir='ltr'>est</span> <span class='ocrx_word' id='word_1_26' title='bbox 708 340 775 390; x_wconf 87' lang='lat' dir='ltr'>rualn.</span> <span class='ocrx_word' id='word_1_27' title='bbox 784 339 844 402; x_wconf 72' lang='lat' dir='ltr'>drgo</span> 
     </span>
     <span class='ocr_line' id='line_1_4' title="bbox 41 412 732 477; baseline 0.001 -18"><span class='ocrx_word' id='word_1_28' title='bbox 41 412 146 462; x_wconf 79' lang='lat' dir='ltr'>voluutas</span> <span class='ocrx_word' id='word_1_29' title='bbox 160 413 299 463; x_wconf 82' lang='lat' dir='ltr'>concordans</span> <span class='ocrx_word' id='word_1_30' title='bbox 314 412 409 477; x_wconf 62' lang='lat' dir='ltr'>rationi,</span> <span class='ocrx_word' id='word_1_31' title='bbox 425 412 493 463; x_wconf 80' lang='lat' dir='ltr'>etiarn</span> <span class='ocrx_word' id='word_1_32' title='bbox 511 412 610 473; x_wconf 80' lang='lat' dir='ltr'>emanti,</span> <span class='ocrx_word' id='word_1_33' title='bbox 622 412 732 463; x_wconf 79' lang='lat' dir='ltr'>esthona.</span> 
     </span>
    </p>

    <p class='ocr_par' dir='ltr' id='par_1_2' title="bbox 43 481 843 761">
     <span class='ocr_line' id='line_1_5' title="bbox 72 481 843 548; baseline -0.003 -16"><span class='ocrx_word' id='word_1_34' title='bbox 72 488 94 533; x_wconf 61' lang='grc' dir='ltr'>ἢ.</span> <span class='ocrx_word' id='word_1_35' title='bbox 116 487 246 548; x_wconf 76' lang='lat' dir='ltr'>rraeurea,</span> <span class='ocrx_word' id='word_1_36' title='bbox 267 485 372 535; x_wconf 83' lang='lat' dir='ltr'>noluntas</span> <span class='ocrx_word' id='word_1_37' title='bbox 396 483 536 535; x_wconf 79' lang='lat' dir='ltr'>concordans</span> <span class='ocrx_word' id='word_1_38' title='bbox 559 492 675 547; x_wconf 79' lang='lat' dir='ltr'>precepto</span> <span class='ocrx_word' id='word_1_39' title='bbox 696 482 738 531; x_wconf 84' lang='lat' dir='ltr'>Dei</span> <span class='ocrx_word' id='word_1_40' title='bbox 756 485 780 533; x_wconf 87' lang='lat' dir='ltr'>et</span> <span class='ocrx_word' id='word_1_41' title='bbox 798 481 843 544; x_wconf 77' lang='lat' dir='ltr'>legi</span> 
     </span>
     <span class='ocr_line' id='line_1_6' title="bbox 43 554 843 620; baseline -0.003 -15"><span class='ocrx_word' id='word_1_42' title='bbox 43 560 142 611; x_wconf 75' lang='lat' dir='ltr'>ptume</span> <span class='ocrx_word' id='word_1_43' title='bbox 155 570 245 620; x_wconf 88' lang='lat' dir='ltr'>sempor</span> <span class='ocrx_word' id='word_1_44' title='bbox 262 559 297 607; x_wconf 85' lang='lat' dir='ltr'>est</span> <span class='ocrx_word' id='word_1_45' title='bbox 309 557 377 608; x_wconf 85' lang='lat' dir='ltr'>bona.</span> <span class='ocrx_word' id='word_1_46' title='bbox 391 558 436 607; x_wconf 85' lang='lat' dir='ltr'>sed</span> <span class='ocrx_word' id='word_1_47' title='bbox 454 557 593 608; x_wconf 73' lang='lat' dir='ltr'>toreuma</span> <span class='ocrx_word' id='word_1_48' title='bbox 611 558 636 605; x_wconf 90' lang='lat' dir='ltr'>ot</span> <span class='ocrx_word' id='word_1_49' title='bbox 650 558 788 619; x_wconf 81' lang='lat' dir='ltr'>preceptum</span> <span class='ocrx_word' id='word_1_50' title='bbox 804 554 843 604; x_wconf 79' lang='lat' dir='ltr'>Dei</span> 
     </span>
     <span class='ocr_line' id='line_1_7' title="bbox 43 624 841 692; baseline -0.003 -17"><span class='ocrx_word' id='word_1_51' title='bbox 43 626 176 690; x_wconf 81' lang='lat' dir='ltr'><strong>proponitur</strong></span> <span class='ocrx_word' id='word_1_52' title='bbox 188 626 254 677; x_wconf 88' lang='lat' dir='ltr'>nobis</span> <span class='ocrx_word' id='word_1_53' title='bbox 265 640 306 691; x_wconf 89' lang='lat' dir='ltr'>per</span> <span class='ocrx_word' id='word_1_54' title='bbox 319 626 525 692; x_wconf 76' lang='lat' dir='ltr'>apprehensionem</span> <span class='ocrx_word' id='word_1_55' title='bbox 538 626 642 688; x_wconf 88' lang='lat' dir='ltr'>rationis,</span> <span class='ocrx_word' id='word_1_56' title='bbox 657 626 726 676; x_wconf 89' lang='lat' dir='ltr'>etiam</span> <span class='ocrx_word' id='word_1_57' title='bbox 737 624 841 677; x_wconf 84' lang='lat' dir='ltr'>errantis.</span> 
     </span>
     <span class='ocr_line' id='line_1_8' title="bbox 43 697 779 761; baseline 0.003 -16"><span class='ocrx_word' id='word_1_58' title='bbox 43 698 100 761; x_wconf 81' lang='lat' dir='ltr'>Ergo</span> <span class='ocrx_word' id='word_1_59' title='bbox 110 698 219 749; x_wconf 84' lang='lat' dir='ltr'>voluntas</span> <span class='ocrx_word' id='word_1_60' title='bbox 232 700 372 749; x_wconf 77' lang='lat' dir='ltr'><strong>concordans</strong></span> <span class='ocrx_word' id='word_1_61' title='bbox 387 698 455 749; x_wconf 89' lang='lat' dir='ltr'>otiam</span> <span class='ocrx_word' id='word_1_62' title='bbox 469 697 551 749; x_wconf 88' lang='lat' dir='ltr'>rationi</span> <span class='ocrx_word' id='word_1_63' title='bbox 565 698 651 747; x_wconf 87' lang='lat' dir='ltr'>erranti</span> <span class='ocrx_word' id='word_1_64' title='bbox 664 702 699 749; x_wconf 92' lang='lat' dir='ltr'>est</span> <span class='ocrx_word' id='word_1_65' title='bbox 711 700 779 749; x_wconf 86' lang='lat' dir='ltr'>bona.</span> 
     </span>
    </p>

    <p class='ocr_par' dir='ltr' id='par_1_3' title="bbox 43 768 845 1179">
     <span class='ocr_line' id='line_1_9' title="bbox 73 768 842 833; baseline -0.004 -14"><span class='ocrx_word' id='word_1_66' title='bbox 73 776 95 819; x_wconf 81' lang='lat'>3.</span> <span class='ocrx_word' id='word_1_67' title='bbox 109 771 233 833; x_wconf 85' lang='lat' dir='ltr'>Praeterea,</span> <span class='ocrx_word' id='word_1_68' title='bbox 244 771 347 821; x_wconf 85' lang='lat' dir='ltr'>noluntas</span> <span class='ocrx_word' id='word_1_69' title='bbox 357 769 488 821; x_wconf 89' lang='lat' dir='ltr'>discordans</span> <span class='ocrx_word' id='word_1_70' title='bbox 499 769 608 819; x_wconf 73' lang='lat' dir='ltr'>tratione</span> <span class='ocrx_word' id='word_1_71' title='bbox 621 772 711 819; x_wconf 77' lang='lat' dir='ltr'>errante</span> <span class='ocrx_word' id='word_1_72' title='bbox 724 771 761 819; x_wconf 84' lang='lat' dir='ltr'>eat</span> <span class='ocrx_word' id='word_1_73' title='bbox 774 768 842 819; x_wconf 86' lang='lat' dir='ltr'>mala.</span> 
     </span>
     <span class='ocr_line' id='line_1_10' title="bbox 43 839 843 904; baseline 0 -13"><span class='ocrx_word' id='word_1_74' title='bbox 43 843 64 891; x_wconf 87' lang='lat' dir='ltr'>Si</span> <span class='ocrx_word' id='word_1_75' title='bbox 81 855 137 904; x_wconf 81' lang='lat' dir='ltr'>ergo</span> <span class='ocrx_word' id='word_1_76' title='bbox 156 842 260 893; x_wconf 83' lang='lat' dir='ltr'>noluntas</span> <span class='ocrx_word' id='word_1_77' title='bbox 277 842 414 893; x_wconf 80' lang='lat' dir='ltr'>concordans</span> <span class='ocrx_word' id='word_1_78' title='bbox 431 840 513 891; x_wconf 88' lang='lat' dir='ltr'>rationi</span> <span class='ocrx_word' id='word_1_79' title='bbox 529 839 615 891; x_wconf 81' lang='lat' dir='ltr'>erranti</span> <span class='ocrx_word' id='word_1_80' title='bbox 635 840 665 890; x_wconf 88' lang='lat' dir='ltr'>sit</span> <span class='ocrx_word' id='word_1_81' title='bbox 680 840 750 890; x_wconf 88' lang='lat' dir='ltr'>etiam</span> <span class='ocrx_word' id='word_1_82' title='bbox 768 840 843 898; x_wconf 78' lang='lat' dir='ltr'>mela.</span> 
     </span>
     <span class='ocr_line' id='line_1_11' title="bbox 43 910 845 976; baseline -0.002 -15"><span class='ocrx_word' id='word_1_83' title='bbox 43 914 132 963; x_wconf 83' lang='lat' dir='ltr'>uidetur</span> <span class='ocrx_word' id='word_1_84' title='bbox 143 910 205 976; x_wconf 84' lang='lat' dir='ltr'>qnod</span> <span class='ocrx_word' id='word_1_85' title='bbox 218 913 293 965; x_wconf 86' lang='lat' dir='ltr'>omnis</span> <span class='ocrx_word' id='word_1_86' title='bbox 310 914 415 965; x_wconf 85' lang='lat' dir='ltr'>noluntas</span> <span class='ocrx_word' id='word_1_87' title='bbox 428 912 534 963; x_wconf 87' lang='lat' dir='ltr'>habentis</span> <span class='ocrx_word' id='word_1_88' title='bbox 546 911 657 962; x_wconf 88' lang='lat' dir='ltr'>rationem</span> <span class='ocrx_word' id='word_1_89' title='bbox 669 913 797 973; x_wconf 75' lang='lat' dir='ltr'>errantem,</span> <span class='ocrx_word' id='word_1_90' title='bbox 815 911 845 960; x_wconf 89' lang='lat' dir='ltr'>sit</span> 
     </span>
     <span class='ocr_line' id='line_1_12' title="bbox 44 981 845 1049; baseline -0.001 -17"><span class='ocrx_word' id='word_1_91' title='bbox 44 984 101 1033; x_wconf 84' lang='lat' dir='ltr'>mata</span> <span class='ocrx_word' id='word_1_92' title='bbox 116 1000 122 1033; x_wconf 76' lang='grc' dir='ltr'>ε</span> <span class='ocrx_word' id='word_1_93' title='bbox 135 989 160 1037; x_wconf 86' lang='grc' dir='ltr'>ει</span> <span class='ocrx_word' id='word_1_94' title='bbox 171 982 205 1035; x_wconf 89' lang='lat' dir='ltr'>sic</span> <span class='ocrx_word' id='word_1_95' title='bbox 215 983 268 1034; x_wconf 87' lang='lat' dir='ltr'>tatis</span> <span class='ocrx_word' id='word_1_96' title='bbox 285 987 352 1035; x_wconf 86' lang='lat' dir='ltr'>nomo</span> <span class='ocrx_word' id='word_1_97' title='bbox 364 983 407 1036; x_wconf 85' lang='lat' dir='ltr'>orit</span> <span class='ocrx_word' id='word_1_98' title='bbox 421 984 556 1049; x_wconf 83' lang='lat' dir='ltr'>perplexus,</span> <span class='ocrx_word' id='word_1_99' title='bbox 567 985 591 1033; x_wconf 90' lang='lat' dir='ltr'>et</span> <span class='ocrx_word' id='word_1_100' title='bbox 603 995 633 1033; x_wconf 84' lang='lat' dir='ltr'>ex</span> <span class='ocrx_word' id='word_1_101' title='bbox 641 981 778 1033; x_wconf 82' lang='lat' dir='ltr'>necessitate</span> <span class='ocrx_word' id='word_1_102' title='bbox 792 994 845 1045; x_wconf 90' lang='lat' dir='ltr'>pec·</span> 
     </span>
     <span class='ocr_line' id='line_1_13' title="bbox 44 1053 845 1119; baseline 0 -17"><span class='ocrx_word' id='word_1_103' title='bbox 44 1055 118 1118; x_wconf 72' lang='lat' dir='ltr'>cubit,</span> <span class='ocrx_word' id='word_1_104' title='bbox 133 1055 195 1118; x_wconf 85' lang='lat' dir='ltr'>quod</span> <span class='ocrx_word' id='word_1_105' title='bbox 209 1059 246 1106; x_wconf 86' lang='lat' dir='ltr'>est</span> <span class='ocrx_word' id='word_1_106' title='bbox 261 1055 437 1108; x_wconf 83' lang='lat' dir='ltr'>inconvenieus.</span> <span class='ocrx_word' id='word_1_107' title='bbox 453 1056 514 1119; x_wconf 78' lang='lat' dir='ltr'>Ergo</span> <span class='ocrx_word' id='word_1_108' title='bbox 531 1055 636 1105; x_wconf 85' lang='lat' dir='ltr'>uoluntas</span> <span class='ocrx_word' id='word_1_109' title='bbox 650 1053 791 1105; x_wconf 81' lang='lat' dir='ltr'>concordans</span> <span class='ocrx_word' id='word_1_110' title='bbox 810 1065 845 1103; x_wconf 86' lang='lat' dir='ltr'>rr·</span> 
     </span>
     <span class='ocr_line' id='line_1_14' title="bbox 44 1126 501 1179; baseline 0 -4"><span class='ocrx_word' id='word_1_111' title='bbox 44 1127 99 1176; x_wconf 91' lang='lat' dir='ltr'>tioni</span> <span class='ocrx_word' id='word_1_112' title='bbox 115 1126 202 1179; x_wconf 88' lang='lat' dir='ltr'>erranti</span> <span class='ocrx_word' id='word_1_113' title='bbox 216 1131 252 1179; x_wconf 88' lang='lat' dir='ltr'>ost</span> <span class='ocrx_word' id='word_1_114' title='bbox 264 1127 333 1177; x_wconf 83' lang='lat' dir='ltr'>bona.</span> <span class='ocrx_word' id='word_1_115' title='bbox 492 1168 501 1175; x_wconf 71' lang='grc'>,</span> 
     </span>
    </p>

    <p class='ocr_par' dir='ltr' id='par_1_4' title="bbox 44 1195 902 1547">
     <span class='ocr_line' id='line_1_15' title="bbox 73 1195 902 1261; baseline -0.006 -12"><span class='ocrx_word' id='word_1_116' title='bbox 73 1198 121 1249; x_wconf 81' lang='lat' dir='ltr'>Sed</span> <span class='ocrx_word' id='word_1_117' title='bbox 131 1202 224 1261; x_wconf 89' lang='lat' dir='ltr'>contra,</span> <span class='ocrx_word' id='word_1_118' title='bbox 239 1199 344 1249; x_wconf 87' lang='lat' dir='ltr'>uoluntas</span> <span class='ocrx_word' id='word_1_119' title='bbox 360 1197 512 1249; x_wconf 82' lang='lat' dir='ltr'>occidentium</span> <span class='ocrx_word' id='word_1_120' title='bbox 529 1198 644 1261; x_wconf 60' lang='lat' dir='ltr'>apostotos</span> <span class='ocrx_word' id='word_1_121' title='bbox 660 1201 710 1249; x_wconf 88' lang='lat' dir='ltr'>crat</span> <span class='ocrx_word' id='word_1_122' title='bbox 721 1195 789 1247; x_wconf 87' lang='lat' dir='ltr'>mala.</span> <span class='ocrx_word' id='word_1_123' title='bbox 799 1196 845 1245; x_wconf 89' lang='lat' dir='ltr'>Sed</span> <span class='ocrx_word' id='word_1_124' title='bbox 894 1213 902 1224; x_wconf 54' lang='grc' dir='ltr'><strong><em>ν</em></strong></span> 
     </span>
     <span class='ocr_line' id='line_1_16' title="bbox 44 1267 845 1332; baseline -0.001 -14"><span class='ocrx_word' id='word_1_125' title='bbox 44 1272 120 1321; x_wconf 85' lang='lat' dir='ltr'>tamen</span> <span class='ocrx_word' id='word_1_126' title='bbox 135 1270 287 1321; x_wconf 82' lang='lat' dir='ltr'>concordabat</span> <span class='ocrx_word' id='word_1_127' title='bbox 304 1270 387 1321; x_wconf 89' lang='lat' dir='ltr'>rationi</span> <span class='ocrx_word' id='word_1_128' title='bbox 410 1268 494 1319; x_wconf 89' lang='lat' dir='ltr'>erranti</span> <span class='ocrx_word' id='word_1_129' title='bbox 516 1268 633 1332; x_wconf 86' lang='lat' dir='ltr'>ipsomrn,</span> <span class='ocrx_word' id='word_1_130' title='bbox 646 1268 772 1319; x_wconf 86' lang='lat' dir='ltr'>secuudum</span> <span class='ocrx_word' id='word_1_131' title='bbox 789 1267 845 1317; x_wconf 85' lang='lat' dir='ltr'>iilud</span> 
     </span>
     <span class='ocr_line' id='line_1_17' title="bbox 44 1336 847 1405; baseline -0.006 -15"><span class='ocrx_word' id='word_1_132' title='bbox 44 1342 208 1405; x_wconf 82' lang='lat' dir='ltr'>Jooo.,XV1:</span> <span class='ocrx_word' id='word_1_133' title='bbox 224 1340 315 1391; x_wconf 75' lang='lat' dir='ltr'>«Venit</span> <span class='ocrx_word' id='word_1_134' title='bbox 330 1342 400 1403; x_wconf 84' lang='lat' dir='ltr'>hora,</span> <span class='ocrx_word' id='word_1_135' title='bbox 414 1344 439 1390; x_wconf 88' lang='lat' dir='ltr'>nt</span> <span class='ocrx_word' id='word_1_136' title='bbox 456 1339 531 1390; x_wconf 92' lang='lat' dir='ltr'>omnis</span> <span class='ocrx_word' id='word_1_137' title='bbox 548 1339 588 1402; x_wconf 86' lang='lat' dir='ltr'>qni</span> <span class='ocrx_word' id='word_1_138' title='bbox 599 1338 706 1390; x_wconf 82' lang='lat' dir='ltr'>interficit</span> <span class='ocrx_word' id='word_1_139' title='bbox 716 1350 770 1399; x_wconf 87' lang='lat' dir='ltr'>uos,</span> <span class='ocrx_word' id='word_1_140' title='bbox 786 1336 847 1386; x_wconf 85' lang='lat' dir='ltr'>arbi-</span> 
     </span>
     <span class='ocr_line' id='line_1_18' title="bbox 45 1409 846 1476; baseline -0.005 -15"><span class='ocrx_word' id='word_1_141' title='bbox 45 1418 115 1463; x_wconf 87' lang='lat' dir='ltr'>tretur</span> <span class='ocrx_word' id='word_1_142' title='bbox 124 1412 260 1476; x_wconf 77' lang='lat' dir='ltr'>obsequium</span> <span class='ocrx_word' id='word_1_143' title='bbox 270 1426 294 1463; x_wconf 91' lang='grc' dir='ltr'>εε</span> <span class='ocrx_word' id='word_1_144' title='bbox 305 1416 412 1476; x_wconf 75' lang='lat' dir='ltr'>praestare</span> <span class='ocrx_word' id='word_1_145' title='bbox 425 1414 472 1463; x_wconf 83' lang='lat' dir='ltr'>Deo</span> <span class='ocrx_word' id='word_1_146' title='bbox 485 1410 528 1474; x_wconf 85' lang='lat' dir='ltr'>(t).</span> <span class='ocrx_word' id='word_1_147' title='bbox 538 1425 555 1459; x_wconf 78' lang='lat' dir='ltr'>n</span> <span class='ocrx_word' id='word_1_148' title='bbox 565 1412 624 1473; x_wconf 76' lang='lat' dir='ltr'>Ergo</span> <span class='ocrx_word' id='word_1_149' title='bbox 633 1409 740 1459; x_wconf 83' lang='lat' dir='ltr'>uoluntas</span> <span class='ocrx_word' id='word_1_150' title='bbox 753 1421 846 1459; x_wconf 86' lang='lat' dir='ltr'>concor·</span> 
     </span>
     <span class='ocr_line' id='line_1_19' title="bbox 46 1482 528 1547; baseline -0.006 -14"><span class='ocrx_word' id='word_1_151' title='bbox 46 1483 100 1535; x_wconf 86' lang='lat' dir='ltr'>daus</span> <span class='ocrx_word' id='word_1_152' title='bbox 114 1484 197 1535; x_wconf 87' lang='lat' dir='ltr'>rationi</span> <span class='ocrx_word' id='word_1_153' title='bbox 211 1483 293 1535; x_wconf 88' lang='lat' dir='ltr'>erranti</span> <span class='ocrx_word' id='word_1_154' title='bbox 306 1487 382 1547; x_wconf 88' lang='lat' dir='ltr'>potest</span> <span class='ocrx_word' id='word_1_155' title='bbox 395 1496 446 1533; x_wconf 89' lang='lat' dir='ltr'>csso</span> <span class='ocrx_word' id='word_1_156' title='bbox 461 1482 528 1531; x_wconf 77' lang='lat' dir='ltr'>maia</span> 
     </span>
    </p>

    <p class='ocr_par' dir='ltr' id='par_1_5' title="bbox 47 1549 846 1692">
     <span class='ocr_line' id='line_1_20' title="bbox 79 1549 846 1619; baseline -0.005 -14"><span class='ocrx_word' id='word_1_157' title='bbox 79 1557 233 1619; x_wconf 86' lang='lat' dir='ltr'>(Concuusro.</span> <span class='ocrx_word' id='word_1_158' title='bbox 243 1582 274 1593; x_wconf 90' lang='lat'>-</span> <span class='ocrx_word' id='word_1_159' title='bbox 284 1555 393 1609; x_wconf 82' lang='lat' dir='ltr'>Voluntas</span> <span class='ocrx_word' id='word_1_160' title='bbox 412 1553 553 1604; x_wconf 88' lang='lat' dir='ltr'>concordans</span> <span class='ocrx_word' id='word_1_161' title='bbox 564 1551 646 1601; x_wconf 88' lang='lat' dir='ltr'>rationi</span> <span class='ocrx_word' id='word_1_162' title='bbox 658 1550 742 1604; x_wconf 82' lang='lat' dir='ltr'>emanti</span> <span class='ocrx_word' id='word_1_163' title='bbox 750 1549 809 1601; x_wconf 88' lang='lat' dir='ltr'>circa</span> <span class='ocrx_word' id='word_1_164' title='bbox 819 1563 846 1601; x_wconf 89' lang='lat' dir='ltr'>ca</span> 
     </span>
     <span class='ocr_line' id='line_1_21' title="bbox 47 1623 596 1692; baseline -0.005 -14"><span class='ocrx_word' id='word_1_165' title='bbox 47 1642 94 1691; x_wconf 84' lang='lat' dir='ltr'>pnae</span> <span class='ocrx_word' id='word_1_166' title='bbox 110 1628 160 1692; x_wconf 84' lang='lat' dir='ltr'>quis</span> <span class='ocrx_word' id='word_1_167' title='bbox 176 1627 232 1677; x_wconf 92' lang='lat' dir='ltr'>scire</span> <span class='ocrx_word' id='word_1_168' title='bbox 243 1628 341 1692; x_wconf 88' lang='lat' dir='ltr'>tenetur,</span> <span class='ocrx_word' id='word_1_169' title='bbox 351 1639 441 1689; x_wconf 87' lang='lat' dir='ltr'>semper</span> <span class='ocrx_word' id='word_1_170' title='bbox 455 1628 491 1675; x_wconf 89' lang='lat' dir='ltr'>est</span> <span class='ocrx_word' id='word_1_171' title='bbox 507 1623 596 1687; x_wconf 86' lang='lat' dir='ltr'>mala.)</span> 
     </span>
    </p>

    <p class='ocr_par' dir='ltr' id='par_1_6' title="bbox 47 1694 848 1971">
     <span class='ocr_line' id='line_1_22' title="bbox 75 1694 845 1765; baseline -0.008 -15"><span class='ocrx_word' id='word_1_172' title='bbox 75 1700 211 1765; x_wconf 73' lang='lat' dir='ltr'>despondeo</span> <span class='ocrx_word' id='word_1_173' title='bbox 229 1698 362 1762; x_wconf 84' lang='lat' dir='ltr'>dicendum,</span> <span class='ocrx_word' id='word_1_174' title='bbox 377 1696 437 1761; x_wconf 85' lang='lat' dir='ltr'>qudd</span> <span class='ocrx_word' id='word_1_175' title='bbox 451 1696 510 1746; x_wconf 90' lang='lat' dir='ltr'>sicut</span> <span class='ocrx_word' id='word_1_176' title='bbox 525 1694 641 1760; x_wconf 78' lang='lat' dir='ltr'>praemissa</span> <span class='ocrx_word' id='word_1_177' title='bbox 653 1694 750 1759; x_wconf 75' lang='lat' dir='ltr'>questio</span> <span class='ocrx_word' id='word_1_178' title='bbox 760 1695 845 1759; x_wconf 22' lang='lat' dir='ltr'>*eadem</span> 
     </span>
     <span class='ocr_line' id='line_1_23' title="bbox 47 1766 847 1837; baseline -0.006 -14"><span class='ocrx_word' id='word_1_179' title='bbox 47 1776 82 1823; x_wconf 87' lang='lat' dir='ltr'>cst</span> <span class='ocrx_word' id='word_1_180' title='bbox 95 1786 147 1823; x_wconf 85' lang='lat' dir='ltr'>curn</span> <span class='ocrx_word' id='word_1_181' title='bbox 158 1770 284 1837; x_wconf 88' lang='lat' dir='ltr'>quaestione</span> <span class='ocrx_word' id='word_1_182' title='bbox 297 1782 341 1833; x_wconf 85' lang='lat' dir='ltr'>qum</span> <span class='ocrx_word' id='word_1_183' title='bbox 353 1769 468 1834; x_wconf 78' lang='lat' dir='ltr'>queritur,</span> <span class='ocrx_word' id='word_1_184' title='bbox 483 1787 494 1815; x_wconf 87' lang='lat' dir='ltr'>n</span> <span class='ocrx_word' id='word_1_185' title='bbox 507 1771 582 1818; x_wconf 91' lang='lat' dir='ltr'>utrum</span> <span class='ocrx_word' id='word_1_186' title='bbox 599 1766 739 1819; x_wconf 85' lang='lat' dir='ltr'>couscientia</span> <span class='ocrx_word' id='word_1_187' title='bbox 754 1780 847 1818; x_wconf 85' lang='lat' dir='ltr'>erronea</span> 
     </span>
     <span class='ocr_line' id='line_1_24' title="bbox 47 1838 847 1909; baseline -0.009 -15"><span class='ocrx_word' id='word_1_188' title='bbox 47 1846 117 1909; x_wconf 79' lang='lat' dir='ltr'>liget3</span> <span class='ocrx_word' id='word_1_189' title='bbox 135 1861 149 1892; x_wconf 83' lang='lat' dir='ltr'>n</span> <span class='ocrx_word' id='word_1_190' title='bbox 165 1844 196 1893; x_wconf 85' lang='lat' dir='ltr'>ita</span> <span class='ocrx_word' id='word_1_191' title='bbox 214 1843 258 1893; x_wconf 85' lang='lat' dir='ltr'>istc</span> <span class='ocrx_word' id='word_1_192' title='bbox 277 1842 373 1907; x_wconf 77' lang='lat' dir='ltr'>questio</span> <span class='ocrx_word' id='word_1_193' title='bbox 391 1840 469 1892; x_wconf 90' lang='lat' dir='ltr'>eadem</span> <span class='ocrx_word' id='word_1_194' title='bbox 490 1845 525 1892; x_wconf 88' lang='lat' dir='ltr'>est</span> <span class='ocrx_word' id='word_1_195' title='bbox 539 1854 591 1890; x_wconf 91' lang='lat' dir='ltr'>cum</span> <span class='ocrx_word' id='word_1_196' title='bbox 607 1838 646 1889; x_wconf 88' lang='lat' dir='ltr'>itta</span> <span class='ocrx_word' id='word_1_197' title='bbox 664 1839 847 1903; x_wconf 65' lang='lat' dir='ltr'>praeponatur,</span> 
     </span>
     <span class='ocr_line' id='line_1_25' title="bbox 49 1908 848 1971; baseline -0.008 -8"><span class='ocrx_word' id='word_1_198' title='bbox 49 1934 62 1963; x_wconf 80' lang='lat' dir='ltr'>u</span> <span class='ocrx_word' id='word_1_199' title='bbox 75 1921 151 1967; x_wconf 90' lang='lat' dir='ltr'>utrum</span> <span class='ocrx_word' id='word_1_200' title='bbox 170 1914 309 1967; x_wconf 84' lang='lat' dir='ltr'>couscientia</span> <span class='ocrx_word' id='word_1_201' title='bbox 332 1926 425 1964; x_wconf 87' lang='lat' dir='ltr'>erronea</span> <span class='ocrx_word' id='word_1_202' title='bbox 438 1916 542 1965; x_wconf 82' lang='lat' dir='ltr'>excuset.</span> <span class='ocrx_word' id='word_1_203' title='bbox 556 1928 571 1959; x_wconf 83' lang='lat' dir='ltr'>u</span> <span class='ocrx_word' id='word_1_204' title='bbox 587 1910 641 1963; x_wconf 79' lang='lat' dir='ltr'>Hac</span> <span class='ocrx_word' id='word_1_205' title='bbox 661 1916 739 1961; x_wconf 85' lang='lat' dir='ltr'>autem</span> <span class='ocrx_word' id='word_1_206' title='bbox 751 1908 848 1971; x_wconf 78' lang='lat' dir='ltr'>questio</span> 
     </span>
    </p>
   </div>
   <div class='ocr_carea' id='block_1_2' title="bbox 48 1980 851 2410">
    <p class='ocr_par' dir='ltr' id='par_1_7' title="bbox 48 1980 851 2410">
     <span class='ocr_line' id='line_1_26' title="bbox 48 1980 847 2052; baseline -0.015 -14"><span class='ocrx_word' id='word_1_207' title='bbox 48 1988 161 2052; x_wconf 83' lang='lat' dir='ltr'>dependet</span> <span class='ocrx_word' id='word_1_208' title='bbox 174 1986 203 2036; x_wconf 85' lang='lat' dir='ltr'>ab</span> <span class='ocrx_word' id='word_1_209' title='bbox 221 1997 248 2036; x_wconf 89' lang='lat' dir='ltr'>eo</span> <span class='ocrx_word' id='word_1_210' title='bbox 264 1986 323 2049; x_wconf 87' lang='lat' dir='ltr'>quod</span> <span class='ocrx_word' id='word_1_211' title='bbox 339 1984 407 2050; x_wconf 75' lang='lat' dir='ltr'>supra</span> <span class='ocrx_word' id='word_1_212' title='bbox 421 1985 448 2035; x_wconf 88' lang='lat' dir='ltr'>de</span> <span class='ocrx_word' id='word_1_213' title='bbox 462 1983 589 2047; x_wconf 78' lang='lat' dir='ltr'>ignorantia</span> <span class='ocrx_word' id='word_1_214' title='bbox 601 1982 735 2031; x_wconf 88' lang='lat' dir='ltr'>dictumest</span> <span class='ocrx_word' id='word_1_215' title='bbox 746 1980 801 2042; x_wconf 83' lang='lat' dir='ltr'>(qn.</span> <span class='ocrx_word' id='word_1_216' title='bbox 817 1983 847 2039; x_wconf 87' lang='grc'>6,</span> 
     </span>
     <span class='ocr_line' id='line_1_27' title="bbox 49 2050 848 2123; baseline -0.014 -14"><span class='ocrx_word' id='word_1_217' title='bbox 49 2064 88 2109; x_wconf 85' lang='lat' dir='ltr'>art.</span> <span class='ocrx_word' id='word_1_218' title='bbox 103 2060 148 2123; x_wconf 82' lang='lat'>8).</span> <span class='ocrx_word' id='word_1_219' title='bbox 165 2058 254 2108; x_wconf 81' lang='lat' dir='ltr'>Dictum</span> <span class='ocrx_word' id='word_1_220' title='bbox 275 2061 310 2108; x_wconf 89' lang='lat' dir='ltr'>est</span> <span class='ocrx_word' id='word_1_221' title='bbox 323 2056 384 2109; x_wconf 91' lang='lat' dir='ltr'>enim</span> <span class='ocrx_word' id='word_1_222' title='bbox 403 2055 488 2119; x_wconf 80' lang='lat' dir='ltr'>suprt,</span> <span class='ocrx_word' id='word_1_223' title='bbox 501 2053 560 2117; x_wconf 83' lang='lat' dir='ltr'>qudd</span> <span class='ocrx_word' id='word_1_224' title='bbox 571 2050 701 2115; x_wconf 79' lang='lat' dir='ltr'>ignorantia</span> <span class='ocrx_word' id='word_1_225' title='bbox 712 2050 848 2113; x_wconf 86' lang='lat' dir='ltr'>quandoque</span> 
     </span>
     <span class='ocr_line' id='line_1_28' title="bbox 48 2121 848 2192; baseline -0.018 -10"><span class='ocrx_word' id='word_1_226' title='bbox 48 2136 123 2183; x_wconf 85' lang='lat' dir='ltr'>causat</span> <span class='ocrx_word' id='word_1_227' title='bbox 133 2130 334 2181; x_wconf 80' lang='lat' dir='ltr'>involuntarium</span> <span class='ocrx_word' id='word_1_228' title='bbox 340 2166 348 2192; x_wconf 92' lang='lat'><em>,</em></span> <span class='ocrx_word' id='word_1_229' title='bbox 358 2129 493 2192; x_wconf 85' lang='lat' dir='ltr'>quaudoque</span> <span class='ocrx_word' id='word_1_230' title='bbox 502 2130 577 2176; x_wconf 84' lang='lat' dir='ltr'>antem</span> <span class='ocrx_word' id='word_1_231' title='bbox 588 2138 643 2174; x_wconf 90' lang='lat' dir='ltr'>non.</span> <span class='ocrx_word' id='word_1_232' title='bbox 653 2121 745 2185; x_wconf 77' lang='lat' dir='ltr'>utputa</span> <span class='ocrx_word' id='word_1_233' title='bbox 757 2121 848 2170; x_wconf 83' lang='lat' dir='ltr'>bonum</span> 
     </span>
     <span class='ocr_line' id='line_1_29' title="bbox 49 2191 848 2260; baseline -0.018 -5"><span class='ocrx_word' id='word_1_234' title='bbox 49 2209 71 2255; x_wconf 91' lang='lat' dir='ltr'>et</span> <span class='ocrx_word' id='word_1_235' title='bbox 84 2204 183 2255; x_wconf 85' lang='lat' dir='ltr'>molum</span> <span class='ocrx_word' id='word_1_236' title='bbox 195 2202 278 2253; x_wconf 86' lang='lat' dir='ltr'>morale</span> <span class='ocrx_word' id='word_1_237' title='bbox 290 2200 393 2252; x_wconf 88' lang='lat' dir='ltr'>consistit</span> <span class='ocrx_word' id='word_1_238' title='bbox 403 2198 428 2249; x_wconf 90' lang='lat' dir='ltr'>in</span> <span class='ocrx_word' id='word_1_239' title='bbox 440 2203 490 2250; x_wconf 88' lang='lat' dir='ltr'>actu</span> <span class='ocrx_word' id='word_1_240' title='bbox 499 2198 525 2247; x_wconf 87' lang='lat' dir='ltr'>in</span> <span class='ocrx_word' id='word_1_241' title='bbox 534 2200 645 2260; x_wconf 81' lang='lat' dir='ltr'>quantum</span> <span class='ocrx_word' id='word_1_242' title='bbox 654 2198 690 2245; x_wconf 88' lang='lat' dir='ltr'>cst</span> <span class='ocrx_word' id='word_1_243' title='bbox 698 2191 848 2254; x_wconf 84' lang='lat' dir='ltr'>uoluntarius,</span> 
     </span>
     <span class='ocr_line' id='line_1_30' title="bbox 49 2262 850 2341; baseline -0.014 -18"><span class='ocrx_word' id='word_1_244' title='bbox 49 2278 72 2324; x_wconf 89' lang='lat' dir='ltr'>nt</span> <span class='ocrx_word' id='word_1_245' title='bbox 89 2290 118 2327; x_wconf 81' lang='lat' dir='ltr'>ex</span> <span class='ocrx_word' id='word_1_246' title='bbox 137 2272 262 2341; x_wconf 83' lang='lat' dir='ltr'>praemissis</span> <span class='ocrx_word' id='word_1_247' title='bbox 283 2276 346 2337; x_wconf 89' lang='lat' dir='ltr'>patet</span> <span class='ocrx_word' id='word_1_248' title='bbox 356 2272 415 2337; x_wconf 90' lang='lat' dir='ltr'>(art.</span> <span class='ocrx_word' id='word_1_249' title='bbox 430 2272 479 2330; x_wconf 74' lang='lat' dir='ltr'>tt,</span> <span class='ocrx_word' id='word_1_250' title='bbox 497 2268 642 2317; x_wconf 79' lang='lat' dir='ltr'>manifestum</span> <span class='ocrx_word' id='word_1_251' title='bbox 668 2268 720 2327; x_wconf 88' lang='lat' dir='ltr'>est,</span> <span class='ocrx_word' id='word_1_252' title='bbox 734 2263 795 2327; x_wconf 90' lang='lat' dir='ltr'>quod</span> <span class='ocrx_word' id='word_1_253' title='bbox 811 2262 850 2312; x_wconf 86' lang='lat' dir='ltr'>iiia</span> 
     </span>
     <span class='ocr_line' id='line_1_31' title="bbox 49 2334 851 2410; baseline -0.015 -15"><span class='ocrx_word' id='word_1_254' title='bbox 49 2346 174 2410; x_wconf 77' lang='lat' dir='ltr'>ignorantia</span> <span class='ocrx_word' id='word_1_255' title='bbox 184 2357 236 2408; x_wconf 79' lang='lat' dir='ltr'>qua</span> <span class='ocrx_word' id='word_1_256' title='bbox 251 2346 330 2394; x_wconf 88' lang='lat' dir='ltr'>causat</span> <span class='ocrx_word' id='word_1_257' title='bbox 344 2341 548 2393; x_wconf 79' lang='lat' dir='ltr'>involuntarium</span> <span class='ocrx_word' id='word_1_258' title='bbox 560 2337 619 2395; x_wconf 83' lang='lat' dir='ltr'>toltit</span> <span class='ocrx_word' id='word_1_259' title='bbox 631 2335 742 2387; x_wconf 88' lang='lat' dir='ltr'>rationem</span> <span class='ocrx_word' id='word_1_260' title='bbox 754 2334 808 2386; x_wconf 85' lang='lat' dir='ltr'>boni</span> <span class='ocrx_word' id='word_1_261' title='bbox 827 2337 851 2383; x_wconf 87' lang='lat' dir='ltr'>ct</span> 
     </span>
    </p>
   </div>
   <div class='ocr_carea' id='block_1_3' title="bbox 49 2473 852 2908">
    <p class='ocr_par' dir='ltr' id='par_1_8' title="bbox 49 2473 852 2908">
     <span class='ocr_line' id='line_1_32' title="bbox 82 2473 851 2547; baseline -0.016 -19"><span class='ocrx_word' id='word_1_262' title='bbox 82 2480 111 2547; x_wconf 83' lang='lat'>(1)</span> <span class='ocrx_word' id='word_1_263' title='bbox 122 2486 156 2529; x_wconf 80' lang='lat' dir='ltr'>De</span> <span class='ocrx_word' id='word_1_264' title='bbox 167 2480 254 2529; x_wconf 73' lang='lat' dir='ltr'>ludaeis</span> <span class='ocrx_word' id='word_1_265' title='bbox 265 2478 437 2537; x_wconf 77' lang='lat' dir='ltr'>intelligendum</span> <span class='ocrx_word' id='word_1_266' title='bbox 449 2481 516 2523; x_wconf 86' lang='lat' dir='ltr'>notat</span> <span class='ocrx_word' id='word_1_267' title='bbox 523 2474 674 2533; x_wconf 76' lang='lat' dir='ltr'>Augustinus,</span> <span class='ocrx_word' id='word_1_268' title='bbox 682 2475 758 2519; x_wconf 85' lang='lat' dir='ltr'>Tract.</span> <span class='ocrx_word' id='word_1_269' title='bbox 771 2473 851 2518; x_wconf 80' lang='lat' dir='ltr'>nour.</span> 
     </span>
     <span class='ocr_line' id='line_1_33' title="bbox 50 2534 850 2605; baseline -0.016 -14"><span class='ocrx_word' id='word_1_270' title='bbox 50 2549 76 2592; x_wconf 79' lang='lat' dir='ltr'>io</span> <span class='ocrx_word' id='word_1_271' title='bbox 90 2548 177 2595; x_wconf 72' lang='lat' dir='ltr'>loon„</span> <span class='ocrx_word' id='word_1_272' title='bbox 191 2544 276 2601; x_wconf 83' lang='lat' dir='ltr'>quippe</span> <span class='ocrx_word' id='word_1_273' title='bbox 287 2543 325 2599; x_wconf 80' lang='lat' dir='ltr'>qui</span> <span class='ocrx_word' id='word_1_274' title='bbox 336 2554 383 2586; x_wconf 94' lang='lat' dir='ltr'>non</span> <span class='ocrx_word' id='word_1_275' title='bbox 395 2540 483 2605; x_wconf 78' lang='lat' dir='ltr'>tannim</span> <span class='ocrx_word' id='word_1_276' title='bbox 493 2539 522 2585; x_wconf 89' lang='lat' dir='ltr'>do</span> <span class='ocrx_word' id='word_1_277' title='bbox 538 2536 660 2595; x_wconf 73' lang='lat' dir='ltr'>synagogis</span> <span class='ocrx_word' id='word_1_278' title='bbox 674 2536 790 2593; x_wconf 83' lang='lat' dir='ltr'>apostolos</span> <span class='ocrx_word' id='word_1_279' title='bbox 800 2534 850 2590; x_wconf 88' lang='lat' dir='ltr'>pct-</span> 
     </span>
     <span class='ocr_line' id='line_1_34' title="bbox 49 2600 851 2667; baseline -0.017 -13"><span class='ocrx_word' id='word_1_280' title='bbox 49 2611 138 2667; x_wconf 77' lang='lat' dir='ltr'>lcrent,</span> <span class='ocrx_word' id='word_1_281' title='bbox 154 2607 195 2653; x_wconf 86' lang='lat' dir='ltr'>sed</span> <span class='ocrx_word' id='word_1_282' title='bbox 218 2618 260 2650; x_wconf 88' lang='lat' dir='ltr'>nco</span> <span class='ocrx_word' id='word_1_283' title='bbox 281 2607 358 2651; x_wconf 85' lang='lat' dir='ltr'>uivere</span> <span class='ocrx_word' id='word_1_284' title='bbox 377 2608 525 2660; x_wconf 86' lang='lat' dir='ltr'>paterentur,</span> <span class='ocrx_word' id='word_1_285' title='bbox 545 2600 610 2656; x_wconf 87' lang='lat' dir='ltr'>qnasi</span> <span class='ocrx_word' id='word_1_286' title='bbox 632 2600 698 2645; x_wconf 83' lang='lat' dir='ltr'>ueriti</span> <span class='ocrx_word' id='word_1_287' title='bbox 716 2609 800 2653; x_wconf 87' lang='lat' dir='ltr'>nempe</span> <span class='ocrx_word' id='word_1_288' title='bbox 820 2608 851 2641; x_wconf 79' lang='lat' dir='ltr'>oe</span> 
     </span>
     <span class='ocr_line' id='line_1_35' title="bbox 50 2660 851 2721; baseline -0.014 -4"><span class='ocrx_word' id='word_1_289' title='bbox 50 2685 128 2719; x_wconf 83' lang='lat' dir='ltr'>omnes</span> <span class='ocrx_word' id='word_1_290' title='bbox 142 2668 175 2717; x_wconf 75' lang='lat' dir='ltr'>od</span> <span class='ocrx_word' id='word_1_291' title='bbox 193 2681 281 2713; x_wconf 69' lang='lat' dir='ltr'>nomm</span> <span class='ocrx_word' id='word_1_292' title='bbox 298 2666 391 2714; x_wconf 72' lang='lat' dir='ltr'>Christo*</span> <span class='ocrx_word' id='word_1_293' title='bbox 408 2666 454 2710; x_wconf 73' lang='lat' dir='ltr'>ruod</span> <span class='ocrx_word' id='word_1_294' title='bbox 478 2662 652 2721; x_wconf 68' lang='lat' dir='ltr'>predicatione</span> <span class='ocrx_word' id='word_1_295' title='bbox 670 2660 851 2707; x_wconf 76' lang='lat' dir='ltr'>cortocrteroot.</span> 
     </span>
     <span class='ocr_line' id='line_1_36' title="bbox 50 2723 852 2783; baseline -0.017 -4"><span class='ocrx_word' id='word_1_296' title='bbox 50 2740 68 2781; x_wconf 85' lang='lat' dir='ltr'>et</span> <span class='ocrx_word' id='word_1_297' title='bbox 79 2735 108 2781; x_wconf 81' lang='lat' dir='ltr'>ob</span> <span class='ocrx_word' id='word_1_298' title='bbox 118 2732 283 2778; x_wconf 76' lang='lat' dir='ltr'>obseruatione</span> <span class='ocrx_word' id='word_1_299' title='bbox 295 2729 419 2776; x_wconf 67' lang='lat' dir='ltr'>sunnone·</span> <span class='ocrx_word' id='word_1_300' title='bbox 434 2732 548 2783; x_wconf 77' lang='lat' dir='ltr'>turronem</span> <span class='ocrx_word' id='word_1_301' title='bbox 561 2725 653 2770; x_wconf 69' lang='lat' dir='ltr'>diuino</span> <span class='ocrx_word' id='word_1_302' title='bbox 661 2723 772 2769; x_wconf 74' lang='lat' dir='ltr'>ueritatis</span> <span class='ocrx_word' id='word_1_303' title='bbox 781 2730 852 2766; x_wconf 78' lang='lat' dir='ltr'>cocr-</span> 
     </span>
     <span class='ocr_line' id='line_1_37' title="bbox 51 2783 851 2851; baseline -0.02 -8"><span class='ocrx_word' id='word_1_304' title='bbox 51 2800 139 2851; x_wconf 78' lang='lat' dir='ltr'>terent;</span> <span class='ocrx_word' id='word_1_305' title='bbox 153 2796 273 2849; x_wconf 77' lang='lat' dir='ltr'>martyres</span> <span class='ocrx_word' id='word_1_306' title='bbox 298 2794 363 2838; x_wconf 75' lang='lat' dir='ltr'>roim</span> <span class='ocrx_word' id='word_1_307' title='bbox 383 2789 476 2835; x_wconf 73' lang='lat' dir='ltr'>Christi</span> <span class='ocrx_word' id='word_1_308' title='bbox 491 2789 587 2834; x_wconf 76' lang='lat' dir='ltr'>etiamst</span> <span class='ocrx_word' id='word_1_309' title='bbox 602 2788 676 2832; x_wconf 76' lang='lat' dir='ltr'>uectae·</span> <span class='ocrx_word' id='word_1_310' title='bbox 692 2783 779 2830; x_wconf 74' lang='lat' dir='ltr'>enotd</span> <span class='ocrx_word' id='word_1_311' title='bbox 795 2793 851 2839; x_wconf 81' lang='lat' dir='ltr'>perr·</span> 
     </span>
     <span class='ocr_line' id='line_1_38' title="bbox 50 2843 852 2908; baseline -0.021 -3"><span class='ocrx_word' id='word_1_312' title='bbox 50 2861 151 2908; x_wconf 70' lang='lat' dir='ltr'>tilitas,</span> <span class='ocrx_word' id='word_1_313' title='bbox 165 2869 216 2901; x_wconf 85' lang='lat' dir='ltr'>oon</span> <span class='ocrx_word' id='word_1_314' title='bbox 236 2860 315 2901; x_wconf 78' lang='lat' dir='ltr'>tomen</span> <span class='ocrx_word' id='word_1_315' title='bbox 332 2855 375 2899; x_wconf 74' lang='lat' dir='ltr'>itti</span> <span class='ocrx_word' id='word_1_316' title='bbox 388 2852 504 2898; x_wconf 72' lang='lat' dir='ltr'>ortitroto&#39;</span> <span class='ocrx_word' id='word_1_317' title='bbox 525 2855 583 2895; x_wconf 75' lang='lat' dir='ltr'>ocant</span> <span class='ocrx_word' id='word_1_318' title='bbox 597 2850 660 2897; x_wconf 80' lang='lat' dir='ltr'>Deo,</span> <span class='ocrx_word' id='word_1_319' title='bbox 678 2847 718 2893; x_wconf 78' lang='lat' dir='ltr'>rod</span> <span class='ocrx_word' id='word_1_320' title='bbox 734 2845 785 2891; x_wconf 75' lang='lat' dir='ltr'>dtis</span> <span class='ocrx_word' id='word_1_321' title='bbox 799 2843 852 2889; x_wconf 75' lang='lat' dir='ltr'>sectr</span> 
     </span>
    </p>
   </div>
   <div class='ocr_carea' id='block_1_4' title="bbox 50 2912 713 2982">
    <p class='ocr_par' dir='ltr' id='par_1_9' title="bbox 50 2912 713 2982">
     <span class='ocr_line' id='line_1_39' title="bbox 50 2912 713 2982; baseline -0.023 -12"><span class='ocrx_word' id='word_1_322' title='bbox 50 2925 118 2982; x_wconf 71' lang='grc' dir='ltr'>[ειειε</span> <span class='ocrx_word' id='word_1_323' title='bbox 132 2920 272 2978; x_wconf 63' lang='lat' dir='ltr'>cosmatum</span> <span class='ocrx_word' id='word_1_324' title='bbox 283 2930 306 2965; x_wconf 79' lang='lat' dir='ltr'>ae</span> <span class='ocrx_word' id='word_1_325' title='bbox 322 2914 518 2977; x_wconf 61' lang='lat' dir='ltr'>prostornatur</span> <span class='ocrx_word' id='word_1_326' title='bbox 533 2914 582 2959; x_wconf 76' lang='lat' dir='ltr'>tac</span> <span class='ocrx_word' id='word_1_327' title='bbox 596 2912 713 2973; x_wconf 67' lang='grc' dir='ltr'>Ῑεεεεεει.</span> 
     </span>
    </p>
   </div>
   <div class='ocr_carea' id='block_1_5' title="bbox 0 0 1008 3309">
    <p class='ocr_par' dir='ltr' id='par_1_10' title="bbox 0 0 1008 3309">
     <span class='ocr_line' id='line_1_40' title="bbox 0 0 1008 3309; baseline 0 0"><span class='ocrx_word' id='word_1_328' title='bbox 0 0 1008 3309; x_wconf 95' lang='lat' dir='ltr'> </span> 
     </span>
    </p>
   </div>
  </div>
 </body>
</html>
