1984 3309
118 226 205 263 nurus
219 226 277 270 ouen
293 224 428 263 rnrrrurnru
442 224 475 264 au
487 226 587 265 aorunr.
602 226 699 279 arun,
713 228 764 267 nnc.
800 217 846 265 139

64 304 202 368 Respondeo
221 302 364 366 dicendum,
381 301 443 367 quod
464 302 607 369 impossibile
626 310 663 357 est
682 306 771 369 dicere,
786 307 846 369 quod

36 378 133 427 essentia
147 375 233 427 anime
249 375 282 426 sit
297 374 351 437 ejus
360 375 475 439 potentia,
492 374 603 439 licet-hoc
614 378 706 441 quidam
718 378 845 442 posuerint.

37 450 61 497 lt
71 452 114 499 hoc
128 448 255 513 dupliciter
265 446 397 499 ostenditur
408 452 517 511 quantum
528 450 555 499 ad
567 463 678 515 presens.
691 450 784 515 Primi),
794 450 847 514 quia

37 537 83 569 cunr
95 521 202 586 potentia
219 524 244 571 et
256 523 323 569 actus
337 518 441 569 dividant
453 533 503 582 eus¹
516 524 539 571 et
553 521 671 585 quodlibet
684 536 756 585 genus
770 524 844 587 entis3

37 597 121 654 oportet
134 593 198 657 qnod
210 592 318 641 aelidem
332 605 405 658 genus
416 592 526 643 celeratur
538 593 639 657 potentia
653 598 676 645 et
685 598 748 645 aetus
761 610 767 645 :
781 596 846 659 ideo,

38 666 54 712 si
69 669 132 715 actus
147 678 198 715 non
213 665 292 713 estin
311 661 396 725 genere
414 664 563 729 substantie,
578 665 680 729 potentia
698 680 749 729 que
765 666 848 717 dicitur

39 737 63 784 nd
75 737 137 785 illurn
148 739 240 799 actum,
253 748 303 785 non
313 738 391 799 potest
403 748 454 785 esse
467 736 491 785 in
503 750 584 800 genere
594 738 732 789 sirbstantiae.
741 738 847 802 Operatio

39 812 107 857 autern
120 808 209 858 animae
225 820 275 857 non
292 810 330 856 est
346 805 372 855 in
384 820 466 869 genere
479 808 630 874 substantiae3
645 810 724 861 sedin
740 810 788 860 solo
801 811 847 863 lteo

39 882 134 941 operatio
148 885 188 931 est
202 881 259 945 ejus
270 877 419 930 substantia:
435 881 495 931 unde
509 882 551 932 liei
562 882 673 947 potentia,
684 897 734 947 quae
746 886 781 933 est
794 896 848 947 ope-

41 952 126 1003 rationis
143 950 309 1017 principium,
324 954 361 1002 est
380 950 429 1015 ipsa
443 950 484 1001 liei
504 953 612 1005 essentia.
627 955 691 1015 Quod
710 968 757 1005 non
772 958 848 1019 potest

43 1037 87 1073 esse
95 1038 172 1075 rernm
180 1036 263 1087 neque
273 1022 395 1084 inanima,
408 1024 515 1087 neqneiu
530 1024 607 1089 aliqua
616 1029 733 1087 creatura,
743 1030 770 1077 ut
779 1026 848 1091 suprl

43 1096 103 1145 etiarn
114 1098 140 1148 de
153 1096 244 1160 angelo
258 1095 347 1145 dictum
365 1097 409 1145 est.
429 1098 551 1160 secundo,
565 1099 609 1148 hoc
624 1097 692 1149 etiam
704 1098 845 1163 impossibile

42 1175 126 1230 apparet
138 1171 163 1219 in
178 1166 281 1230 anima,
299 1178 353 1215 nam
370 1166 445 1232 anima
458 1168 582 1219 secundum
599 1182 663 1219 sunm
675 1170 798 1221 essentiam
811 1174 847 1221 est

41 1245 99 1290 artus
113 1243 148 1293 :si
164 1254 224 1304 crgo
234 1239 290 1303 ipsa
304 1238 406 1289 essentia
419 1240 501 1291 anime
517 1245 576 1293 esset
595 1240 751 1293 immediatum
766 1256 846 1307 opera·

42 1312 103 1363 tionis
111 1312 270 1379 principium,
283 1323 377 1373 semper
386 1310 473 1362 habens
486 1313 593 1376 animam,
607 1316 659 1363 actu
670 1313 765 1365 haberet
778 1328 847 1378 opera

42 1384 103 1446 ritae,
115 1386 174 1436 sieut
186 1397 286 1448 semper
299 1383 388 1432 habens
403 1384 500 1433 animaru
511 1390 562 1435 actu
576 1388 612 1435 est
624 1385 712 1435 virum.
725 1386 773 1437 Nou
786 1386 849 1439 eninr

44 1455 179 1518 inquantum
190 1459 229 1507 est
240 1455 326 1516 forma,
337 1457 375 1504 est
385 1457 446 1504 aetus
457 1456 573 1507 ordinatus
586 1458 615 1506 ad
625 1456 753 1507 ulteriorem
762 1460 846 1518 actum,

48 1529 83 1575 sed
98 1532 129 1577 est
141 1529 244 1578 ultimus
262 1524 379 1576 terminus
392 1527 557 1591 generationis;
572 1529 631 1579 unde
645 1529 705 1591 quod
723 1528 753 1578 sit
767 1528 791 1578 in
803 1543 845 1593 po-

47 1599 111 1649 tentie
122 1603 196 1651 adhuc
211 1600 243 1650 ad
260 1598 332 1648 alium
346 1601 436 1660 actum,
446 1600 490 1649 hoc
508 1614 553 1651 non
564 1600 671 1664 competit
685 1599 706 1649 ei
724 1601 847 1651 secuudum

44 1686 100 1721 suan
114 1673 259 1732 essentiam,
276 1669 300 1719 in
317 1672 428 1733 quantum
442 1671 575 1734 ostiorum,
591 1672 630 1723 sed
643 1673 767 1721 secundum
782 1686 847 1723 suern

43 1745 179 1805 potentiam,
192 1748 218 1793 et
234 1733 270 1793 s'ic
283 1741 337 1805 ipsa
349 1740 438 1798 anima,
452 1743 575 1792 secundun
587 1742 646 1805 quod
661 1743 738 1793 subest
749 1758 795 1794 sua
805 1758 848 1807 po-

43 1818 126 1879 tentia,
142 1818 231 1866 dieitur
241 1817 318 1865 actus
330 1814 436 1878 primur
448 1814 564 1865 ordinatus
583 1816 696 1865 adactum
713 1816 845 1866 secuudum.

43 1888 154 1939 lnrenitur
160 1893 241 1938 autem
247 1886 338 1936 habens
346 1886 445 1935 animam
453 1900 500 1936 uon
507 1900 596 1950 semper
603 1899 653 1936 esse
661 1886 685 1936 in
693 1891 745 1937 actu
751 1900 844 1951 operunr

43 1959 88 2010 rite
100 1978 106 2010 :
118 1961 184 2011 unde
194 1960 268 2011 etiam
277 1959 304 2009 in
316 1957 447 2012 definitione
458 1959 540 2009 anime
549 1958 643 2021 dicitur,
657 1958 717 2022 quiid
729 1962 764 2009 est
774 1962 846 2008 octus

41 2035 150 2095 corporis
163 2033 284 2097 potentia
294 2032 378 2079 vitem
392 2028 522 2089 ludentis,
532 2044 584 2093 que
597 2032 674 2081 tamen
687 2029 788 2094 potentia
799 2044 846 2079 non

41 2104 127 2165 ulp'z'cit
144 2106 274 2155 animam.
289 2100 434 2165 Relinquitur
447 2108 499 2163 ergo
515 2104 575 2166 qnod
588 2102 688 2153 essentia
706 2101 787 2152 animae
801 2115 848 2153 non

41 2180 70 2223 cd
85 2176 139 2240 ejus
149 2175 265 2240 potentia.
278 2173 343 2224 Nihil
361 2170 424 2222 enin
437 2174 507 2223 estin
519 2174 621 2237 potentia
638 2174 762 2223 secundum
772 2175 846 2223 acturo

42 2247 190 2309 inquantum
207 2251 245 2297 est
262 2250 337 2295 aetus.

67 2318 224 2382 ltprimum
246 2330 301 2380 ergo
318 2316 453 2376 dicendum,
469 2317 528 2380 quod
549 2318 686 2379 Augustinus
703 2316 802 2379 loquitur
818 2318 846 2367 de

41 2395 112 2439 nreute
124 2391 254 2439 secundum
268 2390 329 2451 quod
343 2386 418 2438 noscit
431 2401 471 2447 se,
484 2391 508 2437 et
520 2391 581 2439 arnul
595 2402 629 2439 se.
647 2388 684 2437 Sic
698 2401 752 2450 ergo
766 2388 847 2438 notitia

41 2466 61 2506 et
76 2474 140 2511 arnor
155 2460 183 2509 in
202 2465 317 2524 quantum,
337 2459 468 2509 referuntur
488 2461 515 2508 ad
529 2460 622 2523 ipsam,
643 2466 669 2509 ut
691 2460 806 2523 cognitam
826 2462 849 2508 et

42 2538 149 2596 eruemur,
167 2531 363 2593 substantialiter,
376 2534 401 2580 et
419 2530 569 2581 essentialiter
581 2535 636 2581 sunt
649 2532 675 2581 in
691 2531 778 2593 anima;
795 2531 848 2593 qnia

44 2603 87 2662 ipsa
100 2603 250 2665 substantia,
260 2604 299 2653 vel
312 2602 414 2654 essentia
427 2602 508 2654 animer
523 2602 665 2665 cognoscitur
676 2606 699 2652 et
711 2605 806 2652 anatur.
820 2602 849 2649 Et

45 2675 144 2727 imiliter
158 2676 336 2739 intelligendum
350 2679 387 2725 est
404 2675 465 2739 quod
479 2674 534 2725 alibi
550 2674 619 2734 dicit,
633 2672 693 2737 quod
707 2678 760 2723 sunt
775 2690 788 2721 α
799 2687 845 2723 una

46 2746 103 2810 rita,
117 2761 165 2797 nna
178 2760 258 2807 mens,
266 2762 311 2796 una
319 2746 429 2798 essentia.
439 2763 453 2793 n
466 2747 506 2796 Vel
517 2784 523 2809 ,
536 2746 595 2795 sicut
606 2745 792 2809 qrridamdicunt
801 2746 849 2792 hec

48 2817 123 2869 leutio
139 2819 273 2869 verificatur
289 2820 416 2871 secunalunr
436 2820 527 2868 modurn
541 2832 585 2881 quo
599 2821 672 2867 toturn
688 2814 850 2879 potestativum

50 2891 176 2942 'redicatur
186 2892 215 2941 de
229 2890 279 2941 suis
289 2891 407 2956 partibus;
421 2891 481 2953 quod
491 2888 590 2940 medium
599 2892 635 2939 est
648 2887 706 2940 inter
716 2890 786 2937 toturn
798 2882 850 2961 urri-

51 2962 146 3027 sensate,
158 2968 183 3012 et
195 2967 271 3014 toturn
283 2964 405 3029 integrale.
416 2962 498 3014 Totum
510 2962 572 3013 eninr
585 2957 712 3011 universale
725 2956 789 3005 adest
800 2966 849 3003 cur·
