1984 3309
226 121 259 158 nn
274 120 412 162 rennerrurrn
424 119 601 160 emrrnnnnnrr
617 121 633 160 Α
648 122 706 160 neo.
823 113 867 164 lla

64 199 153 261 eidem,
165 197 228 261 qued
245 201 281 248 εει
293 197 441 262 impossibile.
456 200 516 262 Ergo
528 212 611 262 cerpus
629 212 675 251 non
695 203 773 263 polest
787 201 868 252 imme-

65 269 127 321 diate
140 268 230 321 moueri
241 269 255 319 d
268 270 369 333 putentia
382 269 478 320 indulta.
494 271 598 322 Potentia
615 275 690 328 autem
701 272 745 322 llei
761 274 796 323 est
815 272 867 322 inll-

66 343 114 392 nita
126 381 133 405 ‚
146 345 172 391 ut
186 340 255 406 snprd
271 341 372 390 habitum
385 345 420 391 εει
430 342 440 406 (
447 356 486 406 qu.
497 346 543 405 ιιι,
559 345 601 392 ιιι.
622 343 662 406 a),
676 341 733 406 Ergo
744 345 804 395 Dens
823 357 869 396 nen

64 416 140 477 petest
156 410 288 464 immediate
300 426 393 464 movere
406 414 497 477 aliquod
510 425 600 478 mrpum
889 407 894 415 ’
912 423 917 436 ·

95 485 141 536 Sed
158 487 239 535 eenlra
256 498 263 533 z
279 495 348 549 epere
365 498 407 535 sex
421 485 509 535 dierum
530 485 590 535 lleas
607 485 661 536 lenit
680 486 827 551 immediate,
842 487 867 537 ia

64 556 148 620 quibus
160 555 291 606 continetur
303 560 377 606 metue
385 567 504 619 mrpernrn
510 593 518 619 ,
533 559 559 604 ut
572 559 636 619 patet
650 571 691 621 per
705 559 749 608 hee
762 560 821 622 qued
831 558 866 608 di·

64 629 124 677 eitnr
138 629 212 684 Gerr„
225 627 253 676 l:
269 628 464 691 «congregentur
475 639 541 690 nque
559 627 584 676 in
602 629 676 680 lueum
690 643 769 679 unum.
779 646 793 676 u
808 631 866 694 Ergo

64 700 124 750 Dens
137 697 269 749 immediate
279 701 355 761 petest
369 711 459 749 merere
471 712 564 764 eorpus.

99 767 363 834 (condensum-cnm
376 781 471 832 eorpora
480 771 616 822 meveantur
625 769 754 821 immediate
766 769 779 822 l
792 769 867 822 erneis

65 841 160 904 creatis,
175 841 233 892 nulli
247 841 315 891 dehet
325 838 404 891 uenire
420 840 552 892 indubium
573 842 629 905 quir
649 843 723 906 Deus,
741 843 780 906 qui
793 845 868 905 petest

63 912 198 963 immediate
219 913 318 964 lernam
339 911 441 964 materie
472 913 618 978 imprimere,
642 913 714 977 peeeil
738 912 868 964 immediate

66 985 216 1047 qnndennque
228 997 314 1047 empne
325 983 444 1047 monere.)

98 1055 236 1118 llespundee
248 1055 384 1116 dicendum,
398 1055 458 1119 qudd
471 1069 591 1108 erroneum
606 1060 641 1106 εει
652 1056 726 1108 dicere
739 1057 812 1106 Deum
822 1069 867 1105 nnn

66 1137 135 1188 pesse
146 1127 222 1177 faeere
233 1127 384 1192 perseipsum
394 1127 645 1178 omnesdelerminales
655 1127 751 1178 effeetus
760 1126 799 1190 qui
810 1127 867 1176 dunt

64 1209 107 1260 per
125 1211 289 1264 quameunque
310 1203 400 1250 mnmm
422 1203 528 1250 meatem.
548 1199 612 1250 erne
632 1197 683 1249 edm
705 1211 798 1262 nupera
820 1209 868 1248 mu·

66 1272 166 1320 reantur
176 1269 308 1320 immediate
321 1270 335 1320 l
346 1271 420 1321 erneis
431 1270 516 1322 crealis
523 1308 531 1334 ,
548 1271 602 1320 nulli
617 1270 683 1320 debet
696 1269 775 1320 venire
786 1268 811 1318 in
827 1269 868 1318 du-

67 1340 143 1402 lium,
156 1341 212 1405 quin
223 1343 285 1391 Deae
294 1341 367 1404 poenit
375 1355 466 1392 merere
477 1341 607 1392 immediate
618 1341 769 1404 quodeunque
776 1352 866 1402 eorpus.

66 1414 93 1463 El
105 1414 153 1464 hee
166 1413 258 1476 quidern
278 1425 422 1476 eonsequeus
437 1416 472 1464 εει
488 1413 516 1462 ad
536 1427 563 1464 ea
584 1425 634 1476 qum
654 1411 722 1476 suprd
738 1411 797 1462 dieta
816 1414 869 1460 sunt

67 1484 124 1549 (εει.
140 1483 185 1548 l).
200 1485 258 1534 llam
270 1484 346 1534 omnir
359 1488 437 1535 motus
449 1483 550 1548 eerpnris
563 1485 718 1547 eujrrsennque
731 1483 767 1532 vel
783 1495 868 1532 cense-

64 1558 142 1621 quitur
155 1557 253 1607 lurmnm
268 1555 386 1620 aliquam,
397 1555 626 1609 sieutmnlnsleealis
635 1555 738 1618 gravium
752 1559 774 1605 ει
783 1554 868 1604 levium

64 1627 213 1692 misequitur
223 1627 320 1678 lor-marn
337 1641 387 1690 qun
399 1627 489 1677 daturi
502 1629 639 1690 generante,
655 1625 740 1676 ratione
752 1625 817 1689 errius
828 1637 867 1688 ge-

66 1714 151 1773 nerans
162 1698 247 1750 dicitnr
261 1711 370 1763 mevens3
385 1698 421 1749 uel
437 1697 521 1749 eserie
536 1700 562 1748 ad
577 1699 673 1750 lermarn
687 1696 798 1761 aliquam,
811 1695 869 1746 sieut

65 1772 186 1822 enlelaelie
199 1776 237 1821 eet
247 1771 285 1820 ria
303 1772 331 1820 ad
342 1770 455 1821 lermam'
449 1771 517 1832 rgnie.
532 1770 638 1834 Ejusdem
652 1771 727 1819 autem
740 1773 775 1820 εει
788 1768 868 1832 impri-

68 1858 127 1894 mere
141 1845 254 1903 lermena,
264 1846 288 1891 et
301 1842 421 1923 disperiere
435 1843 463 1892 ad
480 1842 576 1892 leimam
587 1845 610 1890 el
619 1843 672 1892 dare
688 1845 773 1890 molem
790 1853 869 1890 cense-

67 1920 176 1978 qnenlem
189 1915 302 1964 leimam·
297 1951 303 1962 .
313 1913 375 1975 ignis
384 1913 443 1964 enirn
456 1926 502 1964 nen
513 1912 586 1964 selim
598 1917 692 1976 generat
702 1911 789 1961 alium
783 1925 868 1975 ignem,

66 1987 189 2038 sedetiam
202 1984 308 2035 ealefacit
326 1988 350 2034 et
363 1997 453 2034 sarsum
469 1988 556 2034 merel.
571 1983 627 2033 Cium
642 1983 710 2046 igitur
724 1984 783 2032 Deus
798 1982 870 2045 possit

66 2056 197 2109 immediatd
207 2057 303 2109 termam
311 2056 411 2106 materiae
421 2055 559 2120 imprimere,
570 2067 713 2118 consequeus
721 2057 755 2103 est
763 2057 787 2102 ut
798 2052 869 2116 possit

67 2129 191 2180 seeundirm
211 2141 375 2192 quemeumque
394 2133 480 2178 mounn
494 2140 576 2192 eorpus
593 2127 749 2190 quodcumque
768 2137 868 2174 movere.

95 2201 130 2251 ad
139 2201 241 2265 primurn
254 2213 309 2262 erge
325 2197 444 2249 dieendum
450 2197 531 2261 ,qudd
544 2199 627 2262 duplex
640 2199 771 2258 estruem,
784 2194 870 2245 seilicet

66 2271 224 2336 corpoream
232 2270 347 2320 sientdue
359 2281 490 2333 eerporase
501 2272 609 2333 tangunl3
624 2272 647 2320 et
660 2267 795 2325 virtualis,
810 2265 869 2318 sieut

67 2343 150 2394 dieitur
162 2342 225 2405 qrrdd
236 2343 372 2392 contristans
388 2340 463 2426 tapgit
477 2341 643 2392 contristatum
658 2337 785 2390 Secundim
802 2325 872 2401 igituir

66 2414 164 2474 primum
177 2416 322 2476 contactum,
333 2410 453 2462 lleeaeirm
467 2411 513 2461 eit
508 2424 664 2475 incorporeus,
675 2423 717 2460 nee
729 2409 814 2474 mugil,
827 2422 871 2459 nee

67 2486 179 2548 mugitum
193 2483 319 2536 seeundalm
328 2487 406 2534 aulem
415 2484 535 2533 virtualem
543 2486 671 2534 contactum
678 2517 687 2546 ,
697 2480 767 2546 tangil
778 2481 870 2545 quidem

69 2558 180 2608 merendo
198 2560 326 2617 creaturam
344 2557 442 2605 sednon
462 2555 576 2618 mingitur,
588 2554 643 2617 qnia
659 2553 746 2604 nuliius
762 2557 871 2602 ereatura)

69 2628 140 2678 uirtus
154 2627 268 2678 naturalis
286 2631 362 2690 petest
377 2628 404 2676 ad
426 2627 500 2690 ipsum
515 2625 652 2689 pertingere.
665 2627 694 2675 Ει
711 2625 744 2674 sie
759 2623 871 2675 intellexit

71 2699 189 2765 llienpeins
200 2698 263 2762 qued
276 2714 290 2744 e
303 2711 348 2747 nnn
368 2702 404 2748 εει
421 2701 495 2748 ιεειεε
509 2696 562 2758 nei,
572 2713 586 2742 »
602 2701 627 2745 ut
640 2696 726 2747 seilicet
739 2699 853 2759 tangatur.

100 2772 132 2820 ld
145 2770 277 2821 seeundum
296 2769 433 2831 dicendum,
451 2767 510 2832 qued
532 2771 609 2818 rueret
627 2770 686 2818 Deus
703 2769 764 2818 sieut
783 2766 871 2816 deside·

71 2845 141 2892 rnlnnn
158 2847 183 2895 et
196 2842 354 2905 intellectam
368 2841 409 2892 eed
425 2852 472 2892 nen
488 2843 577 2904 eportet
596 2838 657 2905 qued
675 2853 764 2902 semper
781 2838 871 2888 urerent
