1984 3309
130 182 163 219 nn
176 181 217 218 nus
228 178 284 225 eun
294 179 363 220 rur.
374 176 409 218 un
421 177 515 219 arreum
525 179 593 219 rum
603 179 717 231 neurus,
728 181 781 220 nec.
816 171 860 220 tut

90 261 256 322 (sermnem
268 285 299 296 -
313 259 340 308 ln
352 261 415 309 statu
430 258 566 309 muscentiae
581 272 622 324 per
642 259 730 324 lignum
740 259 795 310 uite
808 273 863 310 cerr-

57 335 154 382 secutus
166 331 250 382 fuisset
258 332 327 382 nome
337 330 531 382 immortalitatem
543 332 571 382 ad
581 331 755 382 determinatum
764 335 862 396 tempus,

57 416 105 456 non
125 407 206 456 autem
218 403 359 468 simpliciter.
373 403 382 466 )

86 477 226 542 Respondes
234 476 366 538 dicendum,
375 473 438 539 quod
444 474 530 537 ugrum
538 475 592 527 rite
602 476 866 539 quodammodeimmer·

56 549 169 600 talitatcm
178 548 302 607 musahat3
311 561 358 598 nun
369 552 446 597 antem
457 546 599 610 simpliciter.
607 549 641 598 nd
649 548 714 612 cujus
725 549 864 600 euidentiam

57 621 249 673 rounderandum
262 622 311 681 est,
322 619 384 682 quod
397 619 444 668 duo
453 619 554 668 remedia
567 620 595 669 ad
605 621 799 670 conservationem
811 621 865 672 vitre

57 691 267 744 habebathomoin
276 689 351 756 primo
361 693 422 740 statu
432 693 511 740 contra
521 704 574 740 suos
584 691 694 741 detectus.
700 691 791 742 Primus
801 693 864 742 eninr

58 764 164 814 deiectus
173 766 211 814 est
220 762 349 826 deperditis
363 762 452 812 humidi
464 776 507 826 per
520 762 631 813 actionem
643 763 725 814 caloris
741 765 864 828 naturalis,

58 835 98 898 qui
110 839 148 886 est
160 834 245 886 animae
258 835 442 884 instrumentum.
455 835 483 884 ut
494 837 571 884 eontra
586 835 647 886 hunc
658 835 773 885 desectum
783 837 866 886 suove-

59 907 165 958 niatsatnr
182 906 274 957 homini
292 920 335 970 per
351 919 416 956 esum
436 905 533 956 aliorum
546 906 660 970 lignorum
673 905 791 971 paradisi,
806 908 865 958 sicut

61 982 88 1027 et
103 993 164 1030 nunc
178 977 318 1031 subuenitur
328 977 394 1029 nohis
410 989 452 1040 per
466 976 530 1027 cibos
544 991 601 1041 quos
614 978 734 1028 sumimus.
746 979 866 1030 Secundus

61 1054 140 1102 arten
147 1051 253 1102 merus
266 1053 319 1112 est,
331 1049 398 1113 qma,
411 1053 438 1103 ut
450 1048 608 1113 Philosophus
616 1050 672 1100 dicit
685 1051 703 1099 1.
717 1059 751 1101 De
763 1067 865 1114 persero·

62 1123 131 1171 triane
143 1124 215 1188 (text.
230 1125 260 1171 st
274 1125 298 1172 et
312 1121 366 1186 tt),
380 1121 437 1171 illud
450 1121 511 1185 quod
523 1125 643 1184 generatur
659 1123 777 1187 exutique
791 1129 867 1175 extra·

60 1206 118 1256 neo,
133 1194 269 1258 adjunctum
289 1193 326 1253 ei,
339 1193 401 1257 quod
415 1192 479 1257 prius
497 1193 669 1255 erat,.trumid0
691 1197 864 1260 praeexistenti,

59 1264 178 1316 imminuit
187 1265 296 1316 virtsutenr
310 1265 410 1315 activam
423 1265 524 1328 speciei;
540 1264 601 1315 sieut
613 1279 671 1329 aque
684 1266 790 1330 adjuncta
800 1267 867 1332 vino,

59 1337 243 1400 primoquidem
253 1336 395 1388 convertitur
403 1337 428 1386 in
437 1349 542 1401 saporem
552 1336 611 1399 uini,
620 1337 661 1386 sed
672 1337 797 1387 secundum
806 1341 866 1403 quod

59 1408 134 1474 magis
148 1413 174 1459 et
185 1408 263 1459 minus
272 1408 377 1471 additur,
392 1408 499 1458 diminuit
511 1409 560 1458 uini
572 1409 729 1459 fortitudinem
741 1415 764 1460 et
774 1413 867 1461 tandem

59 1481 140 1532 uinum
150 1481 179 1531 tit
191 1493 312 1546 aquosum.
323 1481 364 1530 Sic
371 1480 441 1544 igitur
452 1480 558 1532 uidemus
568 1480 628 1545 quod
639 1482 663 1530 in
673 1481 786 1547 principio
796 1483 868 1532 uirtus

59 1554 135 1604 roura
148 1552 236 1618 speciei
251 1555 288 1602 est
299 1552 357 1602 adeo
370 1552 453 1612 fomis,
471 1553 533 1615 quud
544 1555 621 1616 potest
639 1557 770 1604 convertere
784 1556 812 1604 de
826 1555 866 1604 ali·

59 1629 137 1676 mente
156 1638 206 1676 non
219 1624 293 1676 solum
310 1624 372 1687 quod
388 1623 477 1674 sufficit·
493 1625 522 1674 ad
540 1624 724 1676 restaurationem
738 1626 865 1692 deperditi,

59 1697 184 1748 sedetiam
197 1697 261 1760 qnod
268 1695 354 1746 sufficit
364 1696 394 1746 ad
404 1701 564 1759 augmentum
576 1699 719 1761 postmodum
732 1698 795 1762 uero,
806 1700 867 1762 quod

59 1773 214 1836 regeneratur
224 1781 271 1819 nen
289 1767 375 1818 sufficit
390 1769 419 1818 ad
432 1774 589 1833 augmentum,
604 1771 643 1820 sed
654 1771 727 1821 solum
739 1771 767 1821 ad
780 1775 868 1822 restau-

59 1843 172 1894 rationem
184 1840 313 1905 deperditi;
326 1841 419 1890 taudem
438 1840 492 1891 ver'o
511 1842 537 1891 in
550 1845 610 1892 statu
624 1842 764 1906 senectutis,
782 1855 823 1892 uec
839 1844 867 1893 ad

60 1914 101 1964 hoc
113 1913 203 1965 sufficit
210 1950 219 1976 ,
228 1913 290 1963 unde
304 1911 405 1976 sequitur
414 1912 594 1977 decrementum
607 1917 629 1964 et
641 1914 738 1964 finaliter
749 1914 867 1964 dissolutio

61 1987 171 2051 corporis.
187 1987 216 2035 Et
235 1989 314 2035 curntm
327 1986 389 2034 hunc
407 1985 521 2036 deiectum
540 1986 715 2037 subveniebatur
724 1987 812 2037 homini
827 2000 868 2049 per

60 2058 148 2121 lignum
155 2057 219 2108 ritae.
228 2055 397 2107 Habebatenim
404 2056 512 2114 uirtutem
520 2055 656 2108 icrtidcandi
665 2057 774 2107 uirtutem
782 2057 867 2122 speciei

61 2136 140 2182 contra
147 2129 292 2180 debilitatem
302 2128 478 2192 provenientem
489 2142 517 2179 ex
530 2129 668 2180 admixtione
680 2128 791 2180 extranei.
803 2129 867 2180 Unde

62 2203 203 2266 Augustinus
213 2200 270 2251 dicit
279 2201 337 2263 xri,
349 2201 387 2250 De
398 2201 475 2252 ciete
495 2202 544 2250 Der'
558 2201 620 2265 (cap.
633 2199 695 2266 26),
707 2200 768 2266 quod
780 2201 868 2252 ucihus

64 2350 194 2406 rps'rs'tntic
215 2347 258 2393 sed
278 2348 401 2393 uuimdic
422 2359 527 2406 corpora
549 2352 649 2393 terrene
671 2353 794 2408 pertentes.
810 2351 868 2406 Ques

65 2412 118 2458 ticet
132 2414 469 2460 inremuneratum,
483 2416 512 2456 ut
523 2413 661 2456 necessitate
671 2413 870 2469 perducerentur

64 2476 93 2519 ad
104 2482 207 2522 mortens
219 2473 232 2535 (
237 2475 282 2532 qus·
290 2477 367 2519 stetur
380 2475 414 2519 etr
425 2473 455 2518 de
465 2474 535 2531 tique
545 2475 602 2520 otto
614 2473 678 2531 quud
688 2477 719 2521 tn
729 2477 808 2520 meets'o
822 2477 870 2521 Pa-

65 2539 143 2584 ruds'rr‘
159 2542 229 2586 erut,
243 2536 356 2581 miredtts'
373 2538 456 2594 pratea
472 2535 667 2598 prestabatur),
680 2543 760 2586 tamen
773 2544 795 2584 et
807 2539 870 2589 attor

65 2602 188 2647 sumant
202 2599 278 2649 cibor,
292 2603 336 2644 etc.
350 2602 381 2645 Ut
393 2604 417 2644 et
429 2612 483 2644 mor
498 2615 504 2644 a
523 2597 658 2646 Atsdurrtur
674 2613 731 2659 erqo
742 2603 802 2647 attis
818 2613 870 2659 pure

67 2665 203 2714 sumebant,
212 2676 245 2707 nc
254 2662 377 2706 arimatia
390 2674 493 2720 corpore
504 2662 617 2708 molestie
631 2663 728 2722 aliquid
739 2664 870 2710 esuriendo

22 2774 23 2785 ἵ
68 2727 206 2774 uerits'ersdo
215 2727 346 2771 sentirent.
361 2726 396 2769 De
407 2725 475 2783 tique
489 2726 633 2770 autemuttoe
647 2733 775 2785 propterea
788 2731 871 2784 pustu-

23 2792 25 2873 p
70 2785 135 2839 taut,
155 2803 187 2834 ue
205 2789 325 2834 meracis
345 2788 508 2845 undecunque
525 2787 679 2846 surreperet,
697 2791 735 2835 uet
751 2792 871 2835 reuectute

24 2886 25 2899 r
71 2853 168 2910 rmfeert
187 2853 301 2898 &curris
321 2854 457 2908 temporum
474 2851 563 2909 spartes
586 2852 734 2905 interireutr
756 2857 871 2909 uuquam

24 2912 25 2919 ’
71 2918 151 2959 ecum
163 2913 628 2963 mestettmeuu,ctrudracranuuto.

26 3074 47 3247 1
717 3009 759 3058 te·
