1984 3309
124 69 169 117 888
258 77 334 115 numa
349 76 476 123 secundm,
493 72 585 119 88888.
603 72 659 122 m,
677 72 734 109 m.
752 74 780 109 n.

124 156 154 209 sit
169 153 293 207 seeunddm
306 152 407 218 objecta,
424 150 527 213 seqnitur
540 148 667 199 benitatem
680 152 707 199 et
720 149 834 200 malitiam
847 162 931 201 88888-

125 228 179 279 dium
194 225 283 290 objecta
297 222 383 275 attendi
393 220 502 285 debere.)
855 245 860 260 ι

156 298 291 362 despondeo
306 296 436 355 dicendum,
451 292 511 357 qudd
525 292 616 342 benum
629 296 654 342 et
668 292 772 343 malum
783 297 839 344 aunt
849 306 892 357 per
904 308 930 343 se

124 370 258 423 dillerentiae
278 370 341 419 aelus
357 366 488 417 veluntatis.
505 366 564 415 Nam
581 364 672 415 bonum
689 369 716 415 et
732 365 835 415 malum
847 379 890 429 per
905 380 930 415 ae

126 444 152 493 ad
166 436 439 503 volunlatem‘peitinent,
452 438 510 488 sieut
523 451 610 488 amum
621 439 645 486 88
656 436 758 499 salsum
770 437 929 498 alfatium,

126 514 191 578 cujus
205 515 268 562 aetus
285 524 326 575 per
339 522 364 561 88
379 509 525 574 distinguitur
538 508 665 559 differentia
679 508 732 559 veri
745 512 772 558 et
784 509 853 572 falsi,
865 513 930 572 pient

126 585 220 634 dicimus
230 582 363 646 opinionem
376 594 427 633 esse
438 594 515 631 veram
526 581 563 631 uel
574 580 666 630 falsam.
677 581 743 631 Unde
754 581 865 631 voluntas
873 582 930 631 8888

125 658 149 707 88
160 656 218 705 mala
234 656 286 707 sunt
299 658 365 707 actua
382 654 514 705 8888888888
529 652 654 704 seeundum
667 652 782 716 speciem.
798 654 930 705 ltilferentia

126 730 200 777 888888
216 726 300 791 speciei
318 728 343 777 in
355 726 440 777 actibus
453 728 487 777 est
501 723 627 775 seeundum
640 725 744 789 objecta,
757 729 785 775 88
797 725 931 776 dictumest

126 796 182 863 (qu.
199 801 242 858 88,
258 802 300 849 arl.
316 797 354 863 8).
369 799 398 848 El
419 798 469 848 ideo
484 796 576 847 bonum
587 799 611 846 ei
627 796 727 845 malam
743 796 769 847 in
781 795 876 848 amium
893 811 931 847 ve

126 868 222 920 luntatis
236 870 327 935 proprie
341 870 463 920 attenditur
474 866 598 919 seeundum
613 867 712 931 obieeta.

160 941 193 992 td
207 941 305 1005 primum
320 955 373 1005 eigo
387 942 519 1003 dicendum,
533 938 594 1003 qndd
610 939 716 989 uoluntas
730 952 778 991 non
793 954 887 1005 semper
898 946 930 991 est
967 911 969 978 Ι

129 1013 176 1065 veni
189 1014 259 1073 linniq
271 1014 310 1064 sed
330 1015 463 1077 quandoque
476 1015 512 1062 eat
525 1011 656 1076 apparentis
676 1010 747 1075 beni,
764 1013 828 1075 qued
842 1012 929 1075 quidem
967 981 969 1052 i

128 1085 196 1135 hahet
209 1085 319 1135 rationem
335 1085 434 1149 aliquam
452 1085 520 1149 boni,
537 1097 582 1134 nnn
600 1087 678 1134 tamen
693 1084 832 1149 simpliciter
851 1099 929 1135 88888
967 1083 969 1136 l

129 1156 213 1207 aientis
225 1158 253 1207 ad
270 1158 440 1222 appetendum:
453 1160 476 1208 et
493 1159 586 1220 prepter
601 1157 644 1205 hoe
662 1160 729 1206 aetus
746 1156 875 1228 8888888888
888 1171 928 1206 888
967 1165 969 1222 ;

129 1230 162 1280 888
175 1228 249 1279 bonus
262 1238 360 1294 semper,
376 1230 415 1281 sed
427 1228 546 1293 aliquando
560 1226 640 1276 malus.
967 1233 969 1256 ⁵

161 1301 328 1353 desecandum
341 1301 473 1363 dicendum,
488 1298 549 1363 qndd
564 1296 669 1363 quamvis
684 1296 769 1359 aliquis
782 1303 850 1349 aetus
863 1299 929 1363 possit
967 1271 969 1342 i

131 1384 181 1423 esee
201 1372 293 1423 ultimus
313 1370 363 1422 fillis
379 1371 476 1422 hominis
494 1369 619 1422 seeundum
637 1369 740 1432 aliquem
759 1372 868 1435 mndnm3
887 1386 927 1421 nnn

130 1446 207 1493 lamen
219 1442 269 1493 talis
285 1446 348 1493 actus
360 1446 396 1493 est
409 1446 472 1493 aelus
484 1438 619 1503 voluntatis,
630 1444 657 1489 nl
671 1438 741 1505 supra
751 1440 785 1505 (l)
796 1442 881 1492 dietum
889 1449 928 1492 est.

163 1514 303 1564 intertium
323 1514 457 1577 dicendum,
476 1513 537 1578 qudd
556 1513 642 1563 hunum
660 1526 700 1576 per
718 1513 834 1563 tationem
852 1527 929 1578 iepra-

129 1588 233 1640 mutatur
243 1586 352 1637 uoluntati
363 1586 523 1650 uinulentum,
537 1588 561 1636 et
572 1583 716 1648 inquantum
726 1585 790 1635 eadit
802 1586 844 1635 suli
855 1586 928 1637 ordine

131 1658 234 1721 rationis,
252 1658 350 1722 pertinet
364 1659 391 1709 ad
405 1672 478 1723 genus
490 1658 575 1721 muris,
586 1661 610 1708 et
623 1660 702 1707 causat
712 1658 841 1709 bonitatem
861 1672 927 1710 mera-
967 1701 969 1706 .

131 1729 175 1779 lem
190 1729 214 1779 in
225 1734 277 1780 actu
290 1731 427 1793 uoluntatis5
437 1730 494 1781 ratio
508 1729 570 1780 euim
583 1728 720 1794 principium
734 1734 772 1782 est
784 1733 928 1784 humandum
967 1731 969 1770 Ι

132 1803 156 1851 88
168 1798 286 1851 muralium
297 1805 403 1865 aetnnm,
417 1805 442 1853 nt
455 1800 620 1867 supradictum
636 1804 679 1852 est.

425 1944 585 1997 telleneus
602 1946 632 1995 ll.

195 2061 281 2109 Uirium
290 2060 382 2107 8888888
391 2063 524 2107 voluntatis
533 2062 663 2119 dependeat
672 2074 702 2107 88
713 2064 764 2109 eolo
779 2064 876 2120 objecto.

166 2186 198 2236 td
210 2185 334 2236 seeundum
347 2181 380 2233 sic
389 2182 527 2246 proceditur.
538 2183 632 2234 Videtur
642 2183 702 2248 qudd
711 2184 804 2236 8888888
814 2184 925 2236 voluntatis
967 2185 969 2234 l

134 2270 179 2307 non
195 2256 322 2320 dependeat
335 2255 406 2305 solum
420 2266 449 2304 ex
464 2255 562 2318 objecto.
579 2255 645 2306 Finis
658 2254 720 2306 enim
738 2256 832 2308 affinior
846 2261 881 2307 888
891 2269 925 2306 ie
967 2277 969 2308 ε

133 2326 223 2389 inutili,
242 2326 309 2390 qulm
323 2324 387 2377 alteri
405 2324 523 2389 petentia.
539 2327 659 2378 Seductus
671 2326 767 2377 aliarum
783 2328 924 2393 potentiarum
967 2353 969 2378 l

134 2396 247 2461 recipiunt
260 2397 386 2449 bonitatem
400 2410 446 2447 non
460 2398 534 2449 sulum
545 2411 574 2448 en
585 2398 690 2464 objectu,
702 2400 743 2449 sed
757 2400 827 2450 eliam
840 2413 868 2450 ex
877 2400 923 2458 line,

135 2470 160 2519 ut
171 2481 199 2518 ex
211 2466 279 2532 snpra
295 2468 363 2519 dietis
378 2472 441 2533 patet
456 2471 515 2533 (qu.
530 2474 570 2533 88,
585 2475 628 2519 art.
645 2472 686 2532 8).
706 2471 768 2534 Ergo
788 2473 857 2522 etiam
869 2474 922 2519 aetus

135 2539 258 2591 voluntatis
269 2540 350 2605 recipit
362 2539 501 2605 bonitatem,
512 2553 557 2592 non
568 2542 643 2593 aulum
658 2555 687 2593 ex
697 2543 803 2607 objecto,
815 2544 853 2594 sed
864 2540 921 2592 etiam

135 2625 163 2663 ex
177 2612 229 2663 888.
967 2625 969 2662 l

169 2732 199 2796 (l)
216 2738 298 2789 uuest.
310 2734 333 2794 1,
344 2743 387 2781 ert.
400 2737 427 2797 l,
440 2741 469 2785 ad
481 2740 505 2800 2,
517 2741 648 2787 ubidicitur
658 2738 920 2801 impeaae‘ba‘lemtffl
967 2705 969 2810 1

134 2798 265 2854 8888888888
278 2798 425 2847 deplantata
435 2802 534 2851 elicitae
548 2806 581 2851 eil
593 2806 697 2852 ultimam
709 2807 778 2865 188888.
967 2817 969 2884 l
