1984 3309
122 117 171 168 tlt
287 123 363 165 rama
376 121 503 175 mnas,
518 119 611 168 cuasa.
625 121 655 174 x,
668 120 724 160 aar.
741 121 759 158 r.

122 203 192 255 lsuo
204 202 302 268 olim
315 206 343 250 it⁰
357 201 436 252 Utrum
450 200 479 250 dc
492 199 629 251 necessitate
647 201 770 250 moveatur
784 197 814 246 ab
827 195 925 262 appetitu

124 273 234 326 interiori.
250 271 368 324 t⁰Utri1nr
386 271 414 322 ale
429 268 567 322 necessitate
583 273 701 320 mercatu
714 269 746 320 ab
759 267 871 322 exteriori
883 281 928 318 nro-

124 345 181 411 tiro‚
192 345 253 410 quod
266 347 301 397 cst
313 343 384 397 uene.

428 459 593 510 tunicatus*
601 457 621 508 l.

197 575 283 622 Utrum
291 576 403 623 nauatae
412 574 444 620 ud
453 575 549 632 aliquia
562 573 714 621 naturalitas·-
728 577 870 620 meatur.

159 693 193 743 ld
207 691 305 756 primum
325 691 359 741 sic
377 689 506 756 proceditur
517 690 560 756 (1).
575 689 668 740 Videtur
684 689 745 755 quod
766 691 879 742 voluutas
894 702 931 739 non

128 766 246 815 moueatur
257 763 285 813 ad
296 761 380 826 aliquid
392 761 532 812 naturaliter.
548 762 624 824 agens
634 759 697 812 cuim
711 762 822 814 naturale
833 760 932 812 dividitur

129 837 209 886 centra
222 847 291 898 agens
307 832 498 890 voluntarium,
512 835 538 881 ut
548 835 612 897 patet
623 834 647 882 ln
663 831 779 897 principio
791 833 824 884 11.
843 834 931 897 Ptrpss'c.

129 907 185 973 (rel
199 904 329 970 expressius
342 907 401 954 text.
415 905 444 952 ta
452 905 472 965 ).
484 904 536 954 Non
547 914 601 966 crgo
614 903 719 955 rcluntu
730 903 761 954 ad
771 903 865 968 aliquid
877 907 931 954 natu·

131 978 211 1028 raliter
222 978 335 1026 moretur.

163 1055 188 1099 2.
200 1049 320 1109 Praeterea
330 1045 352 1097 id
370 1047 431 1111 quod
440 1048 476 1096 est
490 1045 607 1110 annuale,
616 1045 678 1098 inest
686 1045 756 1096 alicui
769 1059 877 1114 senrper,
887 1046 933 1097 sient

132 1120 181 1184 igni
196 1131 246 1169 esse
264 1117 371 1168 calidum.
391 1118 435 1168 Sed
452 1117 528 1168 nulus
543 1119 617 1168 motus
632 1116 693 1168 inest
705 1117 827 1168 voluntati
845 1129 933 1181 semper.

133 1192 191 1255 Ergo
205 1189 282 1240 nullus
294 1192 330 1240 est
339 1187 452 1240 naturalis
463 1187 585 1239 nolunnii.

167 1265 191 1312 a.
208 1261 337 1325 Praeterca‚
353 1262 434 1310 natura
447 1262 483 1310 est
493 1259 641 1312 determinata
655 1260 682 1309 ad
692 1273 765 1309 unum
780 1260 826 1326 (Ξ).
840 1260 886 1312 Sed
900 1271 933 1308 ro-

138 1334 214 1384 iuntau
233 1347 257 1384 se
270 1333 340 1383 habet
357 1332 386 1382 ad
399 1330 513 1396 opposita.
527 1330 586 1396 Ergo
600 1331 705 1382 uoluntas
727 1330 788 1382 nihil
806 1333 930 1382 naturaliter

136 1407 195 1458 vult.

167 1477 214 1528 sed
223 1480 302 1528 contra
312 1480 360 1539 est,
374 1475 434 1540 quod
447 1479 522 1526 motus
534 1473 658 1525 uoluntatis
670 1475 774 1539 sequitur
791 1481 869 1528 actum
879 1474 932 1525 intel

136 1549 219 1600 lectos.
240 1549 285 1600 Sed
306 1547 433 1598 intellectus
453 1547 530 1611 aliqua
548 1546 656 1612 inteiligit
675 1547 822 1600 naturaliter.
843 1549 897 1612 llrgo
913 1549 930 1593 at

137 1620 243 1670 uoluntas
254 1620 329 1683 aliqua
342 1620 392 1669 uult
403 1619 545 1669 naturaliter.

169 1691 327 1756 (consensio.
336 1689 454 1740 -Fertur
468 1691 519 1754 ipsa
532 1689 632 1740 hominis
651 1690 761 1741 voluutas
775 1691 905 1749 naturaliter
914 1688 932 1736 iu

138 1763 223 1883 {olorum
239 1774 263 1814 et
278 1761 382 1812 ultimum
399 1761 482 1826 finem,
495 1765 518 1814 ot
532 1762 557 1813 in
575 1775 602 1814 ea
620 1777 670 1827 que
692 1763 839 1814 conueniunt
860 1765 933 1814 natura

156 1833 263 1897 ominis.)

170 1904 534 1970 Respondeodicendum,a1uod
556 1907 614 1957 sicut
627 1905 720 1956 Boetius
737 1905 797 1957 dicit
813 1909 839 1958 iu
852 1907 890 1961 lit.
906 1905 936 1954 un

141 1977 240 2028 duobus
254 1979 370 2036 naturis,
381 1981 404 2028 et
417 1976 569 2043 Philosophus
579 1979 603 2028 in
621 1978 649 2028 V.
661 1981 805 2043 aretaptps.
823 1981 892 2041 (text.
904 1979 937 2040 5),

141 2052 222 2098 natura
232 2046 314 2098 dicitur
323 2046 486 2111 multipliciter.
496 2049 634 2112 Quandoque
642 2047 703 2098 cuim
713 2047 797 2098 dicitur
806 2047 936 2113 principium

141 2118 301 2181 intrinsecum,
312 2118 337 2168 iu
346 2118 415 2168 rebus
424 2118 559 2183 mobilibus3
572 2121 595 2168 et
608 2117 657 2168 tulis
667 2122 748 2168 natura
758 2123 796 2169 est
807 2120 847 2170 rel
855 2118 937 2169 nrateuu

143 2191 178 2239 uel
195 2190 267 2241 iorrna
280 2188 414 2253 materialis,
429 2193 455 2239 ut
466 2193 531 2254 patet
550 2191 574 2240 iu
585 2189 615 2239 11.
633 2189 731 2253 Physic.
752 2189 831 2254 (text
845 2189 883 2254 t).
897 2189 938 2238 alio

175 2314 209 2378 (1)
223 2320 256 2364 lic
271 2320 308 2365 his
318 2319 388 2366 etiarn
408 2318 419 2364 1
435 2326 507 2378 part,
522 2327 604 2377 quest.
622 2318 651 2365 tl
663 2352 669 2379 ‚
682 2324 726 2365 arta
746 2319 771 2378 2,
790 2321 815 2365 iu
834 2333 907 2378 corp.;
922 2325 938 2363 rt

143 2379 226 2486 «3.ἒί
235 2413 241 2440 ,
251 2381 280 2427 de
289 2383 367 2442 uerit,
380 2387 423 2428 art.
432 2382 479 2429 iat
492 2388 535 2429 art.
546 2383 576 2437 9;
591 2388 615 2429 ct
628 2396 668 2441 apr.
683 2382 724 2444 16,
736 2382 766 2428 dc
777 2385 853 2445 malo,
865 2389 906 2430 art.
917 2382 937 2440 l,

178 2509 210 2573 (Ξ)
231 2515 296 2561 luter
312 2516 426 2562 axiomata
439 2516 506 2562 aede
519 2517 554 2561 llt.
574 2518 603 2562 N.
623 2519 663 2562 ulti
676 2530 706 2562 cx
723 2518 767 2563 lib.
782 2519 816 2563 IX
832 2518 939 2575 Uolupta

144 2576 200 2621 illud
217 2575 289 2621 relert
304 2593 310 2622 ε
325 2578 362 2623 Sic
375 2584 452 2624 autem
468 2583 560 2624 tautum
575 2579 607 2624 tui
630 2585 686 2626 teat.
703 2579 734 2638 3,
751 2581 815 2637 quud
836 2581 940 2640 potantia

144 2661 225 2692 cmm
235 2660 291 2708 qaeu
305 2653 363 2694 suat
377 2663 433 2694 cua»
444 2652 557 2699 ratione,
568 2655 626 2698 auct
644 2651 730 2697 eudem
747 2653 939 2699 contrariorum

144 2721 198 2765 qaeu
215 2723 272 2755 uero
285 2715 375 2754 careat
383 2714 496 2762 ratim,
507 2715 611 2758 aierunt
630 2714 797 2760 determinatae
807 2719 835 2760 att
848 2716 881 2760 aa't
895 2725 937 2758 unu

144 2780 238 2831 matun
248 2785 272 2824 ea
285 2779 390 2834 exemplo
401 2783 486 2828 caloris
499 2783 644 2842 inprobatur
655 2787 717 2843 quod
733 2785 886 2846 calalacicpali
896 2792 939 2830 tau·

147 2841 263 2884 tummodo
278 2847 402 2900 causaest,
415 2849 461 2890 etc.
