<?xml version="1.0" encoding="UTF-8"?>
<!DOCTYPE html PUBLIC "-//W3C//DTD XHTML 1.0 Transitional//EN"
    "http://www.w3.org/TR/xhtml1/DTD/xhtml1-transitional.dtd">
<html xmlns="http://www.w3.org/1999/xhtml" xml:lang="en" lang="en">
 <head>
  <title>
</title>
<meta http-equiv="Content-Type" content="text/html;charset=utf-8" />
  <meta name='ocr-system' content='tesseract 3.04.00' />
  <meta name='ocr-capabilities' content='ocr_page ocr_carea ocr_par ocr_line ocrx_word'/>
</head>
<body>
  <div class='ocr_page' id='page_1' title='image "./summatheologica00nicogoog_0058.png"; bbox 0 0 1984 3309; ppageno 0'>
   <div class='ocr_carea' id='block_1_1' title="bbox 329 179 883 225">
    <p class='ocr_par' dir='ltr' id='par_1_1' title="bbox 329 179 883 225">
     <span class='ocr_line' id='line_1_1' title="bbox 329 179 883 225; baseline 0 0"><span class='ocrx_word' id='word_1_1' title='bbox 329 186 362 225; x_wconf 85' lang='lat' dir='ltr'>ns</span> <span class='ocrx_word' id='word_1_2' title='bbox 379 184 454 223; x_wconf 81' lang='lat' dir='ltr'>orsum</span> <span class='ocrx_word' id='word_1_3' title='bbox 471 186 563 224; x_wconf 74' lang='lat' dir='ltr'>murra</span> <span class='ocrx_word' id='word_1_4' title='bbox 580 188 629 225; x_wconf 82' lang='lat' dir='ltr'>nar.</span> <span class='ocrx_word' id='word_1_5' title='bbox 853 179 883 225; x_wconf 79' lang='lat' dir='ltr'>la</span> 
     </span>
    </p>
   </div>
   <div class='ocr_carea' id='block_1_2' title="bbox 73 260 888 2973">
    <p class='ocr_par' dir='ltr' id='par_1_2' title="bbox 73 260 888 2973">
     <span class='ocr_line' id='line_1_2' title="bbox 78 260 885 329; baseline 0.004 -17"><span class='ocrx_word' id='word_1_6' title='bbox 78 260 163 326; x_wconf 82' lang='lat' dir='ltr'>forms,</span> <span class='ocrx_word' id='word_1_7' title='bbox 172 274 239 327; x_wconf 82' lang='lat' dir='ltr'>quam</span> <span class='ocrx_word' id='word_1_8' title='bbox 254 262 316 313; x_wconf 87' lang='lat' dir='ltr'>dieit</span> <span class='ocrx_word' id='word_1_9' title='bbox 330 261 406 327; x_wconf 88' lang='lat' dir='ltr'>primd</span> <span class='ocrx_word' id='word_1_10' title='bbox 417 262 538 325; x_wconf 84' lang='lat' dir='ltr'>significari</span> <span class='ocrx_word' id='word_1_11' title='bbox 551 264 643 314; x_wconf 89' lang='lat' dir='ltr'>nomine</span> <span class='ocrx_word' id='word_1_12' title='bbox 652 263 736 315; x_wconf 81' lang='lat' dir='ltr'>omliet</span> <span class='ocrx_word' id='word_1_13' title='bbox 745 268 825 329; x_wconf 77' lang='lat' dir='ltr'>terrae3</span> <span class='ocrx_word' id='word_1_14' title='bbox 839 278 885 315; x_wconf 92' lang='lat' dir='ltr'>uon</span> 
     </span>
     <span class='ocr_line' id='line_1_3' title="bbox 78 334 885 400; baseline 0.002 -16"><span class='ocrx_word' id='word_1_15' title='bbox 78 334 129 397; x_wconf 77' lang='lat' dir='ltr'>quia</span> <span class='ocrx_word' id='word_1_16' title='bbox 146 336 194 385; x_wconf 81' lang='lat' dir='ltr'>tas</span> <span class='ocrx_word' id='word_1_17' title='bbox 213 335 351 385; x_wconf 74' lang='lat' dir='ltr'><strong>informitas</strong></span> <span class='ocrx_word' id='word_1_18' title='bbox 375 334 535 391; x_wconf 87' lang='lat' dir='ltr'>formationem</span> <span class='ocrx_word' id='word_1_19' title='bbox 553 334 694 399; x_wconf 69' lang='lat' dir='ltr'>praoemerit</span> <span class='ocrx_word' id='word_1_20' title='bbox 711 339 826 400; x_wconf 88' lang='lat' dir='ltr'>tempore,</span> <span class='ocrx_word' id='word_1_21' title='bbox 844 337 885 387; x_wconf 87' lang='lat' dir='ltr'>sed</span> 
     </span>
     <span class='ocr_line' id='line_1_4' title="bbox 78 403 886 469; baseline 0.002 -15"><span class='ocrx_word' id='word_1_22' title='bbox 78 406 161 467; x_wconf 88' lang='lat' dir='ltr'>origine</span> <span class='ocrx_word' id='word_1_23' title='bbox 173 406 273 456; x_wconf 88' lang='lat' dir='ltr'>tantirm.</span> <span class='ocrx_word' id='word_1_24' title='bbox 291 407 374 469; x_wconf 86' lang='lat' dir='ltr'>Neque</span> <span class='ocrx_word' id='word_1_25' title='bbox 385 418 432 455; x_wconf 90' lang='lat' dir='ltr'>una</span> <span class='ocrx_word' id='word_1_26' title='bbox 445 404 551 456; x_wconf 87' lang='lat' dir='ltr'>formatio</span> <span class='ocrx_word' id='word_1_27' title='bbox 565 403 689 457; x_wconf 80' lang='lat' dir='ltr'>seeundum</span> <span class='ocrx_word' id='word_1_28' title='bbox 701 420 754 457; x_wconf 90' lang='lat' dir='ltr'>eum</span> <span class='ocrx_word' id='word_1_29' title='bbox 767 406 886 469; x_wconf 77' lang='lat' dir='ltr'>prasessit</span> 
     </span>
     <span class='ocr_line' id='line_1_5' title="bbox 80 475 885 541; baseline 0.004 -16"><span class='ocrx_word' id='word_1_30' title='bbox 80 475 143 525; x_wconf 87' lang='lat' dir='ltr'>alirn</span> <span class='ocrx_word' id='word_1_31' title='bbox 160 478 296 541; x_wconf 86' lang='lat' dir='ltr'>duratione,</span> <span class='ocrx_word' id='word_1_32' title='bbox 311 478 353 527; x_wconf 86' lang='lat' dir='ltr'>sed</span> <span class='ocrx_word' id='word_1_33' title='bbox 368 475 442 527; x_wconf 79' lang='lat' dir='ltr'>solium</span> <span class='ocrx_word' id='word_1_34' title='bbox 462 481 548 527; x_wconf 77' lang='lat' dir='ltr'>natura</span> <span class='ocrx_word' id='word_1_35' title='bbox 562 477 651 527; x_wconf 80' lang='lat' dir='ltr'>ordine.</span> <span class='ocrx_word' id='word_1_36' title='bbox 674 477 802 527; x_wconf 87' lang='lat' dir='ltr'>Seeundirm</span> <span class='ocrx_word' id='word_1_37' title='bbox 817 491 885 541; x_wconf 87' lang='lat' dir='ltr'>quem</span> 
     </span>
     <span class='ocr_line' id='line_1_6' title="bbox 80 546 886 612; baseline 0.005 -17"><span class='ocrx_word' id='word_1_38' title='bbox 80 547 184 612; x_wconf 77' lang='lat' dir='ltr'><strong>ordinem,</strong></span> <span class='ocrx_word' id='word_1_39' title='bbox 201 562 298 599; x_wconf 81' lang='lat' dir='ltr'>reoesse</span> <span class='ocrx_word' id='word_1_40' title='bbox 320 548 366 597; x_wconf 89' lang='lat' dir='ltr'>fnit</span> <span class='ocrx_word' id='word_1_41' title='bbox 382 552 409 597; x_wconf 92' lang='lat' dir='ltr'>nt</span> <span class='ocrx_word' id='word_1_42' title='bbox 421 546 495 612; x_wconf 83' lang='lat' dir='ltr'>primo</span> <span class='ocrx_word' id='word_1_43' title='bbox 510 552 634 612; x_wconf 79' lang='lat' dir='ltr'>poneretur</span> <span class='ocrx_word' id='word_1_44' title='bbox 650 548 755 599; x_wconf 88' lang='lat' dir='ltr'>formatio</span> <span class='ocrx_word' id='word_1_45' title='bbox 773 561 886 611; x_wconf 75' lang='lat' dir='ltr'>supreme</span> 
     </span>
     <span class='ocr_line' id='line_1_7' title="bbox 77 619 886 684; baseline 0.002 -17"><span class='ocrx_word' id='word_1_46' title='bbox 77 622 170 683; x_wconf 84' lang='lat' dir='ltr'>naturae,</span> <span class='ocrx_word' id='word_1_47' title='bbox 182 620 274 670; x_wconf 80' lang='lat' dir='ltr'>scilieet</span> <span class='ocrx_word' id='word_1_48' title='bbox 287 619 423 684; x_wconf 81' lang='lat' dir='ltr'>spiritualis,</span> <span class='ocrx_word' id='word_1_49' title='bbox 436 633 476 683; x_wconf 90' lang='lat' dir='ltr'>per</span> <span class='ocrx_word' id='word_1_50' title='bbox 487 620 532 670; x_wconf 87' lang='lat' dir='ltr'>hoe</span> <span class='ocrx_word' id='word_1_51' title='bbox 540 622 603 682; x_wconf 89' lang='lat' dir='ltr'>quod</span> <span class='ocrx_word' id='word_1_52' title='bbox 617 620 700 683; x_wconf 84' lang='lat' dir='ltr'>legitur</span> <span class='ocrx_word' id='word_1_53' title='bbox 712 619 785 683; x_wconf 88' lang='lat' dir='ltr'>prima</span> <span class='ocrx_word' id='word_1_54' title='bbox 796 620 833 669; x_wconf 91' lang='lat' dir='ltr'>die</span> <span class='ocrx_word' id='word_1_55' title='bbox 845 620 886 669; x_wconf 83' lang='lat' dir='ltr'>lux</span> 
     </span>
     <span class='ocr_line' id='line_1_8' title="bbox 77 688 886 755; baseline 0.005 -18"><span class='ocrx_word' id='word_1_56' title='bbox 77 688 142 739; x_wconf 74' lang='lat' dir='ltr'>from.</span> <span class='ocrx_word' id='word_1_57' title='bbox 160 692 226 741; x_wconf 86' lang='lat' dir='ltr'>Sicut</span> <span class='ocrx_word' id='word_1_58' title='bbox 239 695 319 740; x_wconf 85' lang='lat' dir='ltr'>autem</span> <span class='ocrx_word' id='word_1_59' title='bbox 336 690 462 754; x_wconf 89' lang='lat' dir='ltr'>spiritualis</span> <span class='ocrx_word' id='word_1_60' title='bbox 476 694 557 740; x_wconf 84' lang='lat' dir='ltr'>natura</span> <span class='ocrx_word' id='word_1_61' title='bbox 570 692 703 754; x_wconf 77' lang='lat' dir='ltr'>praeeminet</span> <span class='ocrx_word' id='word_1_62' title='bbox 719 690 841 755; x_wconf 85' lang='lat' dir='ltr'>corporali,</span> <span class='ocrx_word' id='word_1_63' title='bbox 852 690 886 741; x_wconf 87' lang='lat' dir='ltr'>ita</span> 
     </span>
     <span class='ocr_line' id='line_1_9' title="bbox 76 760 886 826; baseline 0.005 -17"><span class='ocrx_word' id='word_1_64' title='bbox 76 762 191 824; x_wconf 88' lang='lat' dir='ltr'>superiora</span> <span class='ocrx_word' id='word_1_65' title='bbox 205 774 303 826; x_wconf 85' lang='lat' dir='ltr'>corpora</span> <span class='ocrx_word' id='word_1_66' title='bbox 312 761 467 825; x_wconf 84' lang='lat' dir='ltr'>praeeminent</span> <span class='ocrx_word' id='word_1_67' title='bbox 479 760 636 812; x_wconf 86' lang='lat' dir='ltr'>inferioribus.</span> <span class='ocrx_word' id='word_1_68' title='bbox 649 763 713 813; x_wconf 84' lang='lat' dir='ltr'>Unde</span> <span class='ocrx_word' id='word_1_69' title='bbox 723 762 824 812; x_wconf 85' lang='lat' dir='ltr'>secundo</span> <span class='ocrx_word' id='word_1_70' title='bbox 837 763 886 813; x_wconf 82' lang='lat' dir='ltr'>foto</span> 
     </span>
     <span class='ocr_line' id='line_1_10' title="bbox 74 832 887 897; baseline 0.002 -16"><span class='ocrx_word' id='word_1_71' title='bbox 74 834 175 895; x_wconf 76' lang='lat' dir='ltr'>tangitur</span> <span class='ocrx_word' id='word_1_72' title='bbox 193 833 304 883; x_wconf 88' lang='lat' dir='ltr'>formatio</span> <span class='ocrx_word' id='word_1_73' title='bbox 315 832 460 897; x_wconf 83' lang='lat' dir='ltr'>superiorum</span> <span class='ocrx_word' id='word_1_74' title='bbox 477 847 613 897; x_wconf 85' lang='lat' dir='ltr'>corporum,</span> <span class='ocrx_word' id='word_1_75' title='bbox 628 832 680 883; x_wconf 84' lang='lat' dir='ltr'>sirm</span> <span class='ocrx_word' id='word_1_76' title='bbox 693 834 776 883; x_wconf 88' lang='lat' dir='ltr'>dieitur</span> <span class='ocrx_word' id='word_1_77' title='bbox 793 850 827 881; x_wconf 80' lang='lat' dir='ltr'>:a</span> <span class='ocrx_word' id='word_1_78' title='bbox 836 834 887 883; x_wconf 74' lang='lat' dir='ltr'>fiat</span> 
     </span>
     <span class='ocr_line' id='line_1_11' title="bbox 75 902 887 969; baseline -0.001 -14"><span class='ocrx_word' id='word_1_79' title='bbox 75 903 255 965; x_wconf 81' lang='lat' dir='ltr'>firmamentum,</span> <span class='ocrx_word' id='word_1_80' title='bbox 265 920 279 951; x_wconf 78' lang='lat' dir='ltr'>o</span> <span class='ocrx_word' id='word_1_81' title='bbox 291 918 333 967; x_wconf 90' lang='lat' dir='ltr'>per</span> <span class='ocrx_word' id='word_1_82' title='bbox 342 904 405 967; x_wconf 90' lang='lat' dir='ltr'>quod</span> <span class='ocrx_word' id='word_1_83' title='bbox 417 902 552 967; x_wconf 81' lang='lat' dir='ltr'>intelligitur</span> <span class='ocrx_word' id='word_1_84' title='bbox 565 905 684 969; x_wconf 85' lang='lat' dir='ltr'>impressio</span> <span class='ocrx_word' id='word_1_85' title='bbox 697 905 775 955; x_wconf 80' lang='lat' dir='ltr'>forme</span> <span class='ocrx_word' id='word_1_86' title='bbox 789 906 887 955; x_wconf 72' lang='lat' dir='ltr'>caelestis</span> 
     </span>
     <span class='ocr_line' id='line_1_12' title="bbox 77 974 887 1041; baseline 0.002 -18"><span class='ocrx_word' id='word_1_87' title='bbox 77 974 232 1027; x_wconf 78' lang='lat' dir='ltr'>inniteriam</span> <span class='ocrx_word' id='word_1_88' title='bbox 247 975 370 1026; x_wconf 83' lang='lat' dir='ltr'>informem</span> <span class='ocrx_word' id='word_1_89' title='bbox 383 988 431 1025; x_wconf 90' lang='lat' dir='ltr'>non</span> <span class='ocrx_word' id='word_1_90' title='bbox 441 974 505 1039; x_wconf 87' lang='lat' dir='ltr'>prius</span> <span class='ocrx_word' id='word_1_91' title='bbox 516 979 617 1041; x_wconf 85' lang='lat' dir='ltr'>tempore</span> <span class='ocrx_word' id='word_1_92' title='bbox 628 976 778 1039; x_wconf 80' lang='lat' dir='ltr'>existentem,</span> <span class='ocrx_word' id='word_1_93' title='bbox 791 977 834 1026; x_wconf 89' lang='lat' dir='ltr'>sed</span> <span class='ocrx_word' id='word_1_94' title='bbox 843 975 887 1025; x_wconf 89' lang='lat' dir='ltr'>ori-</span> 
     </span>
     <span class='ocr_line' id='line_1_13' title="bbox 78 1045 887 1111; baseline 0 -14"><span class='ocrx_word' id='word_1_95' title='bbox 78 1046 126 1108; x_wconf 87' lang='lat' dir='ltr'>gine</span> <span class='ocrx_word' id='word_1_96' title='bbox 136 1047 238 1097; x_wconf 75' lang='lat' dir='ltr'>tannim.</span> <span class='ocrx_word' id='word_1_97' title='bbox 252 1048 329 1097; x_wconf 88' lang='lat' dir='ltr'>Tertio</span> <span class='ocrx_word' id='word_1_98' title='bbox 338 1045 395 1097; x_wconf 82' lang='lat' dir='ltr'>vert</span> <span class='ocrx_word' id='word_1_99' title='bbox 407 1047 456 1097; x_wconf 84' lang='lat' dir='ltr'>loeo</span> <span class='ocrx_word' id='word_1_100' title='bbox 470 1047 695 1111; x_wconf 82' lang='lat' dir='ltr'>poniturimpressio</span> <span class='ocrx_word' id='word_1_101' title='bbox 708 1050 831 1098; x_wconf 88' lang='lat' dir='ltr'>formarum</span> <span class='ocrx_word' id='word_1_102' title='bbox 841 1049 887 1098; x_wconf 89' lang='lat' dir='ltr'>ele·</span> 
     </span>
     <span class='ocr_line' id='line_1_14' title="bbox 76 1118 886 1183; baseline 0.001 -15"><span class='ocrx_word' id='word_1_103' title='bbox 76 1121 214 1169; x_wconf 74' lang='lat' dir='ltr'>monterium</span> <span class='ocrx_word' id='word_1_104' title='bbox 235 1120 261 1169; x_wconf 93' lang='lat' dir='ltr'>in</span> <span class='ocrx_word' id='word_1_105' title='bbox 279 1118 400 1169; x_wconf 75' lang='lat' dir='ltr'>materiam</span> <span class='ocrx_word' id='word_1_106' title='bbox 414 1118 550 1183; x_wconf 83' lang='lat' dir='ltr'>informem,</span> <span class='ocrx_word' id='word_1_107' title='bbox 562 1133 608 1169; x_wconf 91' lang='lat' dir='ltr'>nou</span> <span class='ocrx_word' id='word_1_108' title='bbox 619 1122 733 1183; x_wconf 87' lang='lat' dir='ltr'>tempore,</span> <span class='ocrx_word' id='word_1_109' title='bbox 744 1120 786 1170; x_wconf 89' lang='lat' dir='ltr'>sed</span> <span class='ocrx_word' id='word_1_110' title='bbox 798 1119 886 1181; x_wconf 85' lang='lat' dir='ltr'>origine</span> 
     </span>
     <span class='ocr_line' id='line_1_15' title="bbox 75 1193 888 1257; baseline -0.002 -14"><span class='ocrx_word' id='word_1_111' title='bbox 75 1194 256 1255; x_wconf 71' lang='lat' dir='ltr'>prendendum.</span> <span class='ocrx_word' id='word_1_112' title='bbox 280 1193 345 1243; x_wconf 87' lang='lat' dir='ltr'>Unde</span> <span class='ocrx_word' id='word_1_113' title='bbox 358 1206 402 1255; x_wconf 87' lang='lat' dir='ltr'>per</span> <span class='ocrx_word' id='word_1_114' title='bbox 422 1193 466 1242; x_wconf 85' lang='lat' dir='ltr'>hoo</span> <span class='ocrx_word' id='word_1_115' title='bbox 483 1194 544 1257; x_wconf 84' lang='lat' dir='ltr'>quod</span> <span class='ocrx_word' id='word_1_116' title='bbox 564 1193 667 1243; x_wconf 81' lang='lat' dir='ltr'>dicitnr:</span> <span class='ocrx_word' id='word_1_117' title='bbox 689 1193 888 1256; x_wconf 81' lang='lat' dir='ltr'>«congregentur</span> 
     </span>
     <span class='ocr_line' id='line_1_16' title="bbox 75 1263 888 1329; baseline 0.005 -18"><span class='ocrx_word' id='word_1_118' title='bbox 75 1276 139 1327; x_wconf 78' lang='lat' dir='ltr'>aquia</span> <span class='ocrx_word' id='word_1_119' title='bbox 154 1268 179 1315; x_wconf 88' lang='lat' dir='ltr'>et</span> <span class='ocrx_word' id='word_1_120' title='bbox 199 1268 314 1329; x_wconf 85' lang='lat' dir='ltr'>appareat</span> <span class='ocrx_word' id='word_1_121' title='bbox 326 1264 404 1325; x_wconf 80' lang='lat' dir='ltr'>arida,</span> <span class='ocrx_word' id='word_1_122' title='bbox 415 1280 430 1312; x_wconf 80' lang='lat' dir='ltr'>u</span> <span class='ocrx_word' id='word_1_123' title='bbox 443 1264 576 1327; x_wconf 82' lang='lat' dir='ltr'>intelligitur</span> <span class='ocrx_word' id='word_1_124' title='bbox 588 1263 648 1327; x_wconf 85' lang='lat' dir='ltr'>qudd</span> <span class='ocrx_word' id='word_1_125' title='bbox 659 1264 762 1315; x_wconf 81' lang='lat' dir='ltr'>materia</span> <span class='ocrx_word' id='word_1_126' title='bbox 777 1264 888 1327; x_wconf 73' lang='lat' dir='ltr'>mpurali</span> 
     </span>
     <span class='ocr_line' id='line_1_17' title="bbox 74 1335 887 1400; baseline 0.001 -17"><span class='ocrx_word' id='word_1_127' title='bbox 74 1335 185 1399; x_wconf 80' lang='lat' dir='ltr'>impressa</span> <span class='ocrx_word' id='word_1_128' title='bbox 195 1341 232 1387; x_wconf 87' lang='lat' dir='ltr'>est</span> <span class='ocrx_word' id='word_1_129' title='bbox 244 1336 320 1386; x_wconf 87' lang='lat' dir='ltr'>forma</span> <span class='ocrx_word' id='word_1_130' title='bbox 332 1336 487 1387; x_wconf 88' lang='lat' dir='ltr'>substantialis</span> <span class='ocrx_word' id='word_1_131' title='bbox 496 1349 561 1399; x_wconf 80' lang='lat' dir='ltr'>aqua</span> <span class='ocrx_word' id='word_1_132' title='bbox 570 1373 579 1398; x_wconf 87' lang='lat'>‚</span> <span class='ocrx_word' id='word_1_133' title='bbox 588 1349 630 1398; x_wconf 92' lang='lat' dir='ltr'>per</span> <span class='ocrx_word' id='word_1_134' title='bbox 640 1348 709 1398; x_wconf 80' lang='lat' dir='ltr'>quam</span> <span class='ocrx_word' id='word_1_135' title='bbox 720 1335 828 1400; x_wconf 73' lang='lat' dir='ltr'>competit</span> <span class='ocrx_word' id='word_1_136' title='bbox 842 1335 887 1385; x_wconf 86' lang='lat' dir='ltr'>siti</span> 
     </span>
     <span class='ocr_line' id='line_1_18' title="bbox 75 1406 888 1471; baseline -0.002 -14"><span class='ocrx_word' id='word_1_137' title='bbox 75 1406 124 1457; x_wconf 86' lang='lat' dir='ltr'>talis</span> <span class='ocrx_word' id='word_1_138' title='bbox 142 1412 238 1471; x_wconf 89' lang='lat' dir='ltr'>motus,</span> <span class='ocrx_word' id='word_1_139' title='bbox 254 1411 278 1457; x_wconf 92' lang='lat' dir='ltr'>et</span> <span class='ocrx_word' id='word_1_140' title='bbox 291 1406 367 1457; x_wconf 83' lang='lat' dir='ltr'>forna</span> <span class='ocrx_word' id='word_1_141' title='bbox 381 1406 538 1457; x_wconf 84' lang='lat' dir='ltr'>substantialis</span> <span class='ocrx_word' id='word_1_142' title='bbox 552 1413 633 1469; x_wconf 80' lang='lat' dir='ltr'>terra,</span> <span class='ocrx_word' id='word_1_143' title='bbox 642 1419 684 1469; x_wconf 88' lang='lat' dir='ltr'>per</span> <span class='ocrx_word' id='word_1_144' title='bbox 697 1418 765 1469; x_wconf 86' lang='lat' dir='ltr'>quam</span> <span class='ocrx_word' id='word_1_145' title='bbox 776 1406 888 1470; x_wconf 80' lang='lat' dir='ltr'>competit</span> 
     </span>
     <span class='ocr_line' id='line_1_19' title="bbox 76 1476 884 1541; baseline -0.001 -14"><span class='ocrx_word' id='word_1_146' title='bbox 76 1476 118 1527; x_wconf 82' lang='lat' dir='ltr'>siti</span> <span class='ocrx_word' id='word_1_147' title='bbox 130 1478 164 1529; x_wconf 87' lang='lat' dir='ltr'>sie</span> <span class='ocrx_word' id='word_1_148' title='bbox 176 1477 263 1529; x_wconf 82' lang='lat' dir='ltr'>uideri.</span> <span class='ocrx_word' id='word_1_149' title='bbox 278 1479 323 1528; x_wconf 88' lang='lat' dir='ltr'>Sed</span> <span class='ocrx_word' id='word_1_150' title='bbox 337 1476 463 1527; x_wconf 81' lang='lat' dir='ltr'>seeundim</span> <span class='ocrx_word' id='word_1_151' title='bbox 476 1478 532 1528; x_wconf 87' lang='lat' dir='ltr'>alios</span> <span class='ocrx_word' id='word_1_152' title='bbox 546 1483 637 1528; x_wconf 84' lang='lat' dir='ltr'>sanetus</span> <span class='ocrx_word' id='word_1_153' title='bbox 650 1479 708 1540; x_wconf 88' lang='lat' dir='ltr'>(qu.</span> <span class='ocrx_word' id='word_1_154' title='bbox 724 1482 767 1540; x_wconf 80' lang='lat' dir='ltr'>tit,</span> <span class='ocrx_word' id='word_1_155' title='bbox 781 1482 824 1527; x_wconf 84' lang='lat' dir='ltr'>art.</span> <span class='ocrx_word' id='word_1_156' title='bbox 837 1480 849 1525; x_wconf 89' lang='lat' dir='ltr'>t</span> <span class='ocrx_word' id='word_1_157' title='bbox 860 1477 884 1541; x_wconf 73' lang='lat' dir='ltr'>t,</span> 
     </span>
     <span class='ocr_line' id='line_1_20' title="bbox 76 1548 886 1615; baseline 0.002 -18"><span class='ocrx_word' id='word_1_158' title='bbox 76 1548 100 1599; x_wconf 90' lang='lat' dir='ltr'>in</span> <span class='ocrx_word' id='word_1_159' title='bbox 111 1550 146 1600; x_wconf 83' lang='lat' dir='ltr'>tis</span> <span class='ocrx_word' id='word_1_160' title='bbox 162 1552 276 1615; x_wconf 85' lang='lat' dir='ltr'>operibus</span> <span class='ocrx_word' id='word_1_161' title='bbox 287 1550 357 1601; x_wconf 89' lang='lat' dir='ltr'>etiam</span> <span class='ocrx_word' id='word_1_162' title='bbox 371 1550 426 1600; x_wconf 90' lang='lat' dir='ltr'>ordo</span> <span class='ocrx_word' id='word_1_163' title='bbox 439 1549 564 1601; x_wconf 83' lang='lat' dir='ltr'>durationis</span> <span class='ocrx_word' id='word_1_164' title='bbox 573 1550 705 1602; x_wconf 84' lang='lat' dir='ltr'>attenditur.</span> <span class='ocrx_word' id='word_1_165' title='bbox 719 1551 810 1600; x_wconf 84' lang='lat' dir='ltr'>Ponant</span> <span class='ocrx_word' id='word_1_166' title='bbox 822 1550 886 1599; x_wconf 89' lang='lat' dir='ltr'>enim</span> 
     </span>
     <span class='ocr_line' id='line_1_21' title="bbox 75 1619 886 1685; baseline -0.001 -14"><span class='ocrx_word' id='word_1_167' title='bbox 75 1619 132 1683; x_wconf 79' lang='lat' dir='ltr'>qnid</span> <span class='ocrx_word' id='word_1_168' title='bbox 148 1622 284 1673; x_wconf 78' lang='lat' dir='ltr'>informitas</span> <span class='ocrx_word' id='word_1_169' title='bbox 302 1621 406 1671; x_wconf 77' lang='lat' dir='ltr'>materia</span> <span class='ocrx_word' id='word_1_170' title='bbox 420 1621 522 1685; x_wconf 85' lang='lat' dir='ltr'>tempore</span> <span class='ocrx_word' id='word_1_171' title='bbox 541 1621 658 1685; x_wconf 76' lang='lat' dir='ltr'>praecessit</span> <span class='ocrx_word' id='word_1_172' title='bbox 674 1620 846 1679; x_wconf 87' lang='lat' dir='ltr'>formationem,</span> <span class='ocrx_word' id='word_1_173' title='bbox 861 1626 886 1672; x_wconf 88' lang='lat' dir='ltr'>et</span> 
     </span>
     <span class='ocr_line' id='line_1_22' title="bbox 74 1691 885 1757; baseline 0 -16"><span class='ocrx_word' id='word_1_174' title='bbox 74 1705 118 1741; x_wconf 82' lang='lat' dir='ltr'>una</span> <span class='ocrx_word' id='word_1_175' title='bbox 128 1692 240 1743; x_wconf 88' lang='lat' dir='ltr'>formatio</span> <span class='ocrx_word' id='word_1_176' title='bbox 254 1694 338 1757; x_wconf 80' lang='lat' dir='ltr'>sliam3</span> <span class='ocrx_word' id='word_1_177' title='bbox 349 1692 391 1743; x_wconf 89' lang='lat' dir='ltr'>sed</span> <span class='ocrx_word' id='word_1_178' title='bbox 401 1691 529 1743; x_wconf 80' lang='lat' dir='ltr'>informitas</span> <span class='ocrx_word' id='word_1_179' title='bbox 541 1692 642 1743; x_wconf 81' lang='lat' dir='ltr'>materia</span> <span class='ocrx_word' id='word_1_180' title='bbox 655 1691 779 1743; x_wconf 84' lang='lat' dir='ltr'>secundum</span> <span class='ocrx_word' id='word_1_181' title='bbox 790 1705 831 1743; x_wconf 88' lang='lat' dir='ltr'>sos</span> <span class='ocrx_word' id='word_1_182' title='bbox 839 1705 885 1743; x_wconf 88' lang='lat' dir='ltr'>non</span> 
     </span>
     <span class='ocr_line' id='line_1_23' title="bbox 74 1762 886 1827; baseline 0.001 -16"><span class='ocrx_word' id='word_1_183' title='bbox 74 1762 209 1827; x_wconf 85' lang='lat' dir='ltr'>intelligitur</span> <span class='ocrx_word' id='word_1_184' title='bbox 219 1764 324 1815; x_wconf 67' lang='lat' dir='ltr'>mentia</span> <span class='ocrx_word' id='word_1_185' title='bbox 334 1764 410 1814; x_wconf 89' lang='lat' dir='ltr'>omnis</span> <span class='ocrx_word' id='word_1_186' title='bbox 419 1763 510 1826; x_wconf 79' lang='lat' dir='ltr'>forma,</span> <span class='ocrx_word' id='word_1_187' title='bbox 520 1762 631 1827; x_wconf 81' lang='lat' dir='ltr'>quiajam</span> <span class='ocrx_word' id='word_1_188' title='bbox 642 1767 690 1813; x_wconf 90' lang='lat' dir='ltr'>erat</span> <span class='ocrx_word' id='word_1_189' title='bbox 701 1763 783 1813; x_wconf 86' lang='lat' dir='ltr'>ooefum</span> <span class='ocrx_word' id='word_1_190' title='bbox 792 1767 816 1813; x_wconf 91' lang='lat' dir='ltr'>et</span> <span class='ocrx_word' id='word_1_191' title='bbox 827 1776 886 1826; x_wconf 82' lang='lat' dir='ltr'>aqua</span> 
     </span>
     <span class='ocr_line' id='line_1_24' title="bbox 74 1832 886 1900; baseline -0.001 -16"><span class='ocrx_word' id='word_1_192' title='bbox 74 1838 97 1883; x_wconf 85' lang='lat' dir='ltr'>et</span> <span class='ocrx_word' id='word_1_193' title='bbox 108 1839 182 1897; x_wconf 84' lang='lat' dir='ltr'>terra,</span> <span class='ocrx_word' id='word_1_194' title='bbox 198 1850 254 1900; x_wconf 80' lang='lat' dir='ltr'>quae</span> <span class='ocrx_word' id='word_1_195' title='bbox 268 1836 313 1885; x_wconf 90' lang='lat' dir='ltr'>tria</span> <span class='ocrx_word' id='word_1_196' title='bbox 331 1834 478 1884; x_wconf 90' lang='lat' dir='ltr'>nominantur</span> <span class='ocrx_word' id='word_1_197' title='bbox 491 1838 598 1897; x_wconf 83' lang='lat' dir='ltr'>tanquam</span> <span class='ocrx_word' id='word_1_198' title='bbox 615 1832 734 1884; x_wconf 71' lang='lat' dir='ltr'>manifesti</span> <span class='ocrx_word' id='word_1_199' title='bbox 748 1848 818 1884; x_wconf 91' lang='lat' dir='ltr'>sensu</span> <span class='ocrx_word' id='word_1_200' title='bbox 832 1846 886 1897; x_wconf 90' lang='lat' dir='ltr'>per·</span> 
     </span>
     <span class='ocr_line' id='line_1_25' title="bbox 74 1904 886 1970; baseline -0.002 -15"><span class='ocrx_word' id='word_1_201' title='bbox 74 1907 203 1970; x_wconf 77' lang='lat' dir='ltr'>teptihiiia3</span> <span class='ocrx_word' id='word_1_202' title='bbox 222 1908 265 1957; x_wconf 88' lang='lat' dir='ltr'>sed</span> <span class='ocrx_word' id='word_1_203' title='bbox 278 1905 414 1967; x_wconf 88' lang='lat' dir='ltr'>intelligitur</span> <span class='ocrx_word' id='word_1_204' title='bbox 432 1906 581 1969; x_wconf 68' lang='lat' dir='ltr'>informitas</span> <span class='ocrx_word' id='word_1_205' title='bbox 596 1907 713 1954; x_wconf 81' lang='lat' dir='ltr'>muterioe</span> <span class='ocrx_word' id='word_1_206' title='bbox 729 1904 830 1955; x_wconf 83' lang='lat' dir='ltr'>carentia</span> <span class='ocrx_word' id='word_1_207' title='bbox 843 1905 886 1954; x_wconf 83' lang='lat' dir='ltr'>de·</span> 
     </span>
     <span class='ocr_line' id='line_1_26' title="bbox 73 1976 887 2040; baseline 0.005 -15"><span class='ocrx_word' id='word_1_208' title='bbox 73 1976 125 2028; x_wconf 82' lang='lat' dir='ltr'>bitae</span> <span class='ocrx_word' id='word_1_209' title='bbox 141 1978 301 2029; x_wconf 84' lang='lat' dir='ltr'>distinotionis</span> <span class='ocrx_word' id='word_1_210' title='bbox 317 1981 342 2027; x_wconf 91' lang='lat' dir='ltr'>et</span> <span class='ocrx_word' id='word_1_211' title='bbox 353 1980 516 2028; x_wconf 78' lang='lat' dir='ltr'>consummato</span> <span class='ocrx_word' id='word_1_212' title='bbox 528 1976 842 2040; x_wconf 83' lang='lat' dir='ltr'>eujusdnmpulolrritudinis.</span> <span class='ocrx_word' id='word_1_213' title='bbox 857 1978 887 2029; x_wconf 78' lang='lat' dir='ltr'>Et</span> 
     </span>
     <span class='ocr_line' id='line_1_27' title="bbox 76 2048 883 2111; baseline -0.002 -12"><span class='ocrx_word' id='word_1_214' title='bbox 76 2049 201 2101; x_wconf 74' lang='lat' dir='ltr'>meandum</span> <span class='ocrx_word' id='word_1_215' title='bbox 215 2051 266 2100; x_wconf 78' lang='lat' dir='ltr'>hmo</span> <span class='ocrx_word' id='word_1_216' title='bbox 278 2048 324 2099; x_wconf 89' lang='lat' dir='ltr'>tria</span> <span class='ocrx_word' id='word_1_217' title='bbox 334 2048 428 2098; x_wconf 88' lang='lat' dir='ltr'>nomina</span> <span class='ocrx_word' id='word_1_218' title='bbox 438 2048 516 2111; x_wconf 88' lang='lat' dir='ltr'>posuit</span> <span class='ocrx_word' id='word_1_219' title='bbox 527 2049 645 2111; x_wconf 82' lang='lat' dir='ltr'>Scriptura</span> <span class='ocrx_word' id='word_1_220' title='bbox 657 2052 704 2098; x_wconf 84' lang='lat' dir='ltr'>tres</span> <span class='ocrx_word' id='word_1_221' title='bbox 716 2048 883 2097; x_wconf 81' lang='lat' dir='ltr'>informitates:</span> 
     </span>
     <span class='ocr_line' id='line_1_28' title="bbox 76 2118 886 2183; baseline 0 -14"><span class='ocrx_word' id='word_1_222' title='bbox 76 2120 102 2169; x_wconf 88' lang='lat' dir='ltr'>ad</span> <span class='ocrx_word' id='word_1_223' title='bbox 116 2122 200 2171; x_wconf 79' lang='lat' dir='ltr'>omium</span> <span class='ocrx_word' id='word_1_224' title='bbox 215 2121 295 2183; x_wconf 89' lang='lat' dir='ltr'>enim,</span> <span class='ocrx_word' id='word_1_225' title='bbox 310 2120 374 2183; x_wconf 87' lang='lat' dir='ltr'>quod</span> <span class='ocrx_word' id='word_1_226' title='bbox 391 2122 426 2168; x_wconf 90' lang='lat' dir='ltr'>est</span> <span class='ocrx_word' id='word_1_227' title='bbox 439 2119 558 2183; x_wconf 81' lang='lat' dir='ltr'>superins,</span> <span class='ocrx_word' id='word_1_228' title='bbox 571 2120 673 2182; x_wconf 87' lang='lat' dir='ltr'>pertinet</span> <span class='ocrx_word' id='word_1_229' title='bbox 683 2118 812 2169; x_wconf 88' lang='lat' dir='ltr'>informitas</span> <span class='ocrx_word' id='word_1_230' title='bbox 823 2122 886 2169; x_wconf 89' lang='lat' dir='ltr'>tene-</span> 
     </span>
     <span class='ocr_line' id='line_1_29' title="bbox 76 2188 884 2255; baseline 0.002 -16"><span class='ocrx_word' id='word_1_231' title='bbox 76 2188 182 2253; x_wconf 79' lang='lat' dir='ltr'>brarum,</span> <span class='ocrx_word' id='word_1_232' title='bbox 198 2191 255 2255; x_wconf 87' lang='lat' dir='ltr'>quia</span> <span class='ocrx_word' id='word_1_233' title='bbox 269 2204 339 2241; x_wconf 84' lang='lat' dir='ltr'>exeo</span> <span class='ocrx_word' id='word_1_234' title='bbox 355 2192 392 2239; x_wconf 88' lang='lat' dir='ltr'>est</span> <span class='ocrx_word' id='word_1_235' title='bbox 405 2189 467 2251; x_wconf 85' lang='lat' dir='ltr'>origo</span> <span class='ocrx_word' id='word_1_236' title='bbox 485 2190 586 2240; x_wconf 90' lang='lat' dir='ltr'>luminis.</span> <span class='ocrx_word' id='word_1_237' title='bbox 601 2190 731 2239; x_wconf 86' lang='lat' dir='ltr'>Informitas</span> <span class='ocrx_word' id='word_1_238' title='bbox 748 2188 802 2240; x_wconf 81' lang='lat' dir='ltr'>uero</span> <span class='ocrx_word' id='word_1_239' title='bbox 820 2203 884 2253; x_wconf 83' lang='lat' dir='ltr'>aqnae</span> 
     </span>
     <span class='ocr_line' id='line_1_30' title="bbox 77 2261 885 2325; baseline -0.002 -12"><span class='ocrx_word' id='word_1_240' title='bbox 77 2274 125 2325; x_wconf 74' lang='lat' dir='ltr'>qna</span> <span class='ocrx_word' id='word_1_241' title='bbox 139 2268 175 2313; x_wconf 86' lang='lat' dir='ltr'>est</span> <span class='ocrx_word' id='word_1_242' title='bbox 189 2262 282 2325; x_wconf 86' lang='lat' dir='ltr'>media,</span> <span class='ocrx_word' id='word_1_243' title='bbox 302 2261 442 2325; x_wconf 82' lang='lat' dir='ltr'>significatur</span> <span class='ocrx_word' id='word_1_244' title='bbox 455 2262 548 2313; x_wconf 86' lang='lat' dir='ltr'>nomine</span> <span class='ocrx_word' id='word_1_245' title='bbox 559 2261 662 2325; x_wconf 70' lang='lat' dir='ltr'>abyssi,</span> <span class='ocrx_word' id='word_1_246' title='bbox 675 2262 729 2325; x_wconf 85' lang='lat' dir='ltr'>quia</span> <span class='ocrx_word' id='word_1_247' title='bbox 743 2262 786 2311; x_wconf 86' lang='lat' dir='ltr'>hoe</span> <span class='ocrx_word' id='word_1_248' title='bbox 801 2274 885 2311; x_wconf 88' lang='lat' dir='ltr'>nomeu</span> 
     </span>
     <span class='ocr_line' id='line_1_31' title="bbox 78 2332 886 2397; baseline 0.004 -17"><span class='ocrx_word' id='word_1_249' title='bbox 78 2333 189 2395; x_wconf 80' lang='lat' dir='ltr'>siguificat</span> <span class='ocrx_word' id='word_1_250' title='bbox 214 2336 339 2397; x_wconf 77' lang='lat' dir='ltr'>qnamdam</span> <span class='ocrx_word' id='word_1_251' title='bbox 361 2332 539 2383; x_wconf 86' lang='lat' dir='ltr'>immensitatem</span> <span class='ocrx_word' id='word_1_252' title='bbox 558 2333 709 2384; x_wconf 85' lang='lat' dir='ltr'>inordinatam</span> <span class='ocrx_word' id='word_1_253' title='bbox 724 2346 846 2397; x_wconf 79' lang='lat' dir='ltr'>aquarum,</span> <span class='ocrx_word' id='word_1_254' title='bbox 860 2338 886 2383; x_wconf 91' lang='lat' dir='ltr'>ut</span> 
     </span>
     <span class='ocr_line' id='line_1_32' title="bbox 78 2404 885 2470; baseline 0.001 -15"><span class='ocrx_word' id='word_1_255' title='bbox 78 2406 217 2468; x_wconf 72' lang='lat' dir='ltr'>Augustinus</span> <span class='ocrx_word' id='word_1_256' title='bbox 234 2404 304 2469; x_wconf 84' lang='lat' dir='ltr'>dicit,</span> <span class='ocrx_word' id='word_1_257' title='bbox 320 2405 418 2455; x_wconf 79' lang='lat' dir='ltr'>Contra</span> <span class='ocrx_word' id='word_1_258' title='bbox 432 2407 517 2454; x_wconf 82' lang='lat' dir='ltr'>Fnurt.</span> <span class='ocrx_word' id='word_1_259' title='bbox 529 2406 579 2470; x_wconf 83' lang='lat' dir='ltr'>(lit.</span> <span class='ocrx_word' id='word_1_260' title='bbox 590 2406 666 2469; x_wconf 82' lang='lat' dir='ltr'>xxii,</span> <span class='ocrx_word' id='word_1_261' title='bbox 678 2420 730 2469; x_wconf 84' lang='lat' dir='ltr'>cup.</span> <span class='ocrx_word' id='word_1_262' title='bbox 745 2406 795 2470; x_wconf 84' lang='lat' dir='ltr'>tf).</span> <span class='ocrx_word' id='word_1_263' title='bbox 813 2406 885 2456; x_wconf 88' lang='lat' dir='ltr'>infor-</span> 
     </span>
     <span class='ocr_line' id='line_1_33' title="bbox 79 2476 885 2541; baseline 0.004 -16"><span class='ocrx_word' id='word_1_264' title='bbox 79 2477 144 2528; x_wconf 88' lang='lat' dir='ltr'>mitas</span> <span class='ocrx_word' id='word_1_265' title='bbox 154 2478 211 2529; x_wconf 78' lang='lat' dir='ltr'>uero</span> <span class='ocrx_word' id='word_1_266' title='bbox 223 2484 291 2529; x_wconf 75' lang='lat' dir='ltr'>terrm</span> <span class='ocrx_word' id='word_1_267' title='bbox 301 2477 405 2539; x_wconf 86' lang='lat' dir='ltr'>tangitur</span> <span class='ocrx_word' id='word_1_268' title='bbox 413 2477 437 2526; x_wconf 90' lang='lat' dir='ltr'>iu</span> <span class='ocrx_word' id='word_1_269' title='bbox 448 2478 492 2527; x_wconf 88' lang='lat' dir='ltr'>fros</span> <span class='ocrx_word' id='word_1_270' title='bbox 501 2479 561 2541; x_wconf 86' lang='lat' dir='ltr'>qnod</span> <span class='ocrx_word' id='word_1_271' title='bbox 570 2477 663 2541; x_wconf 81' lang='lat' dir='ltr'>dieitur,</span> <span class='ocrx_word' id='word_1_272' title='bbox 673 2476 733 2541; x_wconf 80' lang='lat' dir='ltr'>quod</span> <span class='ocrx_word' id='word_1_273' title='bbox 745 2483 827 2530; x_wconf 83' lang='lat' dir='ltr'>«terra</span> <span class='ocrx_word' id='word_1_274' title='bbox 837 2482 885 2528; x_wconf 82' lang='lat' dir='ltr'>erat</span> 
     </span>
     <span class='ocr_line' id='line_1_34' title="bbox 78 2546 884 2613; baseline -0.001 -14"><span class='ocrx_word' id='word_1_275' title='bbox 78 2546 150 2599; x_wconf 84' lang='lat' dir='ltr'>inanis</span> <span class='ocrx_word' id='word_1_276' title='bbox 163 2564 205 2601; x_wconf 88' lang='lat' dir='ltr'>seu</span> <span class='ocrx_word' id='word_1_277' title='bbox 219 2548 354 2612; x_wconf 82' lang='lat' dir='ltr'>invisibilis,</span> <span class='ocrx_word' id='word_1_278' title='bbox 364 2565 378 2595; x_wconf 84' lang='lat' dir='ltr'>u</span> <span class='ocrx_word' id='word_1_279' title='bbox 395 2562 436 2612; x_wconf 87' lang='lat' dir='ltr'>per</span> <span class='ocrx_word' id='word_1_280' title='bbox 447 2550 491 2599; x_wconf 84' lang='lat' dir='ltr'>huo</span> <span class='ocrx_word' id='word_1_281' title='bbox 503 2548 563 2612; x_wconf 82' lang='lat' dir='ltr'>qutd</span> <span class='ocrx_word' id='word_1_282' title='bbox 576 2552 626 2599; x_wconf 87' lang='lat' dir='ltr'>erat</span> <span class='ocrx_word' id='word_1_283' title='bbox 640 2549 705 2612; x_wconf 85' lang='lat' dir='ltr'>aquis</span> <span class='ocrx_word' id='word_1_284' title='bbox 714 2553 829 2613; x_wconf 87' lang='lat' dir='ltr'>cooperta.</span> <span class='ocrx_word' id='word_1_285' title='bbox 847 2549 884 2599; x_wconf 85' lang='lat' dir='ltr'>Sic</span> 
     </span>
     <span class='ocr_line' id='line_1_35' title="bbox 79 2620 885 2686; baseline 0 -14"><span class='ocrx_word' id='word_1_286' title='bbox 79 2620 145 2682; x_wconf 85' lang='lat' dir='ltr'>igitur</span> <span class='ocrx_word' id='word_1_287' title='bbox 158 2622 265 2674; x_wconf 86' lang='lat' dir='ltr'>formatio</span> <span class='ocrx_word' id='word_1_288' title='bbox 280 2622 386 2685; x_wconf 86' lang='lat' dir='ltr'>supremi</span> <span class='ocrx_word' id='word_1_289' title='bbox 399 2622 500 2685; x_wconf 81' lang='lat' dir='ltr'>corporis</span> <span class='ocrx_word' id='word_1_290' title='bbox 514 2622 574 2673; x_wconf 86' lang='lat' dir='ltr'>faeta</span> <span class='ocrx_word' id='word_1_291' title='bbox 591 2625 627 2673; x_wconf 89' lang='lat' dir='ltr'>est</span> <span class='ocrx_word' id='word_1_292' title='bbox 639 2622 712 2685; x_wconf 85' lang='lat' dir='ltr'>prima</span> <span class='ocrx_word' id='word_1_293' title='bbox 727 2624 779 2686; x_wconf 82' lang='lat' dir='ltr'>die3</span> <span class='ocrx_word' id='word_1_294' title='bbox 795 2626 819 2673; x_wconf 91' lang='lat' dir='ltr'>et</span> <span class='ocrx_word' id='word_1_295' title='bbox 839 2634 885 2686; x_wconf 83' lang='lat' dir='ltr'>qua</span> 
     </span>
     <span class='ocr_line' id='line_1_36' title="bbox 81 2694 884 2758; baseline 0 -16"><span class='ocrx_word' id='word_1_296' title='bbox 81 2696 169 2758; x_wconf 90' lang='lat' dir='ltr'>tempus</span> <span class='ocrx_word' id='word_1_297' title='bbox 180 2694 284 2758; x_wconf 88' lang='lat' dir='ltr'>sequitur</span> <span class='ocrx_word' id='word_1_298' title='bbox 292 2697 382 2744; x_wconf 87' lang='lat' dir='ltr'>motum</span> <span class='ocrx_word' id='word_1_299' title='bbox 392 2694 454 2754; x_wconf 84' lang='lat' dir='ltr'>eoeli,</span> <span class='ocrx_word' id='word_1_300' title='bbox 463 2696 554 2757; x_wconf 88' lang='lat' dir='ltr'>tempus</span> <span class='ocrx_word' id='word_1_301' title='bbox 563 2697 638 2743; x_wconf 89' lang='lat' dir='ltr'>autem</span> <span class='ocrx_word' id='word_1_302' title='bbox 652 2696 688 2746; x_wconf 90' lang='lat' dir='ltr'>est</span> <span class='ocrx_word' id='word_1_303' title='bbox 696 2696 884 2744; x_wconf 85' lang='lat' dir='ltr'>numerusmotus</span> 
     </span>
     <span class='ocr_line' id='line_1_37' title="bbox 82 2765 882 2830; baseline 0 -17"><span class='ocrx_word' id='word_1_304' title='bbox 82 2766 179 2830; x_wconf 87' lang='lat' dir='ltr'>supremi</span> <span class='ocrx_word' id='word_1_305' title='bbox 197 2768 317 2830; x_wconf 84' lang='lat' dir='ltr'>corporis;</span> <span class='ocrx_word' id='word_1_306' title='bbox 333 2778 375 2829; x_wconf 87' lang='lat' dir='ltr'>per</span> <span class='ocrx_word' id='word_1_307' title='bbox 392 2765 524 2828; x_wconf 86' lang='lat' dir='ltr'>hujusmodi</span> <span class='ocrx_word' id='word_1_308' title='bbox 536 2765 696 2816; x_wconf 85' lang='lat' dir='ltr'>formationem</span> <span class='ocrx_word' id='word_1_309' title='bbox 710 2765 769 2815; x_wconf 85' lang='lat' dir='ltr'>fasta</span> <span class='ocrx_word' id='word_1_310' title='bbox 784 2768 819 2815; x_wconf 89' lang='lat' dir='ltr'>est</span> <span class='ocrx_word' id='word_1_311' title='bbox 835 2765 882 2813; x_wconf 92' lang='lat' dir='ltr'>dis-</span> 
     </span>
     <span class='ocr_line' id='line_1_38' title="bbox 82 2835 882 2902; baseline -0.004 -17"><span class='ocrx_word' id='word_1_312' title='bbox 82 2836 158 2889; x_wconf 82' lang='lat' dir='ltr'>tinctio</span> <span class='ocrx_word' id='word_1_313' title='bbox 169 2838 291 2902; x_wconf 84' lang='lat' dir='ltr'>temporis,</span> <span class='ocrx_word' id='word_1_314' title='bbox 304 2838 379 2888; x_wconf 84' lang='lat' dir='ltr'>nostis</span> <span class='ocrx_word' id='word_1_315' title='bbox 390 2836 476 2887; x_wconf 82' lang='lat' dir='ltr'>scilicet</span> <span class='ocrx_word' id='word_1_316' title='bbox 492 2840 516 2896; x_wconf 85' lang='lat' dir='ltr'>et</span> <span class='ocrx_word' id='word_1_317' title='bbox 532 2837 587 2887; x_wconf 89' lang='lat' dir='ltr'>diei.</span> <span class='ocrx_word' id='word_1_318' title='bbox 604 2836 708 2887; x_wconf 77' lang='lat' dir='ltr'>Secumo</span> <span class='ocrx_word' id='word_1_319' title='bbox 718 2835 774 2885; x_wconf 77' lang='lat' dir='ltr'>sert</span> <span class='ocrx_word' id='word_1_320' title='bbox 784 2835 821 2883; x_wconf 88' lang='lat' dir='ltr'>die</span> <span class='ocrx_word' id='word_1_321' title='bbox 838 2836 882 2883; x_wconf 89' lang='lat' dir='ltr'>for-</span> 
     </span>
     <span class='ocr_line' id='line_1_39' title="bbox 85 2907 884 2973; baseline -0.004 -18"><span class='ocrx_word' id='word_1_322' title='bbox 85 2913 165 2960; x_wconf 85' lang='lat' dir='ltr'>matum</span> <span class='ocrx_word' id='word_1_323' title='bbox 181 2913 220 2960; x_wconf 89' lang='lat' dir='ltr'>est</span> <span class='ocrx_word' id='word_1_324' title='bbox 241 2908 342 2961; x_wconf 88' lang='lat' dir='ltr'>medium</span> <span class='ocrx_word' id='word_1_325' title='bbox 361 2921 457 2973; x_wconf 77' lang='lat' dir='ltr'>eorpus,</span> <span class='ocrx_word' id='word_1_326' title='bbox 474 2908 561 2959; x_wconf 80' lang='lat' dir='ltr'>scilieet</span> <span class='ocrx_word' id='word_1_327' title='bbox 573 2920 645 2971; x_wconf 87' lang='lat' dir='ltr'>aqua,</span> <span class='ocrx_word' id='word_1_328' title='bbox 659 2920 701 2970; x_wconf 91' lang='lat' dir='ltr'>per</span> <span class='ocrx_word' id='word_1_329' title='bbox 718 2907 884 2957; x_wconf 85' lang='lat' dir='ltr'>firmamentum</span> 
     </span>
    </p>
   </div>
   <div class='ocr_carea' id='block_1_3' title="bbox 0 0 998 3309">
    <p class='ocr_par' dir='ltr' id='par_1_3' title="bbox 0 0 998 3309">
     <span class='ocr_line' id='line_1_40' title="bbox 0 0 998 3309; baseline 0 0"><span class='ocrx_word' id='word_1_330' title='bbox 0 0 998 3309; x_wconf 95' lang='lat' dir='ltr'> </span> 
     </span>
    </p>
   </div>
  </div>
 </body>
</html>
