<?xml version="1.0" encoding="UTF-8"?>
<!DOCTYPE html PUBLIC "-//W3C//DTD XHTML 1.0 Transitional//EN"
    "http://www.w3.org/TR/xhtml1/DTD/xhtml1-transitional.dtd">
<html xmlns="http://www.w3.org/1999/xhtml" xml:lang="en" lang="en">
 <head>
  <title>
</title>
<meta http-equiv="Content-Type" content="text/html;charset=utf-8" />
  <meta name='ocr-system' content='tesseract 3.04.00' />
  <meta name='ocr-capabilities' content='ocr_page ocr_carea ocr_par ocr_line ocrx_word'/>
</head>
<body>
  <div class='ocr_page' id='page_1' title='image "./summatheologica00nicogoog_0700.png"; bbox 0 0 1984 3309; ppageno 0'>
   <div class='ocr_carea' id='block_1_1' title="bbox 326 165 861 223">
    <p class='ocr_par' dir='ltr' id='par_1_1' title="bbox 326 165 861 223">
     <span class='ocr_line' id='line_1_1' title="bbox 326 165 861 223; baseline -0.002 -6"><span class='ocrx_word' id='word_1_1' title='bbox 326 175 382 222; x_wconf 82' lang='lat' dir='ltr'><strong>oum</strong></span> <span class='ocrx_word' id='word_1_2' title='bbox 399 176 435 218; x_wconf 88' lang='lat' dir='ltr'><strong>srr</strong></span> <span class='ocrx_word' id='word_1_3' title='bbox 451 167 594 220; x_wconf 73' lang='lat' dir='ltr'><strong>matutino.</strong></span> <span class='ocrx_word' id='word_1_4' title='bbox 814 165 861 223; x_wconf 73' lang='lat' dir='ltr'><strong>tiis</strong></span> 
     </span>
    </p>
   </div>
   <div class='ocr_carea' id='block_1_2' title="bbox 45 245 863 2897">
    <p class='ocr_par' dir='ltr' id='par_1_2' title="bbox 45 245 863 2310">
     <span class='ocr_line' id='line_1_2' title="bbox 48 245 861 324; baseline 0.01 -20"><span class='ocrx_word' id='word_1_5' title='bbox 48 256 197 317; x_wconf 80' lang='lat' dir='ltr'><strong>potestesse</strong></span> <span class='ocrx_word' id='word_1_6' title='bbox 210 252 255 303; x_wconf 80' lang='lat' dir='ltr'><strong>nisi</strong></span> <span class='ocrx_word' id='word_1_7' title='bbox 267 253 292 303; x_wconf 82' lang='lat' dir='ltr'><strong>in</strong></span> <span class='ocrx_word' id='word_1_8' title='bbox 306 254 396 305; x_wconf 86' lang='lat' dir='ltr'><strong>visione</strong></span> <span class='ocrx_word' id='word_1_9' title='bbox 409 245 491 308; x_wconf 83' lang='lat' dir='ltr'><strong>divine</strong></span> <span class='ocrx_word' id='word_1_10' title='bbox 505 255 620 309; x_wconf 80' lang='lat' dir='ltr'><strong>essentie.</strong></span> <span class='ocrx_word' id='word_1_11' title='bbox 637 259 670 308; x_wconf 76' lang='lat' dir='ltr'><strong>td</strong></span> <span class='ocrx_word' id='word_1_12' title='bbox 685 259 752 324; x_wconf 78' lang='lat' dir='ltr'><strong>cujus</strong></span> <span class='ocrx_word' id='word_1_13' title='bbox 767 253 861 312; x_wconf 83' lang='lat' dir='ltr'><strong>miden-</strong></span> 
     </span>
     <span class='ocr_line' id='line_1_3' title="bbox 48 324 861 394; baseline 0.014 -21"><span class='ocrx_word' id='word_1_14' title='bbox 48 324 110 373; x_wconf 84' lang='lat' dir='ltr'><strong>tiam</strong></span> <span class='ocrx_word' id='word_1_15' title='bbox 123 325 172 374; x_wconf 84' lang='lat' dir='ltr'><strong>duo</strong></span> <span class='ocrx_word' id='word_1_16' title='bbox 187 325 348 376; x_wconf 79' lang='lat' dir='ltr'><strong>consideranda</strong></span> <span class='ocrx_word' id='word_1_17' title='bbox 362 327 423 376; x_wconf 85' lang='lat' dir='ltr'><strong>sunt.</strong></span> <span class='ocrx_word' id='word_1_18' title='bbox 440 327 519 378; x_wconf 64' lang='lat' dir='ltr'><strong>nmmo</strong></span> <span class='ocrx_word' id='word_1_19' title='bbox 532 329 637 392; x_wconf 69' lang='lat' dir='ltr'><strong>undem,</strong></span> <span class='ocrx_word' id='word_1_20' title='bbox 656 325 718 394; x_wconf 80' lang='lat' dir='ltr'><strong>quod</strong></span> <span class='ocrx_word' id='word_1_21' title='bbox 730 333 798 382; x_wconf 84' lang='lat' dir='ltr'><strong>homo</strong></span> <span class='ocrx_word' id='word_1_22' title='bbox 814 347 861 384; x_wconf 92' lang='lat' dir='ltr'><strong>non</strong></span> 
     </span>
     <span class='ocr_line' id='line_1_4' title="bbox 47 395 861 466; baseline 0.014 -21"><span class='ocrx_word' id='word_1_23' title='bbox 47 400 85 446; x_wconf 89' lang='lat' dir='ltr'><strong>est</strong></span> <span class='ocrx_word' id='word_1_24' title='bbox 99 395 207 459; x_wconf 80' lang='lat' dir='ltr'><strong>perfecte</strong></span> <span class='ocrx_word' id='word_1_25' title='bbox 220 396 313 457; x_wconf 77' lang='lat' dir='ltr'><strong>matus,</strong></span> <span class='ocrx_word' id='word_1_26' title='bbox 325 398 433 460; x_wconf 84' lang='lat' dir='ltr'><strong>quamdin</strong></span> <span class='ocrx_word' id='word_1_27' title='bbox 445 402 515 450; x_wconf 83' lang='lat' dir='ltr'><strong>restat</strong></span> <span class='ocrx_word' id='word_1_28' title='bbox 529 401 572 451; x_wconf 82' lang='lat' dir='ltr'><strong>sibi</strong></span> <span class='ocrx_word' id='word_1_29' title='bbox 583 401 668 466; x_wconf 73' lang='lat' dir='ltr'><strong>aliquid</strong></span> <span class='ocrx_word' id='word_1_30' title='bbox 683 403 861 456; x_wconf 81' lang='lat' dir='ltr'><strong>desiderandum</strong></span> 
     </span>
     <span class='ocr_line' id='line_1_5' title="bbox 47 469 861 539; baseline 0.015 -24"><span class='ocrx_word' id='word_1_31' title='bbox 47 473 71 516; x_wconf 87' lang='lat' dir='ltr'><strong>et</strong></span> <span class='ocrx_word' id='word_1_32' title='bbox 86 469 250 532; x_wconf 75' lang='lat' dir='ltr'><strong>quaerendum.</strong></span> <span class='ocrx_word' id='word_1_33' title='bbox 269 470 396 519; x_wconf 83' lang='lat' dir='ltr'><strong>Secundum</strong></span> <span class='ocrx_word' id='word_1_34' title='bbox 416 475 463 534; x_wconf 89' lang='lat' dir='ltr'><strong>est,</strong></span> <span class='ocrx_word' id='word_1_35' title='bbox 479 472 540 536; x_wconf 84' lang='lat' dir='ltr'><strong>quod</strong></span> <span class='ocrx_word' id='word_1_36' title='bbox 558 473 736 538; x_wconf 82' lang='lat' dir='ltr'><strong>uuiuscujusque</strong></span> <span class='ocrx_word' id='word_1_37' title='bbox 754 477 861 539; x_wconf 81' lang='lat' dir='ltr'><strong>potentie</strong></span> 
     </span>
     <span class='ocr_line' id='line_1_6' title="bbox 46 539 861 611; baseline 0.011 -21"><span class='ocrx_word' id='word_1_38' title='bbox 46 539 169 603; x_wconf 74' lang='lat' dir='ltr'><strong>perfectio</strong></span> <span class='ocrx_word' id='word_1_39' title='bbox 182 541 306 590; x_wconf 87' lang='lat' dir='ltr'><strong>attenditur</strong></span> <span class='ocrx_word' id='word_1_40' title='bbox 320 541 445 592; x_wconf 83' lang='lat' dir='ltr'><strong>secordiam</strong></span> <span class='ocrx_word' id='word_1_41' title='bbox 456 543 569 594; x_wconf 83' lang='lat' dir='ltr'><strong>rationem</strong></span> <span class='ocrx_word' id='word_1_42' title='bbox 586 545 623 594; x_wconf 91' lang='lat' dir='ltr'><strong>sui</strong></span> <span class='ocrx_word' id='word_1_43' title='bbox 635 545 727 610; x_wconf 84' lang='lat' dir='ltr'><strong>objecti.</strong></span> <span class='ocrx_word' id='word_1_44' title='bbox 743 547 861 611; x_wconf 85' lang='lat' dir='ltr'><strong>Ohjectum</strong></span> 
     </span>
     <span class='ocr_line' id='line_1_7' title="bbox 46 611 862 680; baseline 0.012 -21"><span class='ocrx_word' id='word_1_45' title='bbox 46 615 129 661; x_wconf 85' lang='lat' dir='ltr'><strong>autern</strong></span> <span class='ocrx_word' id='word_1_46' title='bbox 145 611 279 662; x_wconf 82' lang='lat' dir='ltr'><strong>intellectis</strong></span> <span class='ocrx_word' id='word_1_47' title='bbox 289 616 324 661; x_wconf 89' lang='lat' dir='ltr'><strong>est</strong></span> <span class='ocrx_word' id='word_1_48' title='bbox 337 613 405 677; x_wconf 79' lang='lat' dir='ltr'><strong>quod</strong></span> <span class='ocrx_word' id='word_1_49' title='bbox 418 615 484 678; x_wconf 81' lang='lat' dir='ltr'><strong>qnid</strong></span> <span class='ocrx_word' id='word_1_50' title='bbox 499 618 546 677; x_wconf 89' lang='lat' dir='ltr'><strong>est,</strong></span> <span class='ocrx_word' id='word_1_51' title='bbox 567 616 590 664; x_wconf 89' lang='lat' dir='ltr'><strong>id</strong></span> <span class='ocrx_word' id='word_1_52' title='bbox 605 619 641 666; x_wconf 88' lang='lat' dir='ltr'><strong>est</strong></span> <span class='ocrx_word' id='word_1_53' title='bbox 656 616 758 666; x_wconf 74' lang='lat' dir='ltr'><strong>essentia</strong></span> <span class='ocrx_word' id='word_1_54' title='bbox 770 617 818 680; x_wconf 90' lang='lat' dir='ltr'><strong>rei,</strong></span> <span class='ocrx_word' id='word_1_55' title='bbox 835 623 862 669; x_wconf 90' lang='lat' dir='ltr'><strong>ut</strong></span> 
     </span>
     <span class='ocr_line' id='line_1_8' title="bbox 47 681 863 752; baseline 0.015 -21"><span class='ocrx_word' id='word_1_56' title='bbox 47 682 138 732; x_wconf 88' lang='lat' dir='ltr'><strong>dicitur</strong></span> <span class='ocrx_word' id='word_1_57' title='bbox 149 683 175 731; x_wconf 88' lang='lat' dir='ltr'><strong>in</strong></span> <span class='ocrx_word' id='word_1_58' title='bbox 189 681 231 732; x_wconf 89' lang='lat' dir='ltr'><strong>iil.</strong></span> <span class='ocrx_word' id='word_1_59' title='bbox 242 683 279 732; x_wconf 85' lang='lat' dir='ltr'><strong>De</strong></span> <span class='ocrx_word' id='word_1_60' title='bbox 292 686 382 733; x_wconf 76' lang='lat' dir='ltr'><strong>naimo</strong></span> <span class='ocrx_word' id='word_1_61' title='bbox 393 685 465 748; x_wconf 82' lang='lat' dir='ltr'><strong>(tert.</strong></span> <span class='ocrx_word' id='word_1_62' title='bbox 478 691 509 736; x_wconf 69' lang='lat' dir='ltr'><strong>itt</strong></span> <span class='ocrx_word' id='word_1_63' title='bbox 517 687 534 751; x_wconf 89' lang='lat'><strong>).</strong></span> <span class='ocrx_word' id='word_1_64' title='bbox 547 687 612 738; x_wconf 86' lang='lat' dir='ltr'><strong>Unde</strong></span> <span class='ocrx_word' id='word_1_65' title='bbox 627 688 651 737; x_wconf 91' lang='lat' dir='ltr'><strong>in</strong></span> <span class='ocrx_word' id='word_1_66' title='bbox 661 691 750 740; x_wconf 85' lang='lat' dir='ltr'><strong>tantum</strong></span> <span class='ocrx_word' id='word_1_67' title='bbox 762 691 863 752; x_wconf 73' lang='lat' dir='ltr'>procedit</span> 
     </span>
     <span class='ocr_line' id='line_1_9' title="bbox 47 751 861 825; baseline 0.011 -21"><span class='ocrx_word' id='word_1_68' title='bbox 47 753 169 816; x_wconf 78' lang='lat' dir='ltr'><strong>perfectio</strong></span> <span class='ocrx_word' id='word_1_69' title='bbox 180 751 323 814; x_wconf 83' lang='lat' dir='ltr'><strong>intellectis,</strong></span> <span class='ocrx_word' id='word_1_70' title='bbox 336 754 360 804; x_wconf 93' lang='lat' dir='ltr'><strong>in</strong></span> <span class='ocrx_word' id='word_1_71' title='bbox 376 760 487 818; x_wconf 89' lang='lat' dir='ltr'><strong>quantum</strong></span> <span class='ocrx_word' id='word_1_72' title='bbox 502 757 618 820; x_wconf 77' lang='lat' dir='ltr'>cognoscit</span> <span class='ocrx_word' id='word_1_73' title='bbox 631 759 753 810; x_wconf 78' lang='lat' dir='ltr'>essentiam</span> <span class='ocrx_word' id='word_1_74' title='bbox 764 761 861 825; x_wconf 83' lang='lat' dir='ltr'><strong>alicujus</strong></span> 
     </span>
     <span class='ocr_line' id='line_1_10' title="bbox 45 825 861 897; baseline 0.007 -21"><span class='ocrx_word' id='word_1_75' title='bbox 45 827 92 876; x_wconf 91' lang='lat' dir='ltr'><strong>rei.</strong></span> <span class='ocrx_word' id='word_1_76' title='bbox 115 825 142 874; x_wconf 88' lang='lat' dir='ltr'><strong>Si</strong></span> <span class='ocrx_word' id='word_1_77' title='bbox 156 838 212 888; x_wconf 80' lang='lat' dir='ltr'><strong>ergo</strong></span> <span class='ocrx_word' id='word_1_78' title='bbox 229 825 358 876; x_wconf 88' lang='lat' dir='ltr'><strong>intellectus</strong></span> <span class='ocrx_word' id='word_1_79' title='bbox 376 827 457 891; x_wconf 77' lang='lat' dir='ltr'><strong>aionis</strong></span> <span class='ocrx_word' id='word_1_80' title='bbox 476 833 598 893; x_wconf 63' lang='lat' dir='ltr'><strong>cognoscat</strong></span> <span class='ocrx_word' id='word_1_81' title='bbox 618 831 741 882; x_wconf 74' lang='lat' dir='ltr'><strong>essentiam</strong></span> <span class='ocrx_word' id='word_1_82' title='bbox 764 832 861 897; x_wconf 70' lang='lat' dir='ltr'><strong>aticupum</strong></span> 
     </span>
     <span class='ocr_line' id='line_1_11' title="bbox 47 896 861 966; baseline 0.011 -19"><span class='ocrx_word' id='word_1_83' title='bbox 47 896 165 959; x_wconf 83' lang='lat' dir='ltr'><strong>oiieetris,</strong></span> <span class='ocrx_word' id='word_1_84' title='bbox 177 909 219 960; x_wconf 90' lang='lat' dir='ltr'><strong>per</strong></span> <span class='ocrx_word' id='word_1_85' title='bbox 231 910 300 960; x_wconf 82' lang='lat' dir='ltr'><strong>quam</strong></span> <span class='ocrx_word' id='word_1_86' title='bbox 313 897 386 961; x_wconf 79' lang='lat' dir='ltr'><strong>possit</strong></span> <span class='ocrx_word' id='word_1_87' title='bbox 400 901 506 963; x_wconf 78' lang='lat' dir='ltr'><strong>cognosci</strong></span> <span class='ocrx_word' id='word_1_88' title='bbox 520 903 620 952; x_wconf 79' lang='lat' dir='ltr'><strong>essentia</strong></span> <span class='ocrx_word' id='word_1_89' title='bbox 634 915 724 966; x_wconf 81' lang='lat' dir='ltr'><strong>cause,</strong></span> <span class='ocrx_word' id='word_1_90' title='bbox 734 904 759 952; x_wconf 91' lang='lat' dir='ltr'><strong>ut</strong></span> <span class='ocrx_word' id='word_1_91' title='bbox 774 904 861 956; x_wconf 90' lang='lat' dir='ltr'><strong>scilicet</strong></span> 
     </span>
     <span class='ocr_line' id='line_1_12' title="bbox 47 968 860 1039; baseline 0.009 -20"><span class='ocrx_word' id='word_1_92' title='bbox 47 969 138 1020; x_wconf 82' lang='lat' dir='ltr'><strong>sciatur</strong></span> <span class='ocrx_word' id='word_1_93' title='bbox 150 968 181 1018; x_wconf 83' lang='lat' dir='ltr'><strong>do</strong></span> <span class='ocrx_word' id='word_1_94' title='bbox 190 981 274 1031; x_wconf 86' lang='lat' dir='ltr'><strong>causa,</strong></span> <span class='ocrx_word' id='word_1_95' title='bbox 288 969 343 1032; x_wconf 87' lang='lat' dir='ltr'><strong>quid</strong></span> <span class='ocrx_word' id='word_1_96' title='bbox 358 974 405 1033; x_wconf 90' lang='lat' dir='ltr'><strong>est,</strong></span> <span class='ocrx_word' id='word_1_97' title='bbox 417 984 462 1020; x_wconf 92' lang='lat' dir='ltr'><strong>non</strong></span> <span class='ocrx_word' id='word_1_98' title='bbox 474 973 558 1022; x_wconf 89' lang='lat' dir='ltr'><strong>dicitur</strong></span> <span class='ocrx_word' id='word_1_99' title='bbox 567 973 698 1024; x_wconf 89' lang='lat' dir='ltr'><strong>intellectus</strong></span> <span class='ocrx_word' id='word_1_100' title='bbox 711 974 822 1039; x_wconf 81' lang='lat' dir='ltr'><strong>attingere</strong></span> <span class='ocrx_word' id='word_1_101' title='bbox 832 977 860 1026; x_wconf 89' lang='lat' dir='ltr'><strong>ad</strong></span> 
     </span>
     <span class='ocr_line' id='line_1_13' title="bbox 48 1040 861 1110; baseline 0.009 -20"><span class='ocrx_word' id='word_1_102' title='bbox 48 1053 148 1092; x_wconf 82' lang='lat' dir='ltr'><strong>censam</strong></span> <span class='ocrx_word' id='word_1_103' title='bbox 167 1040 314 1104; x_wconf 84' lang='lat' dir='ltr'><strong>simpliciter,</strong></span> <span class='ocrx_word' id='word_1_104' title='bbox 328 1042 433 1105; x_wconf 67' lang='lat' dir='ltr'><strong>meravis</strong></span> <span class='ocrx_word' id='word_1_105' title='bbox 449 1057 490 1106; x_wconf 85' lang='lat' dir='ltr'><strong>per</strong></span> <span class='ocrx_word' id='word_1_106' title='bbox 509 1044 615 1096; x_wconf 79' lang='lat' dir='ltr'><strong>edecmm</strong></span> <span class='ocrx_word' id='word_1_107' title='bbox 632 1056 769 1108; x_wconf 81' lang='lat' dir='ltr'><strong>cognoscere</strong></span> <span class='ocrx_word' id='word_1_108' title='bbox 788 1047 861 1110; x_wconf 80' lang='lat' dir='ltr'><strong>possit</strong></span> 
     </span>
     <span class='ocr_line' id='line_1_14' title="bbox 47 1106 858 1180; baseline 0.007 -18"><span class='ocrx_word' id='word_1_109' title='bbox 47 1116 76 1163; x_wconf 92' lang='lat' dir='ltr'><strong>de</strong></span> <span class='ocrx_word' id='word_1_110' title='bbox 89 1124 163 1162; x_wconf 88' lang='lat' dir='ltr'><strong>causa</strong></span> <span class='ocrx_word' id='word_1_111' title='bbox 176 1125 206 1161; x_wconf 89' lang='lat' dir='ltr'><strong>an</strong></span> <span class='ocrx_word' id='word_1_112' title='bbox 214 1112 252 1162; x_wconf 88' lang='lat' dir='ltr'><strong>sit.</strong></span> <span class='ocrx_word' id='word_1_113' title='bbox 264 1106 294 1161; x_wconf 85' lang='lat' dir='ltr'><strong>Et</strong></span> <span class='ocrx_word' id='word_1_114' title='bbox 303 1111 355 1162; x_wconf 88' lang='lat' dir='ltr'><strong>idco</strong></span> <span class='ocrx_word' id='word_1_115' title='bbox 363 1118 465 1164; x_wconf 87' lang='lat' dir='ltr'><strong>remanet</strong></span> <span class='ocrx_word' id='word_1_116' title='bbox 473 1117 605 1167; x_wconf 86' lang='lat' dir='ltr'><strong>naturaliter</strong></span> <span class='ocrx_word' id='word_1_117' title='bbox 614 1117 700 1167; x_wconf 87' lang='lat' dir='ltr'><strong>homini</strong></span> <span class='ocrx_word' id='word_1_118' title='bbox 709 1117 858 1180; x_wconf 86' lang='lat' dir='ltr'><strong>desiderium,</strong></span> 
     </span>
     <span class='ocr_line' id='line_1_15' title="bbox 47 1182 859 1250; baseline 0.005 -16"><span class='ocrx_word' id='word_1_119' title='bbox 47 1184 102 1235; x_wconf 84' lang='lat' dir='ltr'><strong>cirm</strong></span> <span class='ocrx_word' id='word_1_120' title='bbox 120 1182 243 1246; x_wconf 81' lang='lat' dir='ltr'><strong>cognoscit</strong></span> <span class='ocrx_word' id='word_1_121' title='bbox 252 1184 373 1248; x_wconf 73' lang='lat' dir='ltr'><strong>eiectans,</strong></span> <span class='ocrx_word' id='word_1_122' title='bbox 387 1188 411 1234; x_wconf 87' lang='lat' dir='ltr'><strong>et</strong></span> <span class='ocrx_word' id='word_1_123' title='bbox 423 1185 467 1235; x_wconf 89' lang='lat' dir='ltr'><strong>scit</strong></span> <span class='ocrx_word' id='word_1_124' title='bbox 481 1199 532 1236; x_wconf 87' lang='lat' dir='ltr'><strong>eum</strong></span> <span class='ocrx_word' id='word_1_125' title='bbox 544 1188 629 1238; x_wconf 80' lang='lat' dir='ltr'><strong>hebere</strong></span> <span class='ocrx_word' id='word_1_126' title='bbox 639 1201 745 1250; x_wconf 86' lang='lat' dir='ltr'><strong>oausam,</strong></span> <span class='ocrx_word' id='word_1_127' title='bbox 755 1193 780 1238; x_wconf 82' lang='lat' dir='ltr'><strong>ut</strong></span> <span class='ocrx_word' id='word_1_128' title='bbox 789 1189 859 1240; x_wconf 71' lang='lat' dir='ltr'><strong>mmm</strong></span> 
     </span>
     <span class='ocr_line' id='line_1_16' title="bbox 47 1255 854 1320; baseline 0.002 -14"><span class='ocrx_word' id='word_1_129' title='bbox 47 1258 109 1306; x_wconf 81' lang='lat' dir='ltr'><strong>sciat</strong></span> <span class='ocrx_word' id='word_1_130' title='bbox 121 1256 231 1306; x_wconf 82' lang='lat' dir='ltr'><strong>decanea</strong></span> <span class='ocrx_word' id='word_1_131' title='bbox 242 1255 297 1319; x_wconf 80' lang='lat' dir='ltr'><strong>quid</strong></span> <span class='ocrx_word' id='word_1_132' title='bbox 306 1262 354 1320; x_wconf 87' lang='lat' dir='ltr'><strong>est;</strong></span> <span class='ocrx_word' id='word_1_133' title='bbox 364 1261 388 1306; x_wconf 90' lang='lat' dir='ltr'><strong>et</strong></span> <span class='ocrx_word' id='word_1_134' title='bbox 396 1256 451 1307; x_wconf 84' lang='lat' dir='ltr'><strong>iliud</strong></span> <span class='ocrx_word' id='word_1_135' title='bbox 464 1257 602 1310; x_wconf 81' lang='lat' dir='ltr'><strong>desiderium</strong></span> <span class='ocrx_word' id='word_1_136' title='bbox 614 1263 650 1309; x_wconf 90' lang='lat' dir='ltr'><strong>est</strong></span> <span class='ocrx_word' id='word_1_137' title='bbox 662 1259 854 1316; x_wconf 66' lang='lat' dir='ltr'><strong>comisationis,</strong></span> 
     </span>
     <span class='ocr_line' id='line_1_17' title="bbox 47 1327 855 1395; baseline 0 -17"><span class='ocrx_word' id='word_1_138' title='bbox 47 1334 71 1379; x_wconf 88' lang='lat' dir='ltr'><strong>et</strong></span> <span class='ocrx_word' id='word_1_139' title='bbox 86 1330 172 1378; x_wconf 74' lang='lat' dir='ltr'><strong>musei</strong></span> <span class='ocrx_word' id='word_1_140' title='bbox 185 1327 369 1390; x_wconf 78' lang='lat' dir='ltr'><strong>inquisitionem,</strong></span> <span class='ocrx_word' id='word_1_141' title='bbox 382 1332 410 1378; x_wconf 88' lang='lat' dir='ltr'><strong>ut</strong></span> <span class='ocrx_word' id='word_1_142' title='bbox 425 1329 508 1380; x_wconf 85' lang='lat' dir='ltr'><strong>dicitnr</strong></span> <span class='ocrx_word' id='word_1_143' title='bbox 521 1331 548 1380; x_wconf 86' lang='lat' dir='ltr'><strong>in·</strong></span> <span class='ocrx_word' id='word_1_144' title='bbox 559 1329 672 1395; x_wconf 82' lang='lat' dir='ltr'><strong>principio</strong></span> <span class='ocrx_word' id='word_1_145' title='bbox 689 1330 831 1394; x_wconf 56' lang='lat' dir='ltr'><strong>dictampni</strong></span> <span class='ocrx_word' id='word_1_146' title='bbox 847 1347 855 1378; x_wconf 89' lang='lat'><em>:</em></span> 
     </span>
     <span class='ocr_line' id='line_1_18' title="bbox 47 1397 859 1465; baseline 0 -15"><span class='ocrx_word' id='word_1_147' title='bbox 47 1399 142 1464; x_wconf 73' lang='lat' dir='ltr'><strong>potissi</strong></span> <span class='ocrx_word' id='word_1_148' title='bbox 161 1397 246 1463; x_wconf 74' lang='lat' dir='ltr'><strong>aliquis</strong></span> <span class='ocrx_word' id='word_1_149' title='bbox 263 1412 404 1461; x_wconf 74' lang='lat' dir='ltr'><strong>cognoscem</strong></span> <span class='ocrx_word' id='word_1_150' title='bbox 413 1401 517 1465; x_wconf 78' lang='lat' dir='ltr'><strong>eclipsim</strong></span> <span class='ocrx_word' id='word_1_151' title='bbox 532 1402 601 1462; x_wconf 85' lang='lat' dir='ltr'><strong>sotis,</strong></span> <span class='ocrx_word' id='word_1_152' title='bbox 618 1401 746 1452; x_wconf 70' lang='lat' dir='ltr'><strong>considerat</strong></span> <span class='ocrx_word' id='word_1_153' title='bbox 756 1399 818 1464; x_wconf 77' lang='lat' dir='ltr'><strong>quiid</strong></span> <span class='ocrx_word' id='word_1_154' title='bbox 830 1413 859 1452; x_wconf 79' lang='lat' dir='ltr'><strong>ox</strong></span> 
     </span>
     <span class='ocr_line' id='line_1_19' title="bbox 48 1471 856 1536; baseline 0 -14"><span class='ocrx_word' id='word_1_155' title='bbox 48 1472 129 1536; x_wconf 81' lang='lat' dir='ltr'><strong>aliqua</strong></span> <span class='ocrx_word' id='word_1_156' title='bbox 140 1483 211 1520; x_wconf 81' lang='lat' dir='ltr'><strong>causa</strong></span> <span class='ocrx_word' id='word_1_157' title='bbox 222 1471 332 1534; x_wconf 77' lang='lat' dir='ltr'><strong>procedit,</strong></span> <span class='ocrx_word' id='word_1_158' title='bbox 343 1471 372 1522; x_wconf 87' lang='lat' dir='ltr'><strong>dc</strong></span> <span class='ocrx_word' id='word_1_159' title='bbox 381 1485 441 1536; x_wconf 85' lang='lat' dir='ltr'><strong>qua,</strong></span> <span class='ocrx_word' id='word_1_160' title='bbox 452 1472 506 1535; x_wconf 86' lang='lat' dir='ltr'><strong>quia</strong></span> <span class='ocrx_word' id='word_1_161' title='bbox 517 1473 590 1524; x_wconf 87' lang='lat' dir='ltr'><strong>nescit</strong></span> <span class='ocrx_word' id='word_1_162' title='bbox 600 1471 654 1535; x_wconf 80' lang='lat' dir='ltr'><strong>quid</strong></span> <span class='ocrx_word' id='word_1_163' title='bbox 664 1472 710 1532; x_wconf 87' lang='lat' dir='ltr'><strong>sit,</strong></span> <span class='ocrx_word' id='word_1_164' title='bbox 724 1472 856 1535; x_wconf 87' lang='lat' dir='ltr'><strong>admiratur,</strong></span> 
     </span>
     <span class='ocr_line' id='line_1_20' title="bbox 49 1541 857 1608; baseline 0 -16"><span class='ocrx_word' id='word_1_165' title='bbox 49 1548 71 1592; x_wconf 92' lang='lat' dir='ltr'><strong>et</strong></span> <span class='ocrx_word' id='word_1_166' title='bbox 87 1542 227 1594; x_wconf 87' lang='lat' dir='ltr'><strong>admirando</strong></span> <span class='ocrx_word' id='word_1_167' title='bbox 245 1541 352 1606; x_wconf 80' lang='lat' dir='ltr'><strong>inquirit3</strong></span> <span class='ocrx_word' id='word_1_168' title='bbox 370 1557 413 1593; x_wconf 85' lang='lat' dir='ltr'><strong>nec</strong></span> <span class='ocrx_word' id='word_1_169' title='bbox 431 1543 479 1593; x_wconf 85' lang='lat' dir='ltr'><strong>ista·</strong></span> <span class='ocrx_word' id='word_1_170' title='bbox 494 1543 612 1608; x_wconf 75' lang='lat' dir='ltr'><strong>inquisitio</strong></span> <span class='ocrx_word' id='word_1_171' title='bbox 625 1543 722 1607; x_wconf 82' lang='lat' dir='ltr'><strong>quiescit</strong></span> <span class='ocrx_word' id='word_1_172' title='bbox 738 1554 857 1607; x_wconf 74' lang='lat' dir='ltr'><strong>pronaque</strong></span> 
     </span>
     <span class='ocr_line' id='line_1_21' title="bbox 49 1613 857 1678; baseline -0.001 -13"><span class='ocrx_word' id='word_1_173' title='bbox 49 1615 176 1677; x_wconf 85' lang='lat' dir='ltr'><strong>perveniat</strong></span> <span class='ocrx_word' id='word_1_174' title='bbox 189 1614 217 1663; x_wconf 90' lang='lat' dir='ltr'><strong>ad</strong></span> <span class='ocrx_word' id='word_1_175' title='bbox 231 1615 414 1677; x_wconf 80' lang='lat' dir='ltr'><strong>cognoscendum</strong></span> <span class='ocrx_word' id='word_1_176' title='bbox 428 1615 550 1666; x_wconf 86' lang='lat' dir='ltr'><strong>essentiam</strong></span> <span class='ocrx_word' id='word_1_177' title='bbox 564 1627 647 1666; x_wconf 77' lang='lat' dir='ltr'><strong>causat.</strong></span> <span class='ocrx_word' id='word_1_178' title='bbox 667 1615 692 1664; x_wconf 90' lang='lat' dir='ltr'><strong>Si</strong></span> <span class='ocrx_word' id='word_1_179' title='bbox 704 1613 773 1678; x_wconf 74' lang='lat' dir='ltr'><strong>igitur</strong></span> <span class='ocrx_word' id='word_1_180' title='bbox 788 1613 857 1664; x_wconf 82' lang='lat' dir='ltr'><strong>inted-</strong></span> 
     </span>
     <span class='ocr_line' id='line_1_22' title="bbox 49 1683 857 1750; baseline -0.004 -14"><span class='ocrx_word' id='word_1_181' title='bbox 49 1688 126 1736; x_wconf 87' lang='lat' dir='ltr'><strong>lectos</strong></span> <span class='ocrx_word' id='word_1_182' title='bbox 140 1686 409 1748; x_wconf 73' lang='lat' dir='ltr'><strong>hnmanmcognosceos</strong></span> <span class='ocrx_word' id='word_1_183' title='bbox 418 1686 541 1736; x_wconf 88' lang='lat' dir='ltr'><strong>essentiam</strong></span> <span class='ocrx_word' id='word_1_184' title='bbox 555 1685 651 1750; x_wconf 83' lang='lat' dir='ltr'><strong>aiicujus</strong></span> <span class='ocrx_word' id='word_1_185' title='bbox 665 1685 760 1736; x_wconf 82' lang='lat' dir='ltr'><strong>edoctis</strong></span> <span class='ocrx_word' id='word_1_186' title='bbox 775 1683 857 1746; x_wconf 85' lang='lat' dir='ltr'><strong>creati,</strong></span> 
     </span>
     <span class='ocr_line' id='line_1_23' title="bbox 50 1756 859 1822; baseline -0.002 -16"><span class='ocrx_word' id='word_1_187' title='bbox 50 1772 98 1808; x_wconf 92' lang='lat' dir='ltr'><strong>non</strong></span> <span class='ocrx_word' id='word_1_188' title='bbox 122 1760 247 1820; x_wconf 80' lang='lat' dir='ltr'><strong>cognoscat</strong></span> <span class='ocrx_word' id='word_1_189' title='bbox 267 1757 295 1806; x_wconf 87' lang='lat' dir='ltr'><strong>de</strong></span> <span class='ocrx_word' id='word_1_190' title='bbox 318 1758 365 1808; x_wconf 84' lang='lat' dir='ltr'><strong>Deo</strong></span> <span class='ocrx_word' id='word_1_191' title='bbox 380 1758 426 1807; x_wconf 87' lang='lat' dir='ltr'><strong>nisi</strong></span> <span class='ocrx_word' id='word_1_192' title='bbox 449 1768 478 1807; x_wconf 90' lang='lat' dir='ltr'><strong>an</strong></span> <span class='ocrx_word' id='word_1_193' title='bbox 498 1760 546 1820; x_wconf 86' lang='lat' dir='ltr'><strong>est,</strong></span> <span class='ocrx_word' id='word_1_194' title='bbox 564 1758 666 1809; x_wconf 89' lang='lat' dir='ltr'><strong>nondum</strong></span> <span class='ocrx_word' id='word_1_195' title='bbox 684 1756 792 1822; x_wconf 80' lang='lat' dir='ltr'><strong>perfectio</strong></span> <span class='ocrx_word' id='word_1_196' title='bbox 808 1757 859 1820; x_wconf 86' lang='lat' dir='ltr'><strong>ejus</strong></span> 
     </span>
     <span class='ocr_line' id='line_1_24' title="bbox 50 1827 859 1894; baseline -0.004 -16"><span class='ocrx_word' id='word_1_197' title='bbox 50 1829 148 1893; x_wconf 83' lang='lat' dir='ltr'><strong>attingit</strong></span> <span class='ocrx_word' id='word_1_198' title='bbox 162 1827 297 1892; x_wconf 84' lang='lat' dir='ltr'><strong>simpliciter</strong></span> <span class='ocrx_word' id='word_1_199' title='bbox 311 1838 401 1879; x_wconf 88' lang='lat' dir='ltr'><strong>causam</strong></span> <span class='ocrx_word' id='word_1_200' title='bbox 414 1828 520 1894; x_wconf 83' lang='lat' dir='ltr'><strong>primam,</strong></span> <span class='ocrx_word' id='word_1_201' title='bbox 535 1829 574 1880; x_wconf 86' lang='lat' dir='ltr'><strong>scd</strong></span> <span class='ocrx_word' id='word_1_202' title='bbox 586 1829 721 1881; x_wconf 80' lang='lat' dir='ltr'><strong>remanetei</strong></span> <span class='ocrx_word' id='word_1_203' title='bbox 732 1829 805 1879; x_wconf 86' lang='lat' dir='ltr'><strong>adhuc</strong></span> <span class='ocrx_word' id='word_1_204' title='bbox 818 1839 859 1876; x_wconf 93' lang='lat' dir='ltr'><strong>na·</strong></span> 
     </span>
     <span class='ocr_line' id='line_1_25' title="bbox 51 1899 857 1967; baseline -0.001 -18"><span class='ocrx_word' id='word_1_205' title='bbox 51 1902 126 1952; x_wconf 76' lang='lat' dir='ltr'><strong>tirraie</strong></span> <span class='ocrx_word' id='word_1_206' title='bbox 149 1899 306 1962; x_wconf 87' lang='lat' dir='ltr'><strong>desiderium,</strong></span> <span class='ocrx_word' id='word_1_207' title='bbox 322 1901 453 1967; x_wconf 77' lang='lat' dir='ltr'><strong>inquirendi</strong></span> <span class='ocrx_word' id='word_1_208' title='bbox 474 1915 566 1954; x_wconf 83' lang='lat' dir='ltr'><strong>causam</strong></span> <span class='ocrx_word' id='word_1_209' title='bbox 588 1917 593 1952; x_wconf 95' lang='lat'><strong>:</strong></span> <span class='ocrx_word' id='word_1_210' title='bbox 613 1902 673 1952; x_wconf 90' lang='lat' dir='ltr'><strong>unde</strong></span> <span class='ocrx_word' id='word_1_211' title='bbox 695 1900 796 1952; x_wconf 89' lang='lat' dir='ltr'><strong>nondum</strong></span> <span class='ocrx_word' id='word_1_212' title='bbox 820 1901 857 1950; x_wconf 89' lang='lat' dir='ltr'><strong>est</strong></span> 
     </span>
     <span class='ocr_line' id='line_1_26' title="bbox 51 1968 859 2038; baseline -0.001 -19"><span class='ocrx_word' id='word_1_213' title='bbox 51 1969 158 2037; x_wconf 68' lang='lat' dir='ltr'><strong>procincte</strong></span> <span class='ocrx_word' id='word_1_214' title='bbox 175 1972 264 2038; x_wconf 82' lang='lat' dir='ltr'><strong>beatus.</strong></span> <span class='ocrx_word' id='word_1_215' title='bbox 279 1970 313 2021; x_wconf 84' lang='lat' dir='ltr'><strong>dd</strong></span> <span class='ocrx_word' id='word_1_216' title='bbox 328 1973 454 2037; x_wconf 78' lang='lat' dir='ltr'><strong>perfectam</strong></span> <span class='ocrx_word' id='word_1_217' title='bbox 470 1973 539 2036; x_wconf 82' lang='lat' dir='ltr'><strong>igitur</strong></span> <span class='ocrx_word' id='word_1_218' title='bbox 554 1971 720 2024; x_wconf 86' lang='lat' dir='ltr'><strong>beatitudinem</strong></span> <span class='ocrx_word' id='word_1_219' title='bbox 737 1968 859 2033; x_wconf 82' lang='lat' dir='ltr'><strong>acquiritur</strong></span> 
     </span>
     <span class='ocr_line' id='line_1_27' title="bbox 54 2040 855 2108; baseline -0.006 -13"><span class='ocrx_word' id='word_1_220' title='bbox 54 2044 117 2107; x_wconf 78' lang='lat' dir='ltr'><strong>qnod</strong></span> <span class='ocrx_word' id='word_1_221' title='bbox 136 2040 268 2095; x_wconf 82' lang='lat' dir='ltr'><strong>intellectus</strong></span> <span class='ocrx_word' id='word_1_222' title='bbox 286 2043 400 2108; x_wconf 78' lang='lat' dir='ltr'><strong>pertingat</strong></span> <span class='ocrx_word' id='word_1_223' title='bbox 413 2045 440 2094; x_wconf 90' lang='lat' dir='ltr'><strong>ad</strong></span> <span class='ocrx_word' id='word_1_224' title='bbox 454 2043 526 2108; x_wconf 89' lang='lat' dir='ltr'><strong>ipsam</strong></span> <span class='ocrx_word' id='word_1_225' title='bbox 541 2042 663 2094; x_wconf 85' lang='lat' dir='ltr'><strong>essentiam</strong></span> <span class='ocrx_word' id='word_1_226' title='bbox 674 2043 753 2106; x_wconf 84' lang='lat' dir='ltr'><strong>primae</strong></span> <span class='ocrx_word' id='word_1_227' title='bbox 767 2053 855 2101; x_wconf 78' lang='lat' dir='ltr'><strong>causc3</strong></span> 
     </span>
     <span class='ocr_line' id='line_1_28' title="bbox 53 2112 858 2180; baseline -0.006 -15"><span class='ocrx_word' id='word_1_228' title='bbox 53 2120 76 2165; x_wconf 88' lang='lat' dir='ltr'><strong>et</strong></span> <span class='ocrx_word' id='word_1_229' title='bbox 86 2117 121 2166; x_wconf 90' lang='lat' dir='ltr'><strong>sic</strong></span> <span class='ocrx_word' id='word_1_230' title='bbox 139 2114 306 2180; x_wconf 79' lang='lat' dir='ltr'><strong>perfectionem</strong></span> <span class='ocrx_word' id='word_1_231' title='bbox 319 2129 385 2166; x_wconf 87' lang='lat' dir='ltr'><strong>suam</strong></span> <span class='ocrx_word' id='word_1_232' title='bbox 396 2115 489 2166; x_wconf 87' lang='lat' dir='ltr'><strong>habebit</strong></span> <span class='ocrx_word' id='word_1_233' title='bbox 499 2129 540 2179; x_wconf 87' lang='lat' dir='ltr'><strong>per</strong></span> <span class='ocrx_word' id='word_1_234' title='bbox 551 2114 658 2164; x_wconf 90' lang='lat' dir='ltr'><strong>unionem</strong></span> <span class='ocrx_word' id='word_1_235' title='bbox 672 2113 700 2162; x_wconf 93' lang='lat' dir='ltr'><strong>ad</strong></span> <span class='ocrx_word' id='word_1_236' title='bbox 713 2114 784 2164; x_wconf 77' lang='lat' dir='ltr'><strong>Deum</strong></span> <span class='ocrx_word' id='word_1_237' title='bbox 798 2112 858 2162; x_wconf 89' lang='lat' dir='ltr'><strong>sicut</strong></span> 
     </span>
     <span class='ocr_line' id='line_1_29' title="bbox 54 2180 859 2253; baseline -0.006 -16"><span class='ocrx_word' id='word_1_238' title='bbox 54 2190 81 2239; x_wconf 90' lang='lat' dir='ltr'><strong>ad</strong></span> <span class='ocrx_word' id='word_1_239' title='bbox 94 2187 224 2253; x_wconf 85' lang='lat' dir='ltr'><strong>objectum,</strong></span> <span class='ocrx_word' id='word_1_240' title='bbox 237 2187 261 2236; x_wconf 90' lang='lat' dir='ltr'><strong>in</strong></span> <span class='ocrx_word' id='word_1_241' title='bbox 276 2202 322 2252; x_wconf 87' lang='lat' dir='ltr'><strong>quo</strong></span> <span class='ocrx_word' id='word_1_242' title='bbox 334 2191 382 2240; x_wconf 88' lang='lat' dir='ltr'><strong>solo</strong></span> <span class='ocrx_word' id='word_1_243' title='bbox 391 2186 509 2238; x_wconf 81' lang='lat' dir='ltr'><strong>beatitudo</strong></span> <span class='ocrx_word' id='word_1_244' title='bbox 518 2186 618 2237; x_wconf 85' lang='lat' dir='ltr'><strong>dominis</strong></span> <span class='ocrx_word' id='word_1_245' title='bbox 631 2183 747 2244; x_wconf 87' lang='lat' dir='ltr'><strong>consistit,</strong></span> <span class='ocrx_word' id='word_1_246' title='bbox 757 2185 782 2232; x_wconf 89' lang='lat' dir='ltr'><strong>ut</strong></span> <span class='ocrx_word' id='word_1_247' title='bbox 791 2180 859 2246; x_wconf 83' lang='lat' dir='ltr'><strong>sopri</strong></span> 
     </span>
     <span class='ocr_line' id='line_1_30' title="bbox 55 2259 198 2310; baseline -0.007 -2"><span class='ocrx_word' id='word_1_248' title='bbox 55 2259 198 2310; x_wconf 87' lang='lat' dir='ltr'><strong>dictumest.</strong></span> 
     </span>
    </p>

    <p class='ocr_par' dir='ltr' id='par_1_3' title="bbox 54 2324 860 2526">
     <span class='ocr_line' id='line_1_31' title="bbox 86 2324 860 2395; baseline -0.009 -14"><span class='ocrx_word' id='word_1_249' title='bbox 86 2333 122 2381; x_wconf 84' lang='lat' dir='ltr'><strong>dd</strong></span> <span class='ocrx_word' id='word_1_250' title='bbox 139 2331 239 2394; x_wconf 89' lang='lat' dir='ltr'><strong>primum</strong></span> <span class='ocrx_word' id='word_1_251' title='bbox 255 2343 310 2395; x_wconf 78' lang='lat' dir='ltr'><strong>crgo</strong></span> <span class='ocrx_word' id='word_1_252' title='bbox 331 2330 464 2391; x_wconf 74' lang='lat' dir='ltr'><strong>dcendum,</strong></span> <span class='ocrx_word' id='word_1_253' title='bbox 483 2327 543 2393; x_wconf 76' lang='lat' dir='ltr'><strong>qaid</strong></span> <span class='ocrx_word' id='word_1_254' title='bbox 565 2326 686 2392; x_wconf 78' lang='lat' dir='ltr'><strong>Dionysius</strong></span> <span class='ocrx_word' id='word_1_255' title='bbox 710 2324 809 2392; x_wconf 82' lang='lat' dir='ltr'><strong>ioqnimr</strong></span> <span class='ocrx_word' id='word_1_256' title='bbox 831 2325 860 2374; x_wconf 92' lang='lat' dir='ltr'><strong>de</strong></span> 
     </span>
     <span class='ocr_line' id='line_1_32' title="bbox 55 2395 859 2467; baseline -0.007 -15"><span class='ocrx_word' id='word_1_257' title='bbox 55 2401 189 2466; x_wconf 83' lang='lat' dir='ltr'><strong>cognitione</strong></span> <span class='ocrx_word' id='word_1_258' title='bbox 207 2417 288 2454; x_wconf 89' lang='lat' dir='ltr'><strong>eornm</strong></span> <span class='ocrx_word' id='word_1_259' title='bbox 306 2403 347 2467; x_wconf 82' lang='lat' dir='ltr'><strong>qui</strong></span> <span class='ocrx_word' id='word_1_260' title='bbox 366 2397 464 2467; x_wconf 84' lang='lat' dir='ltr'><strong>suntin</strong></span> <span class='ocrx_word' id='word_1_261' title='bbox 482 2400 535 2464; x_wconf 84' lang='lat' dir='ltr'><strong>ria,</strong></span> <span class='ocrx_word' id='word_1_262' title='bbox 552 2399 674 2451; x_wconf 89' lang='lat' dir='ltr'><strong>tendentes</strong></span> <span class='ocrx_word' id='word_1_263' title='bbox 692 2398 721 2447; x_wconf 86' lang='lat' dir='ltr'><strong>ad</strong></span> <span class='ocrx_word' id='word_1_264' title='bbox 736 2395 859 2450; x_wconf 87' lang='lat' dir='ltr'><strong>beatitudi-</strong></span> 
     </span>
     <span class='ocr_line' id='line_1_33' title="bbox 54 2488 118 2526; baseline 0 -2"><span class='ocrx_word' id='word_1_265' title='bbox 54 2488 118 2526; x_wconf 92' lang='lat' dir='ltr'><strong>nem.</strong></span> 
     </span>
    </p>

    <p class='ocr_par' dir='ltr' id='par_1_4' title="bbox 57 2537 861 2897">
     <span class='ocr_line' id='line_1_34' title="bbox 87 2537 860 2610; baseline -0.012 -13"><span class='ocrx_word' id='word_1_266' title='bbox 87 2547 122 2597; x_wconf 79' lang='lat' dir='ltr'><strong>nd</strong></span> <span class='ocrx_word' id='word_1_267' title='bbox 134 2549 260 2598; x_wconf 84' lang='lat' dir='ltr'><strong>secundum</strong></span> <span class='ocrx_word' id='word_1_268' title='bbox 271 2546 409 2610; x_wconf 88' lang='lat' dir='ltr'><strong>dicendum,</strong></span> <span class='ocrx_word' id='word_1_269' title='bbox 420 2545 480 2610; x_wconf 81' lang='lat' dir='ltr'><strong>quod</strong></span> <span class='ocrx_word' id='word_1_270' title='bbox 496 2550 556 2596; x_wconf 83' lang='lat' dir='ltr'><strong>sicut</strong></span> <span class='ocrx_word' id='word_1_271' title='bbox 569 2543 637 2610; x_wconf 88' lang='lat' dir='ltr'><strong>suprd</strong></span> <span class='ocrx_word' id='word_1_272' title='bbox 651 2541 738 2594; x_wconf 86' lang='lat' dir='ltr'><strong>dictum</strong></span> <span class='ocrx_word' id='word_1_273' title='bbox 751 2543 798 2602; x_wconf 85' lang='lat' dir='ltr'><strong>est,</strong></span> <span class='ocrx_word' id='word_1_274' title='bbox 808 2537 860 2588; x_wconf 87' lang='lat' dir='ltr'><strong>finis</strong></span> 
     </span>
     <span class='ocr_line' id='line_1_35' title="bbox 57 2613 861 2689; baseline -0.014 -19"><span class='ocrx_word' id='word_1_275' title='bbox 57 2623 133 2682; x_wconf 91' lang='lat' dir='ltr'><strong>potest</strong></span> <span class='ocrx_word' id='word_1_276' title='bbox 144 2618 216 2684; x_wconf 82' lang='lat' dir='ltr'><strong>accipi</strong></span> <span class='ocrx_word' id='word_1_277' title='bbox 227 2619 355 2689; x_wconf 85' lang='lat' dir='ltr'><strong>dupliciter.</strong></span> <span class='ocrx_word' id='word_1_278' title='bbox 368 2620 418 2668; x_wconf 89' lang='lat' dir='ltr'><strong>Uno</strong></span> <span class='ocrx_word' id='word_1_279' title='bbox 429 2619 496 2669; x_wconf 90' lang='lat' dir='ltr'><strong>modo</strong></span> <span class='ocrx_word' id='word_1_280' title='bbox 505 2621 614 2681; x_wconf 86' lang='lat' dir='ltr'><strong>quantum</strong></span> <span class='ocrx_word' id='word_1_281' title='bbox 625 2617 710 2666; x_wconf 88' lang='lat' dir='ltr'><strong>adrem</strong></span> <span class='ocrx_word' id='word_1_282' title='bbox 724 2613 797 2678; x_wconf 87' lang='lat' dir='ltr'><strong>ipsam</strong></span> <span class='ocrx_word' id='word_1_283' title='bbox 809 2623 861 2689; x_wconf 70' lang='lat' dir='ltr'><strong>qua</strong></span> 
     </span>
     <span class='ocr_line' id='line_1_36' title="bbox 58 2681 861 2757; baseline -0.011 -18"><span class='ocrx_word' id='word_1_284' title='bbox 58 2691 208 2754; x_wconf 63' lang='lat' dir='ltr'><strong>desideratum</strong></span> <span class='ocrx_word' id='word_1_285' title='bbox 226 2695 249 2740; x_wconf 89' lang='lat' dir='ltr'><strong>et</strong></span> <span class='ocrx_word' id='word_1_286' title='bbox 259 2693 304 2741; x_wconf 88' lang='lat' dir='ltr'><strong>hoc</strong></span> <span class='ocrx_word' id='word_1_287' title='bbox 317 2691 384 2741; x_wconf 90' lang='lat' dir='ltr'><strong>modo</strong></span> <span class='ocrx_word' id='word_1_288' title='bbox 394 2691 454 2740; x_wconf 89' lang='lat' dir='ltr'><strong>idem</strong></span> <span class='ocrx_word' id='word_1_289' title='bbox 466 2694 502 2741; x_wconf 89' lang='lat' dir='ltr'><strong>est</strong></span> <span class='ocrx_word' id='word_1_290' title='bbox 513 2691 565 2739; x_wconf 88' lang='lat' dir='ltr'><strong>finis</strong></span> <span class='ocrx_word' id='word_1_291' title='bbox 579 2685 703 2757; x_wconf 83' lang='lat' dir='ltr'><strong>superioris</strong></span> <span class='ocrx_word' id='word_1_292' title='bbox 714 2689 737 2735; x_wconf 88' lang='lat' dir='ltr'><strong>et</strong></span> <span class='ocrx_word' id='word_1_293' title='bbox 746 2681 861 2733; x_wconf 82' lang='lat' dir='ltr'><strong>interioris</strong></span> 
     </span>
     <span class='ocr_line' id='line_1_37' title="bbox 59 2752 858 2831; baseline -0.01 -22"><span class='ocrx_word' id='word_1_294' title='bbox 59 2767 160 2822; x_wconf 75' lang='lat' dir='ltr'><strong>return,</strong></span> <span class='ocrx_word' id='word_1_295' title='bbox 170 2761 222 2811; x_wconf 84' lang='lat' dir='ltr'><strong>imo</strong></span> <span class='ocrx_word' id='word_1_296' title='bbox 228 2763 331 2812; x_wconf 74' lang='lat' dir='ltr'><strong>omninum</strong></span> <span class='ocrx_word' id='word_1_297' title='bbox 343 2773 434 2824; x_wconf 83' lang='lat' dir='ltr'><strong>rerum,</strong></span> <span class='ocrx_word' id='word_1_298' title='bbox 449 2766 475 2811; x_wconf 89' lang='lat' dir='ltr'><strong>ut</strong></span> <span class='ocrx_word' id='word_1_299' title='bbox 485 2759 554 2825; x_wconf 81' lang='lat' dir='ltr'><strong>sopri</strong></span> <span class='ocrx_word' id='word_1_300' title='bbox 565 2760 650 2810; x_wconf 87' lang='lat' dir='ltr'><strong>dicmm</strong></span> <span class='ocrx_word' id='word_1_301' title='bbox 664 2761 706 2808; x_wconf 87' lang='lat' dir='ltr'><strong>est.</strong></span> <span class='ocrx_word' id='word_1_302' title='bbox 719 2755 769 2828; x_wconf 73' lang='lat' dir='ltr'><strong>atio</strong></span> <span class='ocrx_word' id='word_1_303' title='bbox 782 2752 858 2831; x_wconf 83' lang='lat' dir='ltr'><strong>modo,</strong></span> 
     </span>
     <span class='ocr_line' id='line_1_38' title="bbox 59 2823 861 2897; baseline -0.016 -15"><span class='ocrx_word' id='word_1_304' title='bbox 59 2837 169 2895; x_wconf 77' lang='lat' dir='ltr'><strong>questum</strong></span> <span class='ocrx_word' id='word_1_305' title='bbox 183 2835 211 2883; x_wconf 89' lang='lat' dir='ltr'><strong>ad</strong></span> <span class='ocrx_word' id='word_1_306' title='bbox 222 2833 409 2884; x_wconf 82' lang='lat' dir='ltr'><strong>consecutionem</strong></span> <span class='ocrx_word' id='word_1_307' title='bbox 421 2832 491 2897; x_wconf 68' lang='lat' dir='ltr'><strong>taujis</strong></span> <span class='ocrx_word' id='word_1_308' title='bbox 502 2833 554 2891; x_wconf 73' lang='lat' dir='ltr'><strong>rei;¹</strong></span> <span class='ocrx_word' id='word_1_309' title='bbox 564 2835 587 2882; x_wconf 90' lang='lat' dir='ltr'><strong>et</strong></span> <span class='ocrx_word' id='word_1_310' title='bbox 600 2829 633 2882; x_wconf 87' lang='lat' dir='ltr'><strong>sic</strong></span> <span class='ocrx_word' id='word_1_311' title='bbox 648 2829 755 2880; x_wconf 67' lang='lat' dir='ltr'><strong>diversus</strong></span> <span class='ocrx_word' id='word_1_312' title='bbox 764 2827 799 2874; x_wconf 87' lang='lat' dir='ltr'><strong>est</strong></span> <span class='ocrx_word' id='word_1_313' title='bbox 810 2823 861 2871; x_wconf 78' lang='lat' dir='ltr'><strong>titios</strong></span> 
     </span>
    </p>
   </div>
   <div class='ocr_carea' id='block_1_3' title="bbox 61 2891 863 2969">
    <p class='ocr_par' dir='ltr' id='par_1_5' title="bbox 61 2891 863 2969">
     <span class='ocr_line' id='line_1_39' title="bbox 61 2891 863 2969; baseline -0.009 -16"><span class='ocrx_word' id='word_1_314' title='bbox 61 2905 184 2969; x_wconf 85' lang='lat' dir='ltr'><strong>superioris</strong></span> <span class='ocrx_word' id='word_1_315' title='bbox 197 2910 222 2958; x_wconf 89' lang='lat' dir='ltr'><strong>et</strong></span> <span class='ocrx_word' id='word_1_316' title='bbox 234 2905 350 2958; x_wconf 79' lang='lat' dir='ltr'><strong>interioris</strong></span> <span class='ocrx_word' id='word_1_317' title='bbox 363 2907 464 2968; x_wconf 80' lang='lat' dir='ltr'><strong>nature,</strong></span> <span class='ocrx_word' id='word_1_318' title='bbox 481 2902 610 2956; x_wconf 84' lang='lat' dir='ltr'><strong>sectndim·</strong></span> <span class='ocrx_word' id='word_1_319' title='bbox 624 2901 735 2954; x_wconf 84' lang='lat' dir='ltr'><strong>diversam</strong></span> <span class='ocrx_word' id='word_1_320' title='bbox 749 2891 863 2948; x_wconf 75' lang='lat' dir='ltr'><strong>setimdi-</strong></span> 
     </span>
    </p>
   </div>
   <div class='ocr_carea' id='block_1_4' title="bbox 0 0 1002 3309">
    <p class='ocr_par' dir='ltr' id='par_1_6' title="bbox 0 0 1002 3309">
     <span class='ocr_line' id='line_1_40' title="bbox 0 0 1002 3309; baseline 0 0"><span class='ocrx_word' id='word_1_321' title='bbox 0 0 1002 3309; x_wconf 95' lang='lat' dir='ltr'><strong> </strong></span> 
     </span>
    </p>
   </div>
  </div>
 </body>
</html>
