1984 3309
137 184 183 231 att
335 190 395 229 ntus
411 190 433 241 r,
450 188 543 235 onem.
559 188 613 240 xer,
630 186 685 227 tur.
702 186 739 225 ns.

136 268 270 330 tunderes,
283 266 342 317 dcet
353 280 383 317 ex
396 279 465 331 supra
476 265 542 317 dietis
555 268 649 329 apparet
662 265 718 330 (qu.
734 266 780 326 tt,
794 266 841 313 ert.
852 261 889 326 tt.
902 262 938 311 Ex

135 341 231 405 quadarn
245 343 321 389 autem
340 338 477 389 necessitate
487 334 670 401 rontiudtqrtd
685 339 797 400 quantum
811 337 841 386 ad
853 334 939 397 diptoo

136 411 263 463 exteriores
281 424 362 461 sensus
374 410 443 462 homo
457 412 486 462 alt
497 410 547 461 aliia
565 408 702 461 animalibus
718 408 811 459 deliciet
825 424 832 457 ι
851 408 940 457 «Sient

136 484 205 535 homo
216 483 276 534 inter
284 483 362 535 omnia
372 482 478 535 animalia
486 482 557 533 trahet
566 482 693 546 pessimum
701 480 822 530 ellectum.
834 497 849 527 n
858 481 940 530 lteees·
978 535 980 540 ,

137 555 223 606 sarium
232 555 293 605 enim
304 555 347 605 luit
356 555 416 618 quod
426 557 494 606 homo
505 554 565 604 inter
575 554 652 604 omnia
663 551 781 614 animalia,
792 554 897 616 respectu
905 549 941 600 sni
978 565 980 578 ²

138 626 237 689 corporis
254 626 348 677 liaberet
364 625 487 675 maximum
506 625 639 676 cerebrum:
655 627 705 673 turn
720 625 747 672 nt
768 622 863 673 liberium
875 620 901 671 in
914 634 941 671 eo
978 665 980 668 .

136 698 302 763 perficerentur
311 698 456 763 operationes
469 697 602 748 interiorum
613 695 699 746 uirium
711 693 941 757 mundanamque

136 774 190 821 sunt
206 770 338 821 necessarie
353 771 381 820 ad
396 768 526 823 intellectus
545 767 715 831 operationem,
729 769 838 829 utsupra
856 764 942 815 dictum
978 767 980 824 ξ

138 844 174 891 est
189 841 237 906 (qu.
249 846 288 905 at,
300 846 343 894 art.
353 843 395 907 tt3
407 846 456 893 tum
468 841 538 893 etiam
547 845 574 890 ut
583 840 695 903 frigiditas
704 836 793 889 oemtn
803 838 942 901 temperaret
978 853 980 870 ι

139 912 235 963 calorem
251 913 338 977 cordis,
347 927 415 977 ouem
429 927 522 965 necesse
535 912 608 963 estin
622 910 716 963 homine
727 910 844 959 abundare
857 910 888 960 ad
901 910 943 959 ltoe
978 919 980 986 j

139 984 199 1047 quod
212 985 282 1035 homo
292 985 322 1035 sit
331 988 398 1037 reotae
407 989 508 1037 stature.
516 982 647 1047 Magnitudo
655 985 734 1033 autom
742 980 840 1044 cerebri,
851 985 945 1045 propter
978 989 980 1050 r

139 1054 192 1119 ejus,
202 1055 371 1118 humiditatem,
381 1060 417 1107 est
429 1056 619 1121 impedimentum
628 1054 734 1118 ollactus,
743 1054 784 1116 poi
793 1052 893 1117 requirit
904 1054 946 1103 sio-
978 1063 980 1112 ι

139 1127 240 1178 citatem.
256 1128 285 1179 dt
296 1126 400 1180 similitor
413 1132 490 1193 potest
503 1127 614 1191 assignem
624 1126 683 1177 ratio
693 1139 763 1190 qnare
777 1125 885 1189 quedam
894 1124 944 1175 aui·
978 1167 980 1172 .

139 1198 207 1251 malta
219 1203 273 1251 sunt
290 1198 397 1251 acutioris
408 1200 471 1251 risus
488 1204 513 1251 et
530 1198 657 1256 solutioris
669 1198 761 1249 auditus
772 1196 845 1261 quiam
862 1198 946 1258 tono,
978 1231 980 1272 Ι

140 1274 232 1337 propter
256 1272 443 1337 impedimentum
465 1273 549 1323 trorum
569 1284 694 1334 sensuum
712 1270 775 1333 quod
795 1281 895 1321 necesse
913 1273 947 1319 est
978 1277 980 1330 ξ

140 1342 250 1409 consequi
269 1344 293 1393 in
309 1344 401 1394 homine
415 1358 446 1395 en
462 1344 563 1407 perlecta
581 1341 746 1407 complexionis
763 1340 906 1404 eomlitato.
920 1341 947 1389 Et
978 1359 980 1406 ξ

140 1415 219 1467 eadem
233 1415 302 1467 etiam
318 1416 375 1467 ratio
391 1421 426 1467 est
440 1413 576 1477 assignanda
589 1415 618 1465 de
631 1416 692 1474 troo,
705 1411 767 1477 quod
779 1413 888 1476 eundem
901 1412 947 1462 eni·
978 1409 980 1480 l

140 1486 275 1538 maliasont
288 1487 384 1538 homine
394 1487 520 1551 velociora3
534 1487 571 1538 coi
585 1485 727 1539 enoelleutie
738 1483 872 1536 uelocitatis
883 1499 948 1549 repu-
978 1485 980 1546 t

141 1562 196 1621 pnat
207 1559 327 1623 equalitas
337 1561 442 1611 murana
451 1559 622 1623 complexionis.

174 1630 207 1679 td
220 1630 346 1681 secuudum
356 1628 491 1691 dicendum,
503 1629 564 1694 quod
579 1643 664 1681 cornua
678 1632 702 1679 et
713 1628 822 1691 unm,
833 1641 888 1691 que
898 1632 950 1679 sort

142 1701 290 1765 quorumdam
299 1700 429 1750 animalium
439 1714 500 1751 arma
507 1739 516 1765 ,
526 1706 550 1752 et
558 1700 681 1766 spissitudo
694 1699 774 1763 comit,
785 1702 811 1750 et
823 1699 949 1750 muln'tudo
978 1715 980 1720 ·

141 1770 237 1835 pilorum
254 1784 280 1821 ao
294 1773 422 1837 plumarum
433 1784 489 1837 pue
500 1776 555 1823 suut
566 1777 700 1837 meumente
717 1770 868 1835 animalium,
877 1776 950 1823 attes-
978 1773 980 1780 '

142 1846 219 1893 tantur
228 1842 370 1895 adtendautiee
381 1845 494 1895 terroetris
506 1845 627 1908 elementi,
637 1858 688 1908 oue
699 1846 814 1907 repugnat
823 1841 951 1905 errarint

142 1916 167 1965 et
178 1912 325 1965 teneritudini
339 1914 507 1979 completionis
518 1918 632 1967 humane.
641 1917 670 1965 nt
682 1915 735 1965 ideo
741 1916 794 1964 hee
801 1914 894 1963 homiui
905 1928 951 1965 non

142 1986 316 2052 competentem
326 1987 366 2038 sed
373 1987 423 2038 loco
433 1990 516 2039 dorum
526 1988 595 2040 natet
604 1988 716 2039 rationem
724 1990 749 2037 et
758 1999 854 2049 mmsis,
865 1988 951 2051 quibus

142 2061 217 2120 potest
228 2072 308 2123 parare
318 2058 362 2109 sibi
376 2072 439 2123 arma
451 2070 475 2111 et
486 2063 633 2123 tegumenta,
643 2063 668 2110 et
681 2060 725 2110 elia
738 2059 793 2111 vitae
807 2061 949 2123 deserentia,

142 2129 239 2181 induitis
260 2130 342 2182 modis.
359 2131 423 2182 Unde
446 2136 469 2182 et
488 2145 571 2182 marrus
588 2133 612 2181 iu
630 2131 698 2184 tertio
717 2131 746 2181 de
764 2130 842 2181 anima
866 2130 952 2182 dicitu

144 2218 157 2249 o
172 2214 282 2265 organum
298 2216 433 2267 organorum
446 2203 516 2268 (1).»
532 2206 560 2255 nt
572 2206 616 2256 tuoe
634 2204 706 2254 etiam
719 2203 792 2267 megia
802 2205 951 2267 competebat

142 2273 249 2323 rationali
258 2277 344 2325 naturae
352 2288 420 2338 ,pun
432 2280 467 2325 eet
477 2275 618 2325 infinitarum
625 2273 810 2339 conceptionum,
819 2277 848 2323 ut
855 2274 951 2326 heberet

142 2345 273 2396 laenitatem
282 2346 369 2397 intuita
384 2346 536 2399 instrumenta
548 2347 594 2398 stoi
606 2346 710 2411 parandi.

175 2418 209 2467 nd
220 2417 313 2468 tertium
323 2418 461 2483 dicendum,
472 2417 534 2484 qudd
544 2419 627 2471 haltere
640 2424 749 2469 stoarram
762 2422 851 2469 reotrm
863 2432 950 2471 coure-

143 2486 209 2539 niens
228 2488 272 2539 tuit
294 2490 403 2551 homiui,
421 2494 514 2555 propter
531 2494 649 2555 quatuor:
669 2489 747 2541 Prirnd
764 2489 878 2555 quidem,
896 2493 951 2555 quia

143 2573 225 2611 sensus
241 2563 295 2611 suot
308 2560 356 2611 dati
368 2562 513 2613 domininon
527 2562 601 2613 solum
617 2563 645 2614 ad
657 2564 712 2613 ulte
725 2562 857 2614 necessaria
869 2576 951 2628 procu

143 2633 223 2696 raude,
231 2632 290 2683 sieut
299 2632 350 2685 aliis
358 2634 503 2699 animalibus,
515 2635 555 2686 sed
563 2636 633 2685 etiam
641 2636 670 2690 ad
679 2634 863 2699 cognoscendum
872 2652 880 2700 3
889 2638 950 2685 unde

178 2786 209 2852 tl)
223 2792 259 2837 Ex
275 2802 350 2849 greco
365 2800 449 2849 nempe
471 2790 567 2863 ὄργανον
580 2796 628 2842 τῶν
641 2791 761 2864 inritet,
776 2792 828 2839 sire
853 2794 950 2840 tertre-

145 2868 252 2909 nectere
276 2864 513 2914 instrumentorum,
535 2865 603 2922 qumi
622 2865 772 2911 excellentius
792 2869 949 2922 protectore

146 2928 254 2975 cannittttt
267 2926 453 2973 instrumentum.
