1984 3309
146 170 179 210 nn
189 169 230 213 tm!
239 166 298 214 pum
311 167 343 212 uo
356 167 534 214 amandorum
546 166 690 215 autemnon.
772 159 816 206 m

47 244 132 299 tottionem
144 245 224 296 caloris
236 261 242 296 :
252 250 276 300 ct
289 246 336 298 tate
350 245 538 309 impedimentum
550 245 688 310 operationis
705 249 813 310 repugnat

44 315 132 372 tcdcitati.
152 318 201 369 ilio
222 318 304 379 modo,
318 331 360 381 per
375 318 465 368 modum
486 317 603 382 cujusdam
622 317 741 380 detectus,
764 316 818 382 quia

45 387 112 438 aiticet
123 403 158 440 res
172 390 281 454 impedite
293 402 340 446 non
354 389 423 440 trahet
436 388 542 452 quicquid
558 389 585 442 ad
600 388 752 448 omnimodam
768 389 819 454 ejus

44 459 183 519 perfectionem
203 461 326 526 requiritur
344 477 349 509 :
366 463 390 510 et
402 461 448 511 tale
469 459 659 523 impedimentum
680 460 819 525 operationis

44 542 78 578 nor
90 537 194 602 repugnat
207 531 326 596 felicitati,
336 532 378 584 sed
390 531 525 582 omnimoda
538 531 671 600 perfectioni
690 531 776 598 ipsium
797 535 820 581 et

43 600 67 649 sic
79 604 181 668 separatio
195 604 277 656 animm
294 603 413 668 deorpore
432 601 514 655 dicitur
533 600 631 659 animem
647 603 776 666 retardare,
790 613 820 654 ue

44 672 78 721 tota
93 675 211 728 intentione
230 677 311 727 tendm
323 675 348 724 in
365 673 477 724 visionem
494 672 578 724 diuina
596 674 709 725 essentie.
728 671 821 740 dppetit

43 742 90 794 enin
98 748 170 798 amma
183 748 216 799 sic
231 747 277 798 troi
289 748 350 810 Deo,
358 744 420 809 qndd
432 744 500 794 etiam
511 744 561 808 ipsa
572 744 648 794 traditio
659 745 777 798 derivetur
791 743 820 794 ad

43 827 107 881 terpus
118 833 158 884 per
167 820 355 882 redundantiam,
368 817 427 875 sicut
436 822 470 869 est
478 816 587 882 possibile
598 834 603 866 :
615 821 639 868 et
648 816 698 870 idco
710 817 818 883 quamdiu

42 886 78 949 ipse
89 890 165 944 mitur
182 894 230 944 Deo
247 892 297 943 sine
310 903 418 957 corpore,
437 889 551 954 appetitus
564 889 614 952 ejus
634 887 667 940 sic
682 887 777 954 quiescit
794 889 818 937 in
890 937 900 955 Δ,

41 970 73 1021 0⁰,
85 962 138 1028 dudd
157 967 235 1016 amen
249 964 324 1016 adhuc
343 961 372 1012 ad
384 958 649 1025 participationemque
667 959 736 1014 veltet
754 973 818 1011 surum
886 955 888 958 ’

42 1043 106 1096 corpus
122 1036 257 1101 pertingere.

64 1107 91 1156 tr
106 1108 207 1172 quintum
223 1105 433 1171 dicendum,an
451 1103 588 1157 desiderium
607 1103 688 1157 animae
711 1106 819 1166 separatae

42 1176 124 1233 totaliter
137 1178 234 1243 quiescit
246 1194 278 1230 ea
297 1179 373 1243 porte
386 1175 548 1242 appetibilis,
561 1174 614 1240 quia
633 1175 701 1224 habet
722 1173 745 1222 id
760 1175 819 1236 quod

41 1259 72 1296 >tuo
84 1250 189 1316 appetitui
204 1250 302 1316 sufficit3
318 1250 358 1301 sed
378 1261 425 1298 non
443 1246 544 1305 totaliter
560 1245 681 1310 requiescit
695 1259 728 1296 ecc
745 1249 820 1308 parte

41 1324 175 1387 appetenter,
188 1323 242 1387 qnia
255 1321 311 1372 trud
322 1322 407 1372 leonum
420 1332 467 1370 non
480 1317 580 1383 possidet
592 1319 716 1372 secundum
731 1329 820 1368 ornnem

43 1393 115 1444 nudum
129 1407 174 1460 quo
190 1394 306 1462 possidere
320 1393 390 1447 rediet
404 1409 412 1440 a
425 1394 450 1441 et
461 1389 515 1440 ideo
532 1401 624 1452 corpore
640 1391 755 1452 resumpto
768 1387 820 1437 beu·
844 1419 880 1458 s
961 1403 962 1406 ¹

41 1463 99 1514 titudo
110 1466 205 1530 crescit,
220 1478 268 1523 non
281 1462 395 1518 intensive
409 1463 450 1517 sed
462 1459 590 1514 extensive.

65 1536 94 1586 td
107 1542 194 1590 sextum
214 1538 353 1599 dicendum,
370 1534 432 1601 qudd
444 1534 469 1585 id
481 1533 542 1598 quod
558 1531 642 1586 ibidem
655 1530 748 1594 dicitur,
763 1529 823 1592 qudd

44 1622 55 1651 t
66 1609 151 1670 spiritns
169 1611 326 1666 detunctorum
341 1621 387 1658 non
407 1607 441 1663 sic
453 1605 532 1656 rident
548 1605 619 1654 moin
631 1602 692 1655 sicut
706 1600 797 1664 augeli,
808 1617 822 1646 u

43 1691 78 1728 uon
97 1686 129 1734 est
148 1681 320 1749 intelligendum
338 1679 462 1738 secundum
480 1675 657 1742 inequalitatem
676 1673 821 1738 quantitatis,

43 1749 84 1809 tou
96 1753 161 1810 etiam
173 1752 254 1817 mccc,
269 1751 351 1815 alique
371 1751 451 1803 mima
463 1750 582 1804 beatorum
595 1752 648 1803 sunt
661 1747 781 1810 assumptae
795 1745 823 1796 ad

43 1823 155 1883 §aceneres
172 1825 264 1877 ordines
281 1823 428 1888 angelorum,
443 1820 527 1875 clarius
543 1819 645 1873 uidentes
665 1819 736 1871 Deum
756 1815 823 1882 quim

43 1890 144 1947 interiores
165 1897 252 1962 angeli3
276 1895 317 1949 aed
341 1893 475 1959 intelligitur
499 1891 624 1944 seeundum
647 1888 822 1954 iucequetitatem

42 1967 191 2032 proportionis,
205 1966 259 2032 quie
277 1965 352 2030 angeli
364 1965 432 2016 etiam
443 1964 517 2019 intimi
530 1962 615 2018 emeat
631 1973 720 2012 omnem
733 1957 823 2024 perfec·

42 2034 113 2088 tionem
128 2037 290 2100 beatitudinis,
306 2049 375 2101 quam
391 2040 444 2095 sunt
458 2033 571 2097 tradituri,
585 2045 631 2084 non
650 2035 724 2084 autem
743 2029 823 2085 dirime

42 2114 135 2169 tetrante
155 2114 295 2166 sanctorum.

319 2233 477 2286 AR'I'IOELUS
492 2231 532 2282 vl.

94 2353 179 2400 dtrdm
187 2354 219 2403 od
229 2351 400 2400 meccedem
408 2347 550 2421 requirerem
559 2343 762 2402 recuperarem

369 2423 482 2470 corperea.

65 2543 197 2594 deterritum
214 2543 247 2594 sic
263 2540 401 2606 proceditur.
416 2538 510 2591 Videtur
527 2536 589 2601 quod
602 2531 711 2600 pertectio
727 2531 826 2596 corporis

42 2623 77 2660 uon
91 2615 218 2679 requiratur
235 2615 262 2664 ad
275 2611 442 2664 beatitudinem
455 2609 556 2660 hominis
566 2607 688 2672 perfectam
695 2641 704 2668 ,
718 2599 826 2670 perfectio

42 2684 91 2732 curin
102 2685 204 2750 corporis
215 2688 251 2735 est
260 2683 372 2747 quoddam
383 2679 499 2745 corporale
511 2680 604 2730 bonum.
617 2675 660 2728 Sed
671 2671 826 2752 auprdflosteu-

41 2766 80 2803 suurn
93 2761 128 2806 est
143 2760 198 2822 (qu.
212 2759 236 2818 2,
251 2760 294 2806 art.
308 2753 355 2818 5),
370 2753 430 2818 quod
441 2750 557 2802 beatitudo
570 2761 617 2800 non
628 2745 768 2822 consistitur
777 2754 826 2820 eor·

41 2827 141 2882 racidibus
154 2828 229 2880 ionis
240 2828 297 2890 Ergo
311 2827 339 2877 ad
355 2822 519 2892 beatitudinem
533 2819 634 2878 hominis
644 2829 691 2874 utu
705 2815 828 2880 requuutur

42 2896 102 2960 uidua
112 2899 215 2964 perfecta
228 2897 347 2963 dispositio
360 2893 468 2960 eorporis.
