1984 3309
218 169 254 213 ¹nn
269 166 388 209 somnone
403 166 538 206 rasaronurr
554 167 643 207 annua.
786 162 832 208 aas

326 284 483 360 laureanus
499 311 538 361 ur.

71 436 164 481 Utra'cm
177 434 256 490 passio
275 434 307 477 stt
323 434 399 489 mepta
416 432 442 476 ia
461 437 569 489 appetitu
583 434 705 490 smsitivo,
721 437 793 492 quim

211 498 366 555 intellectiva,
378 504 420 559 qui
436 502 526 546 dicator
538 502 656 545 volontas.

60 628 93 677 nd
107 626 203 678 tertium
219 627 252 677 sic
271 628 410 691 proceditur.
426 628 522 679 Videtur
535 628 594 690 quod
611 627 744 691 passionen
762 627 834 689 magis

33 698 59 747 sit
74 699 100 747 in
117 698 223 762 appetitu
240 698 351 749 sensitiva
366 712 432 763 quarn
448 698 474 748 in
490 698 593 762 appetitu
610 698 758 748 intellectiva.
778 698 836 747 lticit

32 770 89 819 enim
102 770 228 833 Dionysius
239 782 288 832 cap.
306 770 333 819 ll.
349 770 385 819 De
394 770 448 819 dio.
463 771 550 831 Nom„
562 769 622 831 quod
635 786 649 815 «
657 768 792 819 Hiemtlreus
805 782 835 819 ex

32 844 130 902 quadarn
141 844 178 891 est
192 841 270 891 doctus
285 840 397 891 diviniore
410 839 571 903 inspiiatione,
586 852 633 889 non
647 838 720 889 sotum
736 839 834 903 discens,

33 914 69 962 sel
80 913 154 963 etiarn
164 912 255 975 patiens
263 911 340 961 divina
351 916 367 976 (ι
374 915 390 973 l.
403 928 417 959 n
425 912 467 961 Sed
477 911 554 975 passio
565 910 694 960 divinornm
705 923 751 960 non
758 913 835 973 potest

32 985 147 1047 pertinere
159 984 188 1032 arl
199 982 325 1046 appetitum
338 982 486 1043 sensitivam,
498 984 564 1047 cujus
574 980 688 1045 objectum
703 984 739 1031 εει
748 979 835 1051 tonum

33 1056 150 1107 sensibile.
167 1056 227 1117 Ergo
241 1054 316 1119 passio
331 1057 367 1104 est
378 1054 403 1103 in
417 1054 519 1118 appetitu
533 1053 688 1115 intellectiva,
703 1053 762 1104 sicut
776 1057 799 1103 et
811 1052 836 1103 iu

34 1129 154 1179 sensitiva.

63 1206 86 1249 2.
103 1200 230 1256 Praeterea,
250 1202 356 1261 «quanto
376 1196 474 1247 activum
492 1200 528 1247 εει
542 1198 671 1259 potentius,
683 1201 747 1248 tanto
761 1198 835 1261 passio

35 1275 68 1320 est
90 1269 179 1321 tortior.
203 1284 217 1314 n
231 1268 276 1318 Sed
294 1268 407 1332 objectum
425 1268 540 1331 appetitus
555 1268 706 1329 intellectivi,
720 1269 781 1331 qnod
799 1272 836 1319 est

35 1342 119 1392 bouum
138 1326 284 1403 universale,
299 1343 335 1390 est
357 1338 472 1403 potentius
494 1340 612 1403 activum,
630 1352 699 1403 qnam
719 1338 836 1403 obiectum

35 1414 151 1477 appetitus
171 1410 289 1474 sensitivi,
308 1412 368 1474 quod
388 1414 422 1461 est
439 1411 573 1474 particulare
586 1411 679 1460 bouum.
701 1411 761 1473 Ergo
779 1410 837 1461 ratio

36 1484 148 1547 passionis
164 1483 237 1546 magis
254 1482 370 1532 iuvenitur
387 1481 411 1531 in
429 1482 531 1547 appetitu
550 1481 706 1545 intellectiva,
720 1495 789 1545 quam
811 1481 836 1530 in

37 1556 141 1619 appetita
153 1555 275 1604 sensitiva.

67 1632 89 1677 a.
106 1629 233 1688 Propterea,
251 1624 357 1687 garrulinm
371 1628 394 1675 ει
409 1639 473 1675 amor
489 1626 607 1689 passiones
624 1624 726 1689 quadam
738 1638 790 1675 esse
802 1624 838 1675 di-

37 1704 118 1749 cuutur
132 1698 173 1761 (2).
188 1697 233 1746 Sed
251 1698 300 1747 llaec
314 1696 459 1747 inveniuntur
475 1698 501 1747 in
517 1696 620 1761 appetitu
638 1696 794 1758 intellectiva,
813 1698 838 1746 et
891 1723 894 1730 ‹

38 1785 80 1821 non
99 1770 174 1821 solum
188 1768 212 1818 in
227 1768 349 1832 sensitiv03
365 1768 464 1833 alioquin
480 1782 525 1819 non
538 1769 716 1819 attribuerentur
725 1763 750 1819 ir'r
761 1768 837 1833 Scrip

38 1843 93 1892 turis
107 1842 192 1891 Decet
209 1840 304 1903 angelis.
317 1840 377 1903 Ergo
386 1839 507 1903 passiones
523 1853 569 1891 non
579 1840 653 1903 magis
665 1844 720 1891 sunt
733 1840 758 1889 in
768 1852 838 1904 appe

39 1914 80 1963 titn
90 1911 215 1975 sensitlvo,
225 1925 293 1975 qnam
303 1910 327 1959 in
340 1911 487 1961 intellectiva.

68 1985 114 2035 Sed
127 1986 207 2034 contra
221 1986 269 2045 est,
284 1983 344 2046 quod
357 1981 413 2032 dicit
426 1986 581 2031 Damascenns
598 1982 622 2031 in
636 1982 677 2032 lib.
690 1982 720 2031 ll.
736 1982 774 2031 De
786 1983 839 2045 fide

39 2056 139 2107 orthod.
156 2058 224 2119 (cap.
239 2054 295 2118 ii),
310 2053 440 2105 describens
456 2052 565 2103 animales
577 2054 695 2115 passiones
709 2068 716 2102 t
733 2070 748 2101 a
761 2052 839 2105 Passio

40 2134 75 2179 est
89 2132 165 2178 motus
179 2126 310 2191 appetitiva
325 2125 416 2175 virtutis
429 2124 560 2193 sensibilis,
575 2123 599 2171 in
611 2123 772 2186 imaginatione
783 2124 838 2174 boni

41 2202 78 2250 vel
94 2200 156 2249 mali.
174 2216 187 2245 n
203 2198 231 2247 ιιι
245 2198 311 2247 aliter
328 2212 333 2245 :
351 2197 455 2247 «Passio
471 2200 508 2247 est
518 2200 594 2246 motus
608 2193 743 2245 irrationalis
756 2194 839 2247 anima

43 2287 81 2337 per
100 2270 268 2333 susceptionem
282 2268 336 2320 boni
353 2272 377 2319 et
391 2268 453 2318 mali.
464 2284 478 2315 n
851 2315 856 2326 ,

76 2344 233 2405 (Concunsro.
243 2368 273 2379 —
281 2340 338 2391 Cum
348 2340 409 2389 nulla
418 2339 442 2389 in
453 2339 556 2404 appetitu
564 2337 704 2395 intellectiva
715 2336 842 2399 requiratur

44 2413 165 2477 corporalis
180 2411 355 2474 transmutatio,
375 2410 447 2475 magis
467 2409 557 2475 proprie
571 2409 597 2458 in
615 2408 718 2472 appetitu
732 2408 842 2459 sensitiva

44 2498 109 2547 quarn
126 2483 267 2533 intellectiva
280 2483 393 2547 passionis
407 2482 464 2532 ratio
476 2480 620 2542 invenitur.)

74 2556 210 2621 Respondeo
226 2554 361 2617 dicendum,
378 2554 437 2617 quod
455 2552 514 2603 sicut
531 2552 580 2615 jam
597 2551 682 2600 dictum
700 2555 752 2612 est,
767 2550 845 2615 passio

77 2694 108 2757 (l)
130 2694 176 2744 Vel
193 2694 292 2749 eleganti
313 2691 424 2737 allusione
441 2702 529 2748 graeca,
543 2688 569 2739 οὐ
589 2689 656 2757 μόνον
670 2687 766 2757 μαθὼν,
780 2684 845 2736 ἀλλὰ

44 2766 136 2827 παθὼν,
153 2765 197 2821 qai
209 2776 260 2808 ooo
273 2764 351 2807 rotam
366 2760 470 2813 didicit,
485 2762 525 2807 aad
536 2773 623 2819 poam
634 2763 675 2807 cst.

78 2836 109 2899 (2)
122 2839 152 2883 aa
163 2836 192 2879 de
204 2846 292 2892 amore,
305 2848 344 2890 qu.
357 2832 397 2892 ΞΤ,
407 2845 434 2879 ac
446 2832 473 2881 de
485 2829 684 2892 gaudio,qn.81,
695 2831 739 2877 suh
750 2831 844 2876 nominc

45 2900 206 2947 delectationis
218 2897 358 2945 ostendetur.

708 2962 752 3011 ’61
