1984 3309
253 210 284 250 os
298 207 459 252 murrona
474 205 629 252 lucrantem
644 217 648 222 ·
797 200 842 254 oft

76 291 211 354 lismondeo
224 287 358 354 dicendum,
371 289 433 354 qnod
445 289 505 341 deut
520 289 651 343 dictumest
666 291 726 352 (art.
736 291 782 354 tl,
796 303 844 347 una
927 289 929 294 ’

47 361 171 412 hierarchia
183 366 219 412 eet
229 374 290 413 unas
306 362 461 426 principatus,
476 363 561 426 idest,
579 373 627 414 nna
639 362 761 414 mutitudu
781 363 843 414 ordi-

47 441 96 483 nata
108 446 157 484 nno
171 435 239 485 modo
248 435 294 485 erro
309 433 419 498 principis
432 435 605 498 gubernatione.
624 437 675 486 lton
691 438 766 486 auom
778 440 843 487 esset

47 506 162 556 mulimdo
173 505 289 566 ordinata,
303 507 344 556 sed
358 506 465 567 mufnsa,
480 506 538 556 siin
551 507 694 558 multitudiue
707 507 792 557 ditusi
806 516 843 558 or·

47 577 106 626 limes
119 591 167 628 oon
180 581 265 628 emeat
277 579 329 642 ipsa
339 586 393 641 ergo
407 577 466 628 ratio
479 573 615 629 olemrouilae
627 578 721 643 requirit
737 578 842 628 ordinum

46 647 205 700 ormontem.
219 649 275 708 Quae
288 649 381 712 quidem
397 649 519 700 direntes
538 650 641 700 ordinum
661 649 786 702 monimum
802 649 841 700 di-

46 733 107 772 rersa
119 722 199 772 nidmu
212 725 238 771 ot
252 724 317 772 actus
332 720 501 783 consideratur,
516 721 576 771 snut
594 720 731 786 patrtorrdd
753 721 777 771 in
796 733 842 772 nna

45 792 132 843 civitate
149 797 204 844 suot
217 793 300 852 diremi
316 793 420 846 ndum.
440 792 565 843 secondum
578 794 680 844 dirmsos
697 794 775 856 actim
788 801 841 844 unm

46 864 99 914 alius
119 869 155 916 est
176 865 233 916 ordo
248 865 416 929 iudicantium,
431 867 455 915 et
474 865 533 936 auus
556 865 723 931 pugnantium
740 869 764 916 et
784 865 842 916 alius

46 933 190 987 laborantium
205 937 232 986 in
242 937 318 1002 agris,
338 939 361 986 ef
375 934 408 985 sic
419 937 446 986 de
462 935 522 986 aliis
538 936 583 987 Sed
598 936 701 1000 quamvis
717 935 783 987 multi
794 936 840 986 sint

46 1007 219 1061 numanitatis
232 1007 337 1070 ordines,
350 1015 433 1057 omnes
448 1010 525 1058 mmet
538 1009 627 1060 adires
643 1011 739 1074 possunt
748 1007 840 1072 reduci,

45 1080 163 1130 somnum
173 1079 237 1144 quod
249 1080 358 1148 quelilet
371 1078 491 1129 multitudo
502 1080 602 1145 perfecta
613 1081 682 1131 habet
693 1078 840 1146 principium,

46 1151 137 1201 medium
148 1155 173 1201 ct
184 1151 265 1201 linem.
279 1151 342 1201 Unde
352 1153 375 1201 et
383 1150 408 1199 in
418 1145 550 1201 ciuitatibus
562 1151 643 1216 triplex
656 1150 710 1202 urdo
724 1149 841 1202 hominurn

46 1221 162 1273 ioremtnr.
177 1223 276 1282 Qunam
292 1223 355 1276 eninr
368 1226 423 1286 sunt
434 1222 548 1286 supremi,
560 1226 586 1276 ut
598 1223 734 1288 optimatem
748 1223 841 1286 quidam

47 1298 115 1343 autem
135 1298 190 1345 sunt
214 1290 305 1354 infimi,
324 1299 350 1344 ut
363 1294 425 1354 ‚vilis
439 1295 554 1358 populus3
574 1294 667 1360 quidam
686 1297 764 1345 autem
788 1299 842 1346 suut

47 1365 121 1428 medii,
137 1365 164 1416 n't
177 1366 278 1431 populns
296 1365 443 1418 honorabilis.
457 1364 497 1415 Sic
509 1366 578 1429 igitur
593 1370 616 1416 et
629 1366 654 1415 iu
673 1364 775 1428 qualibet
788 1363 844 1415 hie-

48 1434 243 1502 maurogenna
252 1434 344 1488 ordines
353 1433 524 1502 distinguuntur
533 1436 658 1488 secundino
669 1436 772 1486 diversos
781 1439 844 1486 actus

46 1510 65 1554 et
75 1507 159 1573 oficia3
175 1512 201 1560 et
213 1507 289 1560 omnis
299 1507 344 1558 ista
357 1508 473 1559 diuersitas
483 1510 513 1570 ad
526 1507 570 1558 tria
580 1508 702 1568 reducitur,
715 1505 803 1558 scilicet
815 1507 843 1558 ad

46 1591 167 1645 summum,
185 1581 289 1632 medium
305 1584 331 1631 ct
347 1579 459 1630 mimum.
480 1583 508 1630 Et
529 1585 621 1645 propter
639 1583 683 1630 lroc
699 1577 725 1628 iu
744 1575 844 1642 mediet

47 1651 164 1706 hierarchia
180 1653 306 1717 Dionysius
324 1651 390 1716 ponit
403 1655 450 1703 trus
468 1652 559 1703 ordines
579 1655 619 1716 tut
639 1651 679 1701 lio.
695 1651 733 1700 De
750 1649 842 1700 celent.

47 1721 162 1776 irroraret,
179 1728 260 1790 patet,
275 1737 325 1789 cap.
339 1728 367 1785 i,
385 1727 400 1772 8
413 1727 488 1786 etti).

74 1795 105 1844 ll
117 1792 222 1861 primum
237 1808 293 1860 ergo
309 1795 442 1858 dmeudum,
456 1796 518 1860 qood
532 1795 596 1846 ordo
611 1793 732 1859 dupliciter
751 1793 842 1844 dcitur.

50 1864 92 1916 t'no
108 1869 190 1932 modo,
212 1868 267 1932 ipsa
284 1868 398 1919 ordinatio
416 1868 612 1932 comprehendens
631 1867 673 1918 sub
695 1880 720 1917 se
742 1865 845 1916 diversos

49 1939 134 2001 grados,
145 1942 169 1989 et
180 1941 228 1990 hoc
241 1939 309 1990 modo
319 1937 446 1993 hieramhia
456 1938 538 1990 dicitu
548 1939 611 1990 ordo.
628 1937 753 1988 ullomodo
764 1935 845 1986 dicitur

49 2009 101 2057 ordo
113 2011 198 2074 padus
210 2025 288 2074 unus3
303 2014 328 2062 et
341 2011 375 2061 sic
390 2010 496 2061 dicuntur
510 2012 587 2078 piures
603 2007 695 2059 ordines
708 2006 776 2056 nnius
791 2005 844 2056 hie-

50 2080 143 2132 ranchiar.

75 2152 106 2200 ll
130 2154 263 2210 meandum
283 2152 418 2217 dicendum,
441 2153 502 2218 quod
528 2153 552 2202 iu
578 2151 687 2202 sodelate
714 2147 846 2211 augelorum

50 2222 117 2274 omnia
128 2225 281 2289 possidentur
297 2225 460 2286 commendem
473 2225 514 2276 seri
531 2229 608 2274 umen
619 2221 722 2286 medam
734 2216 847 2270 exceden-

51 2291 88 2343 tiis
98 2296 212 2346 habentur
221 2294 236 2346 a
245 2295 388 2360 murenam,
396 2297 464 2360 quim
473 2298 501 2348 ab
510 2296 569 2347 aliis.
581 2293 760 2357 Unumquodque
770 2294 846 2342 autem

50 2365 162 2425 maeotis
175 2369 276 2418 habeon
286 2368 314 2418 ab
328 2381 357 2422 eo
371 2369 412 2432 oui
426 2371 505 2432 potest
516 2366 571 2418 illud
580 2364 765 2424 ,communicare
777 2361 846 2426 quim

51 2436 73 2483 uh
85 2451 110 2488 eo
123 2439 162 2503 qui
174 2454 226 2490 non
236 2442 328 2503 potest:
343 2438 403 2490 sicu
415 2438 539 2504 perfectius
548 2441 584 2488 est
594 2436 693 2486 calidum
701 2436 761 2500 qnod
771 2439 847 2499 potest

51 2508 182 2573 calefacere,
193 2510 264 2574 quim
272 2512 334 2574 qnod
344 2525 390 2563 uun
399 2514 489 2576 potest3
501 2513 524 2562 et
533 2505 659 2574 perductilis
671 2506 713 2556 scit
721 2507 761 2570 qni
770 2509 847 2571 potest

52 2579 138 2646 docere,
154 2583 227 2648 quarn
245 2583 286 2645 qui
304 2595 352 2632 non
366 2585 449 2647 potest.
469 2585 497 2632 lit
515 2579 601 2645 quanto
618 2574 745 2642 perfectius
762 2579 846 2628 donum

51 2651 123 2713 aliquis
137 2654 310 2706 communicare
328 2658 418 2720 potest,
433 2654 496 2705 unii>
512 2649 683 2715 imperfectiori
702 2649 772 2712 gredo
789 2654 823 2700 est
835 2666 844 2700 -:

52 2722 102 2774 sient
118 2725 295 2794 imperfectiori
313 2723 383 2788 gradu
400 2725 527 2790 magisterii
548 2727 597 2786 esi,
614 2721 654 2785 qui
672 2725 748 2784 potest
767 2722 847 2772 docere

52 2794 144 2848 altiorem
155 2799 291 2850 scientiam.
314 2799 344 2848 Et
366 2797 491 2850 mumdum
505 2799 565 2847 lanc
589 2791 760 2845 similitudinem
773 2790 847 2842 cousi·

53 2863 139 2920 lemnia
156 2874 195 2922 eet
214 2869 462 2932 diversitmuraduam
477 2869 514 2922 rel
531 2865 636 2919 ominum
652 2863 676 2914 iu
694 2863 795 2926 augelis,
810 2875 847 2914 sa-

54 2939 140 2991 emtum
151 2941 246 2994 diersa
259 2939 337 2993 officia
347 2943 371 2991 et
381 2944 453 2992 astus.
