<?xml version="1.0" encoding="UTF-8"?>
<!DOCTYPE html PUBLIC "-//W3C//DTD XHTML 1.0 Transitional//EN"
    "http://www.w3.org/TR/xhtml1/DTD/xhtml1-transitional.dtd">
<html xmlns="http://www.w3.org/1999/xhtml" xml:lang="en" lang="en">
 <head>
  <title>
</title>
<meta http-equiv="Content-Type" content="text/html;charset=utf-8" />
  <meta name='ocr-system' content='tesseract 3.04.00' />
  <meta name='ocr-capabilities' content='ocr_page ocr_carea ocr_par ocr_line ocrx_word'/>
</head>
<body>
  <div class='ocr_page' id='page_1' title='image "./summatheologica00nicogoog_0189.png"; bbox 0 0 1984 3309; ppageno 0'>
   <div class='ocr_carea' id='block_1_1' title="bbox 147 196 762 257">
    <p class='ocr_par' dir='ltr' id='par_1_1' title="bbox 147 196 762 257">
     <span class='ocr_line' id='line_1_1' title="bbox 147 196 762 257; baseline 0 -14"><span class='ocrx_word' id='word_1_1' title='bbox 147 196 193 243; x_wconf 82' lang='lat' dir='ltr'><strong>lat</strong></span> <span class='ocrx_word' id='word_1_2' title='bbox 326 208 387 244; x_wconf 81' lang='lat' dir='ltr'><strong>raas</strong></span> <span class='ocrx_word' id='word_1_3' title='bbox 402 209 424 257; x_wconf 89' lang='lat' dir='ltr'><strong>r,</strong></span> <span class='ocrx_word' id='word_1_4' title='bbox 440 205 533 251; x_wconf 72' lang='lat' dir='ltr'><strong>ouasr.</strong></span> <span class='ocrx_word' id='word_1_5' title='bbox 552 208 638 254; x_wconf 80' lang='lat' dir='ltr'><strong>mlx,</strong></span> <span class='ocrx_word' id='word_1_6' title='bbox 655 206 710 245; x_wconf 82' lang='lat' dir='ltr'><strong>aar.</strong></span> <span class='ocrx_word' id='word_1_7' title='bbox 728 208 762 245; x_wconf 83' lang='lat' dir='ltr'><strong>ra.</strong></span> 
     </span>
    </p>
   </div>
   <div class='ocr_carea' id='block_1_2' title="bbox 147 282 958 493">
    <p class='ocr_par' dir='ltr' id='par_1_2' title="bbox 147 282 958 493">
     <span class='ocr_line' id='line_1_2' title="bbox 178 282 957 350; baseline 0.004 -17"><span class='ocrx_word' id='word_1_8' title='bbox 178 288 203 333; x_wconf 69' lang='grc' dir='ltr'><strong>Ξ.</strong></span> <span class='ocrx_word' id='word_1_9' title='bbox 224 284 353 345; x_wconf 62' lang='lat' dir='ltr'><strong>halem,</strong></span> <span class='ocrx_word' id='word_1_10' title='bbox 372 282 523 347; x_wconf 79' lang='lat' dir='ltr'><strong>Philosophus</strong></span> <span class='ocrx_word' id='word_1_11' title='bbox 546 283 572 332; x_wconf 90' lang='lat' dir='ltr'><strong>iu</strong></span> <span class='ocrx_word' id='word_1_12' title='bbox 590 284 673 333; x_wconf 79' lang='lat' dir='ltr'><strong>llllle</strong></span> <span class='ocrx_word' id='word_1_13' title='bbox 691 284 875 345; x_wconf 60' lang='lat' dir='ltr'><strong>uolnerauerat.</strong></span> <span class='ocrx_word' id='word_1_14' title='bbox 896 286 957 350; x_wconf 76' lang='lat'><strong>2⁰),</strong></span> 
     </span>
     <span class='ocr_line' id='line_1_3' title="bbox 147 354 957 421; baseline 0.001 -16"><span class='ocrx_word' id='word_1_15' title='bbox 147 354 248 405; x_wconf 72' lang='lat' dir='ltr'><strong>attribuit</strong></span> <span class='ocrx_word' id='word_1_16' title='bbox 259 354 388 407; x_wconf 87' lang='lat' dir='ltr'><strong>iulolleetui</strong></span> <span class='ocrx_word' id='word_1_17' title='bbox 401 354 492 418; x_wconf 75' lang='lat' dir='ltr'><strong>agouti,</strong></span> <span class='ocrx_word' id='word_1_18' title='bbox 505 356 564 418; x_wconf 84' lang='lat' dir='ltr'><strong>quod</strong></span> <span class='ocrx_word' id='word_1_19' title='bbox 579 366 624 404; x_wconf 86' lang='lat' dir='ltr'><strong>uon</strong></span> <span class='ocrx_word' id='word_1_20' title='bbox 634 373 647 402; x_wconf 82' lang='lat' dir='ltr'><strong>u</strong></span> <span class='ocrx_word' id='word_1_21' title='bbox 657 354 778 418; x_wconf 86' lang='lat' dir='ltr'><strong>aliquando</strong></span> <span class='ocrx_word' id='word_1_22' title='bbox 790 355 917 421; x_wconf 83' lang='lat' dir='ltr'><strong>iutelligit,</strong></span> <span class='ocrx_word' id='word_1_23' title='bbox 935 362 957 409; x_wconf 87' lang='lat' dir='ltr'><strong>el</strong></span> 
     </span>
     <span class='ocr_line' id='line_1_4' title="bbox 147 426 958 493; baseline 0.001 -16"><span class='ocrx_word' id='word_1_24' title='bbox 147 427 267 490; x_wconf 81' lang='lat' dir='ltr'><strong>aliquando</strong></span> <span class='ocrx_word' id='word_1_25' title='bbox 282 440 328 478; x_wconf 90' lang='lat' dir='ltr'><strong>uou</strong></span> <span class='ocrx_word' id='word_1_26' title='bbox 337 426 451 490; x_wconf 77' lang='lat' dir='ltr'><strong>iutelligit.</strong></span> <span class='ocrx_word' id='word_1_27' title='bbox 461 445 475 473; x_wconf 76' lang='grc' dir='ltr'>ι</span> <span class='ocrx_word' id='word_1_28' title='bbox 485 428 530 477; x_wconf 86' lang='lat' dir='ltr'><strong>Sed</strong></span> <span class='ocrx_word' id='word_1_29' title='bbox 544 427 618 476; x_wconf 86' lang='lat' dir='ltr'><strong>anima</strong></span> <span class='ocrx_word' id='word_1_30' title='bbox 631 430 708 477; x_wconf 88' lang='lat' dir='ltr'><strong>uestra</strong></span> <span class='ocrx_word' id='word_1_31' title='bbox 719 440 765 477; x_wconf 84' lang='lat' dir='ltr'><strong>nou</strong></span> <span class='ocrx_word' id='word_1_32' title='bbox 777 440 878 493; x_wconf 87' lang='lat' dir='ltr'><strong>semper</strong></span> <span class='ocrx_word' id='word_1_33' title='bbox 889 429 958 481; x_wconf 84' lang='lat' dir='ltr'><strong>iutel-</strong></span> 
     </span>
    </p>
   </div>
   <div class='ocr_carea' id='block_1_3' title="bbox 100 506 991 2430">
    <p class='ocr_par' dir='ltr' id='par_1_3' title="bbox 145 506 958 644">
     <span class='ocr_line' id='line_1_5' title="bbox 145 506 958 575; baseline 0.002 -17"><span class='ocrx_word' id='word_1_34' title='bbox 145 506 204 571; x_wconf 78' lang='lat' dir='ltr'><strong>ligit,</strong></span> <span class='ocrx_word' id='word_1_35' title='bbox 217 510 257 559; x_wconf 84' lang='lat' dir='ltr'><strong>sed</strong></span> <span class='ocrx_word' id='word_1_36' title='bbox 267 508 387 572; x_wconf 84' lang='lat' dir='ltr'><strong>aliquando</strong></span> <span class='ocrx_word' id='word_1_37' title='bbox 400 508 519 570; x_wconf 78' lang='lat' dir='ltr'><strong>inlelligit,</strong></span> <span class='ocrx_word' id='word_1_38' title='bbox 531 507 683 571; x_wconf 78' lang='lat' dir='ltr'><strong>utaliquando</strong></span> <span class='ocrx_word' id='word_1_39' title='bbox 697 520 743 557; x_wconf 88' lang='lat' dir='ltr'><strong>uon</strong></span> <span class='ocrx_word' id='word_1_40' title='bbox 756 506 884 573; x_wconf 79' lang='lat' dir='ltr'><strong>iutelligit.</strong></span> <span class='ocrx_word' id='word_1_41' title='bbox 898 514 958 575; x_wconf 83' lang='lat' dir='ltr'><strong>Ergo</strong></span> 
     </span>
     <span class='ocr_line' id='line_1_6' title="bbox 148 578 763 644; baseline -0.005 -15"><span class='ocrx_word' id='word_1_42' title='bbox 148 579 277 630; x_wconf 86' lang='lat' dir='ltr'><strong>intellectus</strong></span> <span class='ocrx_word' id='word_1_43' title='bbox 290 594 361 644; x_wconf 78' lang='lat' dir='ltr'><strong>ageas</strong></span> <span class='ocrx_word' id='word_1_44' title='bbox 374 592 420 630; x_wconf 88' lang='lat' dir='ltr'><strong>uou</strong></span> <span class='ocrx_word' id='word_1_45' title='bbox 433 584 467 629; x_wconf 86' lang='lat' dir='ltr'><strong>est</strong></span> <span class='ocrx_word' id='word_1_46' title='bbox 479 578 564 642; x_wconf 86' lang='lat' dir='ltr'><strong>aliquid</strong></span> <span class='ocrx_word' id='word_1_47' title='bbox 575 578 657 629; x_wconf 79' lang='lat' dir='ltr'><strong>animae</strong></span> <span class='ocrx_word' id='word_1_48' title='bbox 672 583 763 630; x_wconf 78' lang='lat' dir='ltr'><strong>uostrae.</strong></span> 
     </span>
    </p>

    <p class='ocr_par' dir='ltr' id='par_1_4' title="bbox 147 648 991 1073">
     <span class='ocr_line' id='line_1_7' title="bbox 179 648 991 716; baseline 0.007 -16"><span class='ocrx_word' id='word_1_49' title='bbox 179 657 203 701; x_wconf 80' lang='grc'><strong>3.</strong></span> <span class='ocrx_word' id='word_1_50' title='bbox 218 654 345 713; x_wconf 78' lang='lat' dir='ltr'><strong>Praeterea,</strong></span> <span class='ocrx_word' id='word_1_51' title='bbox 365 664 435 716; x_wconf 75' lang='lat' dir='ltr'><strong>ageas</strong></span> <span class='ocrx_word' id='word_1_52' title='bbox 456 654 480 700; x_wconf 89' lang='lat' dir='ltr'><strong>et</strong></span> <span class='ocrx_word' id='word_1_53' title='bbox 495 650 585 713; x_wconf 87' lang='lat' dir='ltr'><strong>patiens</strong></span> <span class='ocrx_word' id='word_1_54' title='bbox 602 650 718 700; x_wconf 86' lang='lat' dir='ltr'><strong>sulhoiuut</strong></span> <span class='ocrx_word' id='word_1_55' title='bbox 738 653 764 701; x_wconf 85' lang='lat' dir='ltr'><strong>al</strong></span> <span class='ocrx_word' id='word_1_56' title='bbox 783 656 918 715; x_wconf 74' lang='lat' dir='ltr'><strong>agendum.</strong></span> <span class='ocrx_word' id='word_1_57' title='bbox 934 655 957 705; x_wconf 84' lang='lat' dir='ltr'><strong>Si</strong></span> <span class='ocrx_word' id='word_1_58' title='bbox 990 648 991 691; x_wconf 82' lang='lat' dir='ltr'><strong>l</strong></span> 
     </span>
     <span class='ocr_line' id='line_1_8' title="bbox 147 721 991 791; baseline 0.007 -20"><span class='ocrx_word' id='word_1_59' title='bbox 147 722 217 785; x_wconf 75' lang='lat' dir='ltr'><strong>igitur</strong></span> <span class='ocrx_word' id='word_1_60' title='bbox 227 723 354 774; x_wconf 83' lang='lat' dir='ltr'><strong>intellectus</strong></span> <span class='ocrx_word' id='word_1_61' title='bbox 368 724 473 787; x_wconf 81' lang='lat' dir='ltr'><strong>passivus</strong></span> <span class='ocrx_word' id='word_1_62' title='bbox 487 726 522 771; x_wconf 89' lang='lat' dir='ltr'><strong>est</strong></span> <span class='ocrx_word' id='word_1_63' title='bbox 543 721 625 785; x_wconf 86' lang='lat' dir='ltr'><strong>aliquid</strong></span> <span class='ocrx_word' id='word_1_64' title='bbox 644 722 725 773; x_wconf 78' lang='lat' dir='ltr'><strong>aalma</strong></span> <span class='ocrx_word' id='word_1_65' title='bbox 740 724 848 787; x_wconf 74' lang='lat' dir='ltr'><strong>uoslrae,</strong></span> <span class='ocrx_word' id='word_1_66' title='bbox 864 728 909 791; x_wconf 85' lang='lat' dir='ltr'><strong>qui</strong></span> <span class='ocrx_word' id='word_1_67' title='bbox 923 732 958 779; x_wconf 88' lang='lat' dir='ltr'><strong>esl</strong></span> <span class='ocrx_word' id='word_1_68' title='bbox 990 738 991 755; x_wconf 81' lang='lat'>³</span> 
     </span>
     <span class='ocr_line' id='line_1_9' title="bbox 147 793 960 859; baseline 0.012 -19"><span class='ocrx_word' id='word_1_69' title='bbox 147 794 220 845; x_wconf 84' lang='lat' dir='ltr'><strong>virtus</strong></span> <span class='ocrx_word' id='word_1_70' title='bbox 235 796 339 859; x_wconf 82' lang='lat' dir='ltr'><strong>passiaa3</strong></span> <span class='ocrx_word' id='word_1_71' title='bbox 352 800 375 845; x_wconf 93' lang='lat' dir='ltr'><strong>et</strong></span> <span class='ocrx_word' id='word_1_72' title='bbox 393 793 497 844; x_wconf 87' lang='lat' dir='ltr'><strong>simililer</strong></span> <span class='ocrx_word' id='word_1_73' title='bbox 515 793 646 843; x_wconf 83' lang='lat' dir='ltr'><strong>intellectus</strong></span> <span class='ocrx_word' id='word_1_74' title='bbox 664 806 748 857; x_wconf 75' lang='lat' dir='ltr'><strong>agens,</strong></span> <span class='ocrx_word' id='word_1_75' title='bbox 763 795 804 857; x_wconf 89' lang='lat' dir='ltr'><strong>qui</strong></span> <span class='ocrx_word' id='word_1_76' title='bbox 823 800 863 847; x_wconf 86' lang='lat' dir='ltr'><strong>est</strong></span> <span class='ocrx_word' id='word_1_77' title='bbox 886 798 960 849; x_wconf 85' lang='lat' dir='ltr'><strong>virtus</strong></span> 
     </span>
     <span class='ocr_line' id='line_1_10' title="bbox 148 865 957 931; baseline 0.007 -18"><span class='ocrx_word' id='word_1_78' title='bbox 148 866 233 929; x_wconf 82' lang='lat' dir='ltr'><strong>activa,</strong></span> <span class='ocrx_word' id='word_1_79' title='bbox 251 866 353 930; x_wconf 87' lang='lat' dir='ltr'><strong>sequitur</strong></span> <span class='ocrx_word' id='word_1_80' title='bbox 371 866 431 930; x_wconf 77' lang='lat' dir='ltr'><strong>quoel</strong></span> <span class='ocrx_word' id='word_1_81' title='bbox 448 867 517 916; x_wconf 86' lang='lat' dir='ltr'><strong>bomo</strong></span> <span class='ocrx_word' id='word_1_82' title='bbox 535 878 625 929; x_wconf 84' lang='lat' dir='ltr'>semper</span> <span class='ocrx_word' id='word_1_83' title='bbox 644 865 727 929; x_wconf 84' lang='lat' dir='ltr'><strong>poterii</strong></span> <span class='ocrx_word' id='word_1_84' title='bbox 743 865 881 931; x_wconf 81' lang='lat' dir='ltr'><strong>inlelligere</strong></span> <span class='ocrx_word' id='word_1_85' title='bbox 906 871 957 921; x_wconf 80' lang='lat' dir='ltr'><strong>ebur</strong></span> 
     </span>
     <span class='ocr_line' id='line_1_11' title="bbox 147 937 959 1002; baseline 0.007 -16"><span class='ocrx_word' id='word_1_86' title='bbox 147 938 262 1002; x_wconf 82' lang='lat' dir='ltr'><strong>voluerit3</strong></span> <span class='ocrx_word' id='word_1_87' title='bbox 276 939 336 1002; x_wconf 83' lang='lat' dir='ltr'><strong>quod</strong></span> <span class='ocrx_word' id='word_1_88' title='bbox 353 942 416 1002; x_wconf 84' lang='lat' dir='ltr'><strong>patet</strong></span> <span class='ocrx_word' id='word_1_89' title='bbox 432 948 483 987; x_wconf 85' lang='lat' dir='ltr'><strong>esse</strong></span> <span class='ocrx_word' id='word_1_90' title='bbox 502 937 593 986; x_wconf 85' lang='lat' dir='ltr'><strong>laisum.</strong></span> <span class='ocrx_word' id='word_1_91' title='bbox 614 938 663 987; x_wconf 87' lang='lat' dir='ltr'><strong>Nou</strong></span> <span class='ocrx_word' id='word_1_92' title='bbox 685 942 720 987; x_wconf 88' lang='lat' dir='ltr'><strong>est</strong></span> <span class='ocrx_word' id='word_1_93' title='bbox 741 951 795 1001; x_wconf 83' lang='lat' dir='ltr'><strong>ergo</strong></span> <span class='ocrx_word' id='word_1_94' title='bbox 817 937 959 992; x_wconf 76' lang='lat' dir='ltr'><strong>intellectus</strong></span> 
     </span>
     <span class='ocr_line' id='line_1_12' title="bbox 148 1010 522 1073; baseline 0 -16"><span class='ocrx_word' id='word_1_95' title='bbox 148 1021 218 1073; x_wconf 71' lang='lat' dir='ltr'><strong>upeus</strong></span> <span class='ocrx_word' id='word_1_96' title='bbox 230 1010 314 1073; x_wconf 84' lang='lat' dir='ltr'><strong>aliquid</strong></span> <span class='ocrx_word' id='word_1_97' title='bbox 332 1010 414 1059; x_wconf 83' lang='lat' dir='ltr'><strong>auimae</strong></span> <span class='ocrx_word' id='word_1_98' title='bbox 432 1013 522 1058; x_wconf 60' lang='lat' dir='ltr'><strong>nostra</strong></span> 
     </span>
    </p>

    <p class='ocr_par' dir='ltr' id='par_1_5' title="bbox 145 1078 959 1503">
     <span class='ocr_line' id='line_1_13' title="bbox 180 1078 959 1145; baseline 0.014 -17"><span class='ocrx_word' id='word_1_99' title='bbox 180 1084 204 1130; x_wconf 82' lang='lat' dir='ltr'><strong>t.</strong></span> <span class='ocrx_word' id='word_1_100' title='bbox 216 1082 345 1141; x_wconf 56' lang='lat' dir='ltr'><strong>mutereo,</strong></span> <span class='ocrx_word' id='word_1_101' title='bbox 357 1080 508 1144; x_wconf 82' lang='lat' dir='ltr'><strong>Philosophus</strong></span> <span class='ocrx_word' id='word_1_102' title='bbox 519 1078 574 1129; x_wconf 83' lang='lat' dir='ltr'><strong>dicit</strong></span> <span class='ocrx_word' id='word_1_103' title='bbox 583 1079 606 1127; x_wconf 92' lang='lat' dir='ltr'><strong>iu</strong></span> <span class='ocrx_word' id='word_1_104' title='bbox 624 1080 654 1129; x_wconf 97' lang='lat' dir='ltr'><strong>lll</strong></span> <span class='ocrx_word' id='word_1_105' title='bbox 669 1086 701 1129; x_wconf 80' lang='lat' dir='ltr'><strong>oe</strong></span> <span class='ocrx_word' id='word_1_106' title='bbox 710 1082 798 1131; x_wconf 84' lang='lat' dir='ltr'><strong>animo</strong></span> <span class='ocrx_word' id='word_1_107' title='bbox 815 1080 897 1145; x_wconf 76' lang='lat' dir='ltr'><strong>(text.</strong></span> <span class='ocrx_word' id='word_1_108' title='bbox 916 1086 959 1145; x_wconf 85' lang='lat' dir='ltr'><strong>ll)</strong></span> 
     </span>
     <span class='ocr_line' id='line_1_14' title="bbox 148 1150 959 1217; baseline 0.005 -16"><span class='ocrx_word' id='word_1_109' title='bbox 148 1154 206 1217; x_wconf 82' lang='lat' dir='ltr'><strong>quod</strong></span> <span class='ocrx_word' id='word_1_110' title='bbox 218 1171 232 1200; x_wconf 80' lang='lat' dir='ltr'><strong>u</strong></span> <span class='ocrx_word' id='word_1_111' title='bbox 242 1153 371 1202; x_wconf 79' lang='lat' dir='ltr'><strong>intellectus</strong></span> <span class='ocrx_word' id='word_1_112' title='bbox 383 1164 453 1213; x_wconf 76' lang='lat' dir='ltr'><strong>ageas</strong></span> <span class='ocrx_word' id='word_1_113' title='bbox 461 1155 496 1200; x_wconf 84' lang='lat' dir='ltr'><strong>est</strong></span> <span class='ocrx_word' id='word_1_114' title='bbox 506 1150 631 1203; x_wconf 83' lang='lat' dir='ltr'><strong>substantia</strong></span> <span class='ocrx_word' id='word_1_115' title='bbox 645 1155 699 1201; x_wconf 86' lang='lat' dir='ltr'><strong>actu</strong></span> <span class='ocrx_word' id='word_1_116' title='bbox 710 1164 759 1201; x_wconf 88' lang='lat' dir='ltr'><strong>eus.</strong></span> <span class='ocrx_word' id='word_1_117' title='bbox 773 1168 787 1197; x_wconf 80' lang='lat' dir='ltr'><strong>a</strong></span> <span class='ocrx_word' id='word_1_118' title='bbox 799 1150 867 1203; x_wconf 85' lang='lat' dir='ltr'><strong>Nihil</strong></span> <span class='ocrx_word' id='word_1_119' title='bbox 879 1160 959 1207; x_wconf 84' lang='lat' dir='ltr'><strong>aulem</strong></span> 
     </span>
     <span class='ocr_line' id='line_1_15' title="bbox 145 1222 959 1289; baseline 0.006 -15"><span class='ocrx_word' id='word_1_120' title='bbox 145 1229 183 1274; x_wconf 87' lang='lat' dir='ltr'><strong>est</strong></span> <span class='ocrx_word' id='word_1_121' title='bbox 192 1228 295 1287; x_wconf 85' lang='lat' dir='ltr'><strong>respectu</strong></span> <span class='ocrx_word' id='word_1_122' title='bbox 306 1224 406 1288; x_wconf 83' lang='lat' dir='ltr'><strong>ejusdem</strong></span> <span class='ocrx_word' id='word_1_123' title='bbox 415 1225 441 1271; x_wconf 83' lang='lat' dir='ltr'><strong>in</strong></span> <span class='ocrx_word' id='word_1_124' title='bbox 450 1226 510 1271; x_wconf 75' lang='lat' dir='ltr'><strong>uelo</strong></span> <span class='ocrx_word' id='word_1_125' title='bbox 519 1226 544 1273; x_wconf 86' lang='lat' dir='ltr'><strong>et</strong></span> <span class='ocrx_word' id='word_1_126' title='bbox 552 1226 578 1273; x_wconf 81' lang='lat' dir='ltr'><strong>in</strong></span> <span class='ocrx_word' id='word_1_127' title='bbox 584 1224 708 1289; x_wconf 81' lang='lat' dir='ltr'><strong>potentio.</strong></span> <span class='ocrx_word' id='word_1_128' title='bbox 719 1222 742 1271; x_wconf 84' lang='lat' dir='ltr'><strong>Si</strong></span> <span class='ocrx_word' id='word_1_129' title='bbox 753 1235 806 1285; x_wconf 73' lang='lat' dir='ltr'><strong>ergo</strong></span> <span class='ocrx_word' id='word_1_130' title='bbox 817 1223 959 1279; x_wconf 86' lang='lat' dir='ltr'><strong>intellectus</strong></span> 
     </span>
     <span class='ocr_line' id='line_1_16' title="bbox 148 1292 959 1360; baseline -0.002 -16"><span class='ocrx_word' id='word_1_131' title='bbox 148 1296 274 1360; x_wconf 85' lang='lat' dir='ltr'><strong>possibilis,</strong></span> <span class='ocrx_word' id='word_1_132' title='bbox 285 1296 325 1359; x_wconf 83' lang='lat' dir='ltr'><strong>qui</strong></span> <span class='ocrx_word' id='word_1_133' title='bbox 339 1299 374 1344; x_wconf 90' lang='lat' dir='ltr'><strong>est</strong></span> <span class='ocrx_word' id='word_1_134' title='bbox 387 1293 412 1343; x_wconf 90' lang='lat' dir='ltr'><strong>ia</strong></span> <span class='ocrx_word' id='word_1_135' title='bbox 423 1294 524 1357; x_wconf 87' lang='lat' dir='ltr'><strong>potentia</strong></span> <span class='ocrx_word' id='word_1_136' title='bbox 539 1296 567 1344; x_wconf 85' lang='lat' dir='ltr'><strong>ad</strong></span> <span class='ocrx_word' id='word_1_137' title='bbox 583 1294 660 1345; x_wconf 85' lang='lat' dir='ltr'><strong>omnia</strong></span> <span class='ocrx_word' id='word_1_138' title='bbox 674 1292 841 1357; x_wconf 74' lang='lat' dir='ltr'><strong>intelligibilia,</strong></span> <span class='ocrx_word' id='word_1_139' title='bbox 863 1302 903 1349; x_wconf 81' lang='lat' dir='ltr'><strong>est</strong></span> <span class='ocrx_word' id='word_1_140' title='bbox 917 1299 959 1349; x_wconf 75' lang='lat' dir='ltr'><strong>ali·</strong></span> 
     </span>
     <span class='ocr_line' id='line_1_17' title="bbox 148 1365 959 1435; baseline 0.004 -19"><span class='ocrx_word' id='word_1_141' title='bbox 148 1367 202 1431; x_wconf 78' lang='lat' dir='ltr'><strong>quill</strong></span> <span class='ocrx_word' id='word_1_142' title='bbox 216 1368 297 1418; x_wconf 66' lang='lat' dir='ltr'><strong>auium</strong></span> <span class='ocrx_word' id='word_1_143' title='bbox 309 1372 391 1417; x_wconf 78' lang='lat' dir='ltr'><strong>nostra</strong></span> <span class='ocrx_word' id='word_1_144' title='bbox 400 1405 406 1428; x_wconf 88' lang='lat'><strong><em>,</em></strong></span> <span class='ocrx_word' id='word_1_145' title='bbox 416 1366 506 1415; x_wconf 84' lang='lat' dir='ltr'><strong>videtur</strong></span> <span class='ocrx_word' id='word_1_146' title='bbox 516 1366 656 1430; x_wconf 90' lang='lat' dir='ltr'><strong>impossibile</strong></span> <span class='ocrx_word' id='word_1_147' title='bbox 667 1367 727 1429; x_wconf 85' lang='lat' dir='ltr'><strong>quod</strong></span> <span class='ocrx_word' id='word_1_148' title='bbox 735 1365 873 1419; x_wconf 80' lang='lat' dir='ltr'><strong>intellectus</strong></span> <span class='ocrx_word' id='word_1_149' title='bbox 885 1384 959 1435; x_wconf 82' lang='lat' dir='ltr'><strong>agens</strong></span> 
     </span>
     <span class='ocr_line' id='line_1_18' title="bbox 148 1438 467 1503; baseline -0.009 -15"><span class='ocrx_word' id='word_1_150' title='bbox 148 1438 178 1488; x_wconf 87' lang='lat' dir='ltr'><strong>sit</strong></span> <span class='ocrx_word' id='word_1_151' title='bbox 190 1438 275 1503; x_wconf 82' lang='lat' dir='ltr'><strong>aliquid</strong></span> <span class='ocrx_word' id='word_1_152' title='bbox 286 1438 367 1487; x_wconf 73' lang='lat' dir='ltr'><strong>auimo</strong></span> <span class='ocrx_word' id='word_1_153' title='bbox 378 1441 467 1486; x_wconf 75' lang='lat' dir='ltr'><strong>nostre.</strong></span> 
     </span>
    </p>

    <p class='ocr_par' dir='ltr' id='par_1_6' title="bbox 100 1507 960 2219">
     <span class='ocr_line' id='line_1_19' title="bbox 180 1507 958 1577; baseline 0.008 -18"><span class='ocrx_word' id='word_1_154' title='bbox 180 1514 203 1559; x_wconf 85' lang='lat'><strong>5.</strong></span> <span class='ocrx_word' id='word_1_155' title='bbox 218 1515 345 1571; x_wconf 73' lang='lat' dir='ltr'><strong>Praeteaea,</strong></span> <span class='ocrx_word' id='word_1_156' title='bbox 356 1509 375 1558; x_wconf 92' lang='lat' dir='ltr'><strong>si</strong></span> <span class='ocrx_word' id='word_1_157' title='bbox 389 1508 518 1559; x_wconf 84' lang='lat' dir='ltr'><strong>intellectus</strong></span> <span class='ocrx_word' id='word_1_158' title='bbox 529 1522 600 1573; x_wconf 81' lang='lat' dir='ltr'><strong>agens</strong></span> <span class='ocrx_word' id='word_1_159' title='bbox 611 1512 647 1558; x_wconf 89' lang='lat' dir='ltr'><strong>est</strong></span> <span class='ocrx_word' id='word_1_160' title='bbox 660 1507 743 1571; x_wconf 85' lang='lat' dir='ltr'><strong>aliquid</strong></span> <span class='ocrx_word' id='word_1_161' title='bbox 757 1507 843 1559; x_wconf 80' lang='lat' dir='ltr'><strong>aulmae</strong></span> <span class='ocrx_word' id='word_1_162' title='bbox 855 1517 958 1577; x_wconf 81' lang='lat' dir='ltr'><strong>nostrae,</strong></span> 
     </span>
     <span class='ocr_line' id='line_1_20' title="bbox 149 1577 960 1647; baseline 0.004 -15"><span class='ocrx_word' id='word_1_163' title='bbox 149 1587 238 1647; x_wconf 81' lang='lat' dir='ltr'><strong>oportet</strong></span> <span class='ocrx_word' id='word_1_164' title='bbox 247 1582 307 1646; x_wconf 82' lang='lat' dir='ltr'><strong>quod</strong></span> <span class='ocrx_word' id='word_1_165' title='bbox 319 1580 349 1631; x_wconf 89' lang='lat' dir='ltr'><strong>sit</strong></span> <span class='ocrx_word' id='word_1_166' title='bbox 358 1580 432 1643; x_wconf 81' lang='lat' dir='ltr'><strong>aliqua</strong></span> <span class='ocrx_word' id='word_1_167' title='bbox 447 1577 562 1644; x_wconf 82' lang='lat' dir='ltr'><strong>pote&#39;utia3</strong></span> <span class='ocrx_word' id='word_1_168' title='bbox 577 1592 622 1629; x_wconf 87' lang='lat' dir='ltr'><strong>nou</strong></span> <span class='ocrx_word' id='word_1_169' title='bbox 634 1582 668 1629; x_wconf 88' lang='lat' dir='ltr'><strong>est</strong></span> <span class='ocrx_word' id='word_1_170' title='bbox 679 1577 739 1628; x_wconf 88' lang='lat' dir='ltr'><strong>euim</strong></span> <span class='ocrx_word' id='word_1_171' title='bbox 751 1590 793 1627; x_wconf 83' lang='lat' dir='ltr'><strong>uec</strong></span> <span class='ocrx_word' id='word_1_172' title='bbox 802 1582 904 1645; x_wconf 83' lang='lat' dir='ltr'><strong>passio,</strong></span> <span class='ocrx_word' id='word_1_173' title='bbox 916 1600 960 1635; x_wconf 82' lang='lat' dir='ltr'><strong>uec</strong></span> 
     </span>
     <span class='ocr_line' id='line_1_21' title="bbox 149 1650 959 1718; baseline 0 -15"><span class='ocrx_word' id='word_1_174' title='bbox 149 1654 249 1703; x_wconf 87' lang='lat' dir='ltr'><strong>habitus.</strong></span> <span class='ocrx_word' id='word_1_175' title='bbox 261 1655 316 1704; x_wconf 87' lang='lat' dir='ltr'><strong>Nam</strong></span> <span class='ocrx_word' id='word_1_176' title='bbox 327 1652 416 1701; x_wconf 83' lang='lat' dir='ltr'><strong>habitus</strong></span> <span class='ocrx_word' id='word_1_177' title='bbox 425 1654 449 1699; x_wconf 94' lang='lat' dir='ltr'><strong>et</strong></span> <span class='ocrx_word' id='word_1_178' title='bbox 459 1651 578 1714; x_wconf 84' lang='lat' dir='ltr'><strong>passiones</strong></span> <span class='ocrx_word' id='word_1_179' title='bbox 588 1664 635 1700; x_wconf 92' lang='lat' dir='ltr'><strong>uou</strong></span> <span class='ocrx_word' id='word_1_180' title='bbox 643 1650 727 1700; x_wconf 83' lang='lat' dir='ltr'><strong>habeut</strong></span> <span class='ocrx_word' id='word_1_181' title='bbox 738 1650 853 1701; x_wconf 77' lang='lat' dir='ltr'><strong>rationem</strong></span> <span class='ocrx_word' id='word_1_182' title='bbox 863 1658 959 1718; x_wconf 79' lang='lat' dir='ltr'><strong>agentis</strong></span> 
     </span>
     <span class='ocr_line' id='line_1_22' title="bbox 148 1719 959 1789; baseline 0 -14"><span class='ocrx_word' id='word_1_183' title='bbox 148 1728 252 1789; x_wconf 84' lang='lat' dir='ltr'><strong>respectu</strong></span> <span class='ocrx_word' id='word_1_184' title='bbox 268 1722 398 1787; x_wconf 75' lang='lat' dir='ltr'><strong>passionum</strong></span> <span class='ocrx_word' id='word_1_185' title='bbox 416 1719 511 1785; x_wconf 79' lang='lat' dir='ltr'><strong>animae;</strong></span> <span class='ocrx_word' id='word_1_186' title='bbox 527 1723 566 1772; x_wconf 87' lang='lat' dir='ltr'><strong>sed</strong></span> <span class='ocrx_word' id='word_1_187' title='bbox 584 1721 656 1783; x_wconf 82' lang='lat' dir='ltr'><strong>magis</strong></span> <span class='ocrx_word' id='word_1_188' title='bbox 674 1721 750 1786; x_wconf 88' lang='lat' dir='ltr'><strong>passio</strong></span> <span class='ocrx_word' id='word_1_189' title='bbox 765 1730 799 1771; x_wconf 88' lang='lat' dir='ltr'><strong>est</strong></span> <span class='ocrx_word' id='word_1_190' title='bbox 817 1722 871 1787; x_wconf 83' lang='lat' dir='ltr'><strong>ipsa</strong></span> <span class='ocrx_word' id='word_1_191' title='bbox 895 1728 959 1779; x_wconf 85' lang='lat' dir='ltr'><strong>actio</strong></span> 
     </span>
     <span class='ocr_line' id='line_1_23' title="bbox 148 1792 960 1861; baseline -0.001 -15"><span class='ocrx_word' id='word_1_192' title='bbox 148 1796 256 1861; x_wconf 76' lang='lat' dir='ltr'><strong>potentia</strong></span> <span class='ocrx_word' id='word_1_193' title='bbox 273 1794 381 1859; x_wconf 80' lang='lat' dir='ltr'><strong>passivae3</strong></span> <span class='ocrx_word' id='word_1_194' title='bbox 394 1792 485 1842; x_wconf 85' lang='lat' dir='ltr'><strong>habitus</strong></span> <span class='ocrx_word' id='word_1_195' title='bbox 502 1799 578 1845; x_wconf 85' lang='lat' dir='ltr'><strong>autem</strong></span> <span class='ocrx_word' id='word_1_196' title='bbox 591 1797 627 1843; x_wconf 89' lang='lat' dir='ltr'><strong>est</strong></span> <span class='ocrx_word' id='word_1_197' title='bbox 640 1792 724 1855; x_wconf 85' lang='lat' dir='ltr'><strong>aliquid</strong></span> <span class='ocrx_word' id='word_1_198' title='bbox 738 1793 797 1855; x_wconf 79' lang='lat' dir='ltr'><strong>quoil</strong></span> <span class='ocrx_word' id='word_1_199' title='bbox 817 1805 848 1843; x_wconf 83' lang='lat' dir='ltr'><strong>ex</strong></span> <span class='ocrx_word' id='word_1_200' title='bbox 864 1798 960 1848; x_wconf 81' lang='lat' dir='ltr'><strong>aclibus</strong></span> 
     </span>
     <span class='ocr_line' id='line_1_24' title="bbox 100 1864 956 1930; baseline 0.006 -17"><span class='ocrx_word' id='word_1_201' title='bbox 100 1898 109 1913; x_wconf 73' lang='lat'>.</span> <span class='ocrx_word' id='word_1_202' title='bbox 149 1868 303 1930; x_wconf 84' lang='lat' dir='ltr'><strong>consequitur.</strong></span> <span class='ocrx_word' id='word_1_203' title='bbox 321 1864 399 1915; x_wconf 83' lang='lat' dir='ltr'><strong>Omnis</strong></span> <span class='ocrx_word' id='word_1_204' title='bbox 414 1868 489 1914; x_wconf 86' lang='lat' dir='ltr'><strong>autem</strong></span> <span class='ocrx_word' id='word_1_205' title='bbox 502 1866 604 1930; x_wconf 86' lang='lat' dir='ltr'><strong>potentia</strong></span> <span class='ocrx_word' id='word_1_206' title='bbox 618 1864 668 1914; x_wconf 89' lang='lat' dir='ltr'><strong>lluit</strong></span> <span class='ocrx_word' id='word_1_207' title='bbox 682 1866 709 1915; x_wconf 90' lang='lat' dir='ltr'><strong>ab</strong></span> <span class='ocrx_word' id='word_1_208' title='bbox 724 1864 823 1916; x_wconf 81' lang='lat' dir='ltr'><strong>essentia</strong></span> <span class='ocrx_word' id='word_1_209' title='bbox 839 1868 932 1929; x_wconf 79' lang='lat' dir='ltr'><strong>auimae</strong></span> <span class='ocrx_word' id='word_1_210' title='bbox 951 1886 956 1919; x_wconf 93' lang='lat'><strong>:</strong></span> 
     </span>
     <span class='ocr_line' id='line_1_25' title="bbox 149 1935 958 2005; baseline 0.004 -16"><span class='ocrx_word' id='word_1_211' title='bbox 149 1941 280 2004; x_wconf 83' lang='lat' dir='ltr'><strong>sequeretur</strong></span> <span class='ocrx_word' id='word_1_212' title='bbox 290 1948 344 2000; x_wconf 78' lang='lat' dir='ltr'><strong>ergo</strong></span> <span class='ocrx_word' id='word_1_213' title='bbox 356 1937 416 1999; x_wconf 84' lang='lat' dir='ltr'><strong>quod</strong></span> <span class='ocrx_word' id='word_1_214' title='bbox 428 1936 555 1986; x_wconf 82' lang='lat' dir='ltr'><strong>intellectus</strong></span> <span class='ocrx_word' id='word_1_215' title='bbox 564 1949 633 1999; x_wconf 79' lang='lat' dir='ltr'><strong>agens</strong></span> <span class='ocrx_word' id='word_1_216' title='bbox 648 1937 676 1985; x_wconf 89' lang='lat' dir='ltr'><strong>ab</strong></span> <span class='ocrx_word' id='word_1_217' title='bbox 687 1935 787 1985; x_wconf 83' lang='lat' dir='ltr'><strong>essentia</strong></span> <span class='ocrx_word' id='word_1_218' title='bbox 801 1936 889 1990; x_wconf 79' lang='lat' dir='ltr'><strong>anima</strong></span> <span class='ocrx_word' id='word_1_219' title='bbox 901 1956 958 2005; x_wconf 91' lang='lat' dir='ltr'><strong>pro-</strong></span> 
     </span>
     <span class='ocr_line' id='line_1_26' title="bbox 149 2007 959 2077; baseline 0.001 -15"><span class='ocrx_word' id='word_1_220' title='bbox 149 2012 252 2074; x_wconf 80' lang='lat' dir='ltr'><strong>cederet,</strong></span> <span class='ocrx_word' id='word_1_221' title='bbox 264 2014 286 2060; x_wconf 90' lang='lat' dir='ltr'><strong>et</strong></span> <span class='ocrx_word' id='word_1_222' title='bbox 295 2010 329 2059; x_wconf 86' lang='lat' dir='ltr'><strong>sie</strong></span> <span class='ocrx_word' id='word_1_223' title='bbox 338 2021 385 2058; x_wconf 84' lang='lat' dir='ltr'><strong>uon</strong></span> <span class='ocrx_word' id='word_1_224' title='bbox 393 2007 480 2059; x_wconf 84' lang='lat' dir='ltr'><strong>inesset</strong></span> <span class='ocrx_word' id='word_1_225' title='bbox 488 2008 570 2059; x_wconf 77' lang='lat' dir='ltr'><strong>anima</strong></span> <span class='ocrx_word' id='word_1_226' title='bbox 580 2007 824 2072; x_wconf 83' lang='lat' dir='ltr'><strong>perpartioipatiouem</strong></span> <span class='ocrx_word' id='word_1_227' title='bbox 836 2010 959 2077; x_wconf 86' lang='lat' dir='ltr'><strong>abaliquo</strong></span> 
     </span>
     <span class='ocr_line' id='line_1_27' title="bbox 150 2080 959 2148; baseline 0.001 -14"><span class='ocrx_word' id='word_1_228' title='bbox 150 2082 260 2148; x_wconf 89' lang='lat' dir='ltr'><strong>superiori</strong></span> <span class='ocrx_word' id='word_1_229' title='bbox 277 2082 402 2132; x_wconf 79' lang='lat' dir='ltr'><strong>intellectu.</strong></span> <span class='ocrx_word' id='word_1_230' title='bbox 417 2081 480 2139; x_wconf 83' lang='lat' dir='ltr'><strong>Quod</strong></span> <span class='ocrx_word' id='word_1_231' title='bbox 504 2084 539 2131; x_wconf 85' lang='lat' dir='ltr'><strong>est</strong></span> <span class='ocrx_word' id='word_1_232' title='bbox 554 2080 723 2129; x_wconf 84' lang='lat' dir='ltr'><strong>iuoouaeuieus.</strong></span> <span class='ocrx_word' id='word_1_233' title='bbox 739 2080 789 2130; x_wconf 87' lang='lat' dir='ltr'><strong>Noa</strong></span> <span class='ocrx_word' id='word_1_234' title='bbox 805 2094 862 2144; x_wconf 81' lang='lat' dir='ltr'><strong>ergo</strong></span> <span class='ocrx_word' id='word_1_235' title='bbox 884 2083 959 2137; x_wconf 84' lang='lat' dir='ltr'><strong>iutel-</strong></span> 
     </span>
     <span class='ocr_line' id='line_1_28' title="bbox 148 2152 641 2219; baseline -0.006 -15"><span class='ocrx_word' id='word_1_236' title='bbox 148 2156 221 2206; x_wconf 87' lang='lat' dir='ltr'><strong>leotua</strong></span> <span class='ocrx_word' id='word_1_237' title='bbox 232 2169 301 2219; x_wconf 81' lang='lat' dir='ltr'><strong>agens</strong></span> <span class='ocrx_word' id='word_1_238' title='bbox 312 2158 348 2204; x_wconf 91' lang='lat' dir='ltr'><strong>est</strong></span> <span class='ocrx_word' id='word_1_239' title='bbox 359 2152 444 2216; x_wconf 82' lang='lat' dir='ltr'><strong>aliquid</strong></span> <span class='ocrx_word' id='word_1_240' title='bbox 458 2152 540 2203; x_wconf 85' lang='lat' dir='ltr'><strong>auimae</strong></span> <span class='ocrx_word' id='word_1_241' title='bbox 549 2154 641 2201; x_wconf 76' lang='lat' dir='ltr'><strong>nostru.</strong></span> 
     </span>
    </p>

    <p class='ocr_par' dir='ltr' id='par_1_7' title="bbox 149 2222 959 2430">
     <span class='ocr_line' id='line_1_29' title="bbox 181 2222 959 2290; baseline 0 -15"><span class='ocrx_word' id='word_1_242' title='bbox 181 2227 227 2277; x_wconf 87' lang='lat' dir='ltr'><strong>Sed</strong></span> <span class='ocrx_word' id='word_1_243' title='bbox 237 2230 315 2276; x_wconf 85' lang='lat' dir='ltr'><strong>ooulra</strong></span> <span class='ocrx_word' id='word_1_244' title='bbox 325 2228 374 2286; x_wconf 88' lang='lat' dir='ltr'><strong>est,</strong></span> <span class='ocrx_word' id='word_1_245' title='bbox 383 2224 444 2285; x_wconf 79' lang='lat' dir='ltr'><strong>quod</strong></span> <span class='ocrx_word' id='word_1_246' title='bbox 457 2224 608 2288; x_wconf 79' lang='lat' dir='ltr'><strong>Philosophus</strong></span> <span class='ocrx_word' id='word_1_247' title='bbox 618 2222 674 2272; x_wconf 84' lang='lat' dir='ltr'><strong>dioit</strong></span> <span class='ocrx_word' id='word_1_248' title='bbox 684 2222 714 2272; x_wconf 95' lang='lat' dir='ltr'><strong>lll</strong></span> <span class='ocrx_word' id='word_1_249' title='bbox 725 2227 759 2271; x_wconf 80' lang='lat' dir='ltr'><strong>De</strong></span> <span class='ocrx_word' id='word_1_250' title='bbox 770 2226 874 2287; x_wconf 76' lang='lat' dir='ltr'><strong>areima,</strong></span> <span class='ocrx_word' id='word_1_251' title='bbox 890 2230 959 2290; x_wconf 83' lang='lat' dir='ltr'><strong>quod</strong></span> 
     </span>
     <span class='ocr_line' id='line_1_30' title="bbox 150 2293 959 2359; baseline 0.005 -14"><span class='ocrx_word' id='word_1_252' title='bbox 150 2314 165 2345; x_wconf 81' lang='lat' dir='ltr'><strong>a</strong></span> <span class='ocrx_word' id='word_1_253' title='bbox 173 2310 267 2347; x_wconf 82' lang='lat' dir='ltr'><strong>neeesse</strong></span> <span class='ocrx_word' id='word_1_254' title='bbox 279 2299 315 2345; x_wconf 90' lang='lat' dir='ltr'><strong>eat</strong></span> <span class='ocrx_word' id='word_1_255' title='bbox 323 2295 347 2343; x_wconf 93' lang='lat' dir='ltr'><strong>iu</strong></span> <span class='ocrx_word' id='word_1_256' title='bbox 361 2295 436 2344; x_wconf 82' lang='lat' dir='ltr'><strong>arriuaa</strong></span> <span class='ocrx_word' id='word_1_257' title='bbox 448 2297 490 2345; x_wconf 82' lang='lat' dir='ltr'><strong>bas</strong></span> <span class='ocrx_word' id='word_1_258' title='bbox 503 2309 552 2345; x_wconf 61' lang='lat' dir='ltr'><strong>ese</strong></span> <span class='ocrx_word' id='word_1_259' title='bbox 562 2293 744 2359; x_wconf 58' lang='lat' dir='ltr'><strong>differentium)</strong></span> <span class='ocrx_word' id='word_1_260' title='bbox 754 2310 768 2343; x_wconf 78' lang='lat' dir='ltr'><strong>a</strong></span> <span class='ocrx_word' id='word_1_261' title='bbox 780 2295 871 2347; x_wconf 82' lang='lat' dir='ltr'><strong>seilicet</strong></span> <span class='ocrx_word' id='word_1_262' title='bbox 882 2298 959 2351; x_wconf 89' lang='lat' dir='ltr'><strong>iutel-</strong></span> 
     </span>
     <span class='ocr_line' id='line_1_31' title="bbox 149 2365 531 2430; baseline -0.005 -13"><span class='ocrx_word' id='word_1_263' title='bbox 149 2367 232 2417; x_wconf 87' lang='lat' dir='ltr'><strong>leotum</strong></span> <span class='ocrx_word' id='word_1_264' title='bbox 243 2365 374 2430; x_wconf 87' lang='lat' dir='ltr'><strong>possibilem</strong></span> <span class='ocrx_word' id='word_1_265' title='bbox 383 2370 407 2415; x_wconf 87' lang='lat' dir='ltr'><strong>et</strong></span> <span class='ocrx_word' id='word_1_266' title='bbox 416 2370 531 2428; x_wconf 76' lang='lat' dir='ltr'><strong>agentem.</strong></span> 
     </span>
    </p>
   </div>
   <div class='ocr_carea' id='block_1_4' title="bbox 147 2491 958 2992">
    <p class='ocr_par' dir='ltr' id='par_1_8' title="bbox 147 2491 958 2992">
     <span class='ocr_line' id='line_1_32' title="bbox 183 2491 957 2555; baseline 0.006 -16"><span class='ocrx_word' id='word_1_267' title='bbox 183 2492 214 2555; x_wconf 81' lang='lat' dir='ltr'><strong>(ll</strong></span> <span class='ocrx_word' id='word_1_268' title='bbox 227 2496 311 2549; x_wconf 77' lang='lat' dir='ltr'><strong>Quales</strong></span> <span class='ocrx_word' id='word_1_269' title='bbox 324 2495 435 2551; x_wconf 84' lang='lat' dir='ltr'><strong>praemisit</strong></span> <span class='ocrx_word' id='word_1_270' title='bbox 446 2506 498 2541; x_wconf 87' lang='lat' dir='ltr'><strong>esse</strong></span> <span class='ocrx_word' id='word_1_271' title='bbox 512 2493 576 2554; x_wconf 85' lang='lat' dir='ltr'><strong>(text.</strong></span> <span class='ocrx_word' id='word_1_272' title='bbox 588 2491 625 2552; x_wconf 86' lang='grc'><strong>17)</strong></span> <span class='ocrx_word' id='word_1_273' title='bbox 637 2494 661 2538; x_wconf 90' lang='lat' dir='ltr'><strong>iu</strong></span> <span class='ocrx_word' id='word_1_274' title='bbox 672 2500 753 2539; x_wconf 85' lang='lat' dir='ltr'><strong>natura</strong></span> <span class='ocrx_word' id='word_1_275' title='bbox 765 2495 880 2555; x_wconf 80' lang='lat' dir='ltr'><strong>qualibet,</strong></span> <span class='ocrx_word' id='word_1_276' title='bbox 898 2500 957 2547; x_wconf 79' lang='lat' dir='ltr'><strong>crim</strong></span> 
     </span>
     <span class='ocr_line' id='line_1_33' title="bbox 150 2557 958 2619; baseline 0.005 -16"><span class='ocrx_word' id='word_1_277' title='bbox 150 2558 184 2603; x_wconf 85' lang='lat' dir='ltr'><strong>sio</strong></span> <span class='ocrx_word' id='word_1_278' title='bbox 198 2558 250 2603; x_wconf 84' lang='lat' dir='ltr'><strong>ait:</strong></span> <span class='ocrx_word' id='word_1_279' title='bbox 269 2557 390 2613; x_wconf 77' lang='lat' dir='ltr'><strong>Quoniam</strong></span> <span class='ocrx_word' id='word_1_280' title='bbox 403 2560 435 2602; x_wconf 82' lang='lat' dir='ltr'><strong>eat</strong></span> <span class='ocrx_word' id='word_1_281' title='bbox 453 2557 551 2613; x_wconf 76' lang='lat' dir='ltr'><strong>aliquid</strong></span> <span class='ocrx_word' id='word_1_282' title='bbox 567 2558 596 2601; x_wconf 78' lang='lat' dir='ltr'><strong>ia</strong></span> <span class='ocrx_word' id='word_1_283' title='bbox 611 2568 760 2614; x_wconf 79' lang='lat' dir='ltr'><strong>quocumque</strong></span> <span class='ocrx_word' id='word_1_284' title='bbox 775 2562 870 2605; x_wconf 69' lang='lat' dir='ltr'><strong>butera</strong></span> <span class='ocrx_word' id='word_1_285' title='bbox 886 2564 958 2619; x_wconf 77' lang='lat' dir='ltr'><strong>quod</strong></span> 
     </span>
     <span class='ocr_line' id='line_1_34' title="bbox 149 2618 958 2677; baseline 0.001 -13"><span class='ocrx_word' id='word_1_286' title='bbox 149 2620 235 2676; x_wconf 73' lang='lat' dir='ltr'><strong>pestere*</strong></span> <span class='ocrx_word' id='word_1_287' title='bbox 248 2619 383 2677; x_wconf 67' lang='lat' dir='ltr'><strong>ubicuique</strong></span> <span class='ocrx_word' id='word_1_288' title='bbox 395 2622 499 2665; x_wconf 63' lang='lat' dir='ltr'><strong>nobrio</strong></span> <span class='ocrx_word' id='word_1_289' title='bbox 510 2624 558 2668; x_wconf 85' lang='lat' dir='ltr'><strong>eat,</strong></span> <span class='ocrx_word' id='word_1_290' title='bbox 572 2622 593 2663; x_wconf 89' lang='lat' dir='ltr'><strong>el</strong></span> <span class='ocrx_word' id='word_1_291' title='bbox 606 2618 632 2661; x_wconf 77' lang='lat' dir='ltr'><strong>id</strong></span> <span class='ocrx_word' id='word_1_292' title='bbox 647 2619 744 2675; x_wconf 78' lang='lat' dir='ltr'><strong>quidem</strong></span> <span class='ocrx_word' id='word_1_293' title='bbox 756 2621 864 2677; x_wconf 70' lang='lat' dir='ltr'><strong>estquod</strong></span> <span class='ocrx_word' id='word_1_294' title='bbox 876 2628 911 2668; x_wconf 82' lang='lat' dir='ltr'><strong>eal</strong></span> <span class='ocrx_word' id='word_1_295' title='bbox 926 2628 958 2669; x_wconf 69' lang='lat' dir='ltr'><strong>in</strong></span> 
     </span>
     <span class='ocr_line' id='line_1_35' title="bbox 147 2680 958 2742; baseline 0.002 -15"><span class='ocrx_word' id='word_1_296' title='bbox 147 2682 258 2740; x_wconf 71' lang='lat' dir='ltr'><strong>potentio</strong></span> <span class='ocrx_word' id='word_1_297' title='bbox 266 2687 294 2727; x_wconf 79' lang='lat' dir='ltr'><strong>ot</strong></span> <span class='ocrx_word' id='word_1_298' title='bbox 302 2684 335 2727; x_wconf 83' lang='lat' dir='ltr'><strong>ait</strong></span> <span class='ocrx_word' id='word_1_299' title='bbox 345 2684 428 2727; x_wconf 76' lang='lat' dir='ltr'><strong>omniu</strong></span> <span class='ocrx_word' id='word_1_300' title='bbox 436 2682 492 2734; x_wconf 63' lang='lat' dir='ltr'><strong>illo·</strong></span> <span class='ocrx_word' id='word_1_301' title='bbox 504 2684 567 2726; x_wconf 78' lang='lat' dir='ltr'><strong>sicot</strong></span> <span class='ocrx_word' id='word_1_302' title='bbox 575 2680 647 2724; x_wconf 78' lang='lat' dir='ltr'><strong>etiam</strong></span> <span class='ocrx_word' id='word_1_303' title='bbox 657 2686 688 2726; x_wconf 79' lang='lat' dir='ltr'><strong>eal</strong></span> <span class='ocrx_word' id='word_1_304' title='bbox 696 2682 792 2739; x_wconf 77' lang='lat' dir='ltr'><strong>aliquid</strong></span> <span class='ocrx_word' id='word_1_305' title='bbox 802 2684 876 2728; x_wconf 80' lang='lat' dir='ltr'><strong>uliud</strong></span> <span class='ocrx_word' id='word_1_306' title='bbox 886 2688 958 2742; x_wconf 75' lang='lat' dir='ltr'><strong>quod</strong></span> 
     </span>
     <span class='ocr_line' id='line_1_36' title="bbox 150 2741 958 2804; baseline 0 -15"><span class='ocrx_word' id='word_1_307' title='bbox 150 2746 221 2802; x_wconf 72' lang='lat' dir='ltr'><strong>quoti</strong></span> <span class='ocrx_word' id='word_1_308' title='bbox 236 2757 309 2789; x_wconf 71' lang='lat' dir='ltr'><strong>aomo</strong></span> <span class='ocrx_word' id='word_1_309' title='bbox 328 2749 349 2789; x_wconf 84' lang='lat' dir='ltr'><strong>et</strong></span> <span class='ocrx_word' id='word_1_310' title='bbox 362 2746 493 2804; x_wconf 67' lang='lat' dir='ltr'><strong>(activum,</strong></span> <span class='ocrx_word' id='word_1_311' title='bbox 507 2747 529 2788; x_wconf 89' lang='lat' dir='ltr'><strong>et</strong></span> <span class='ocrx_word' id='word_1_312' title='bbox 546 2748 579 2787; x_wconf 81' lang='lat' dir='ltr'><strong>ert</strong></span> <span class='ocrx_word' id='word_1_313' title='bbox 596 2741 624 2785; x_wconf 76' lang='lat' dir='ltr'><strong>io</strong></span> <span class='ocrx_word' id='word_1_314' title='bbox 640 2743 703 2798; x_wconf 84' lang='lat' dir='ltr'><strong>quod</strong></span> <span class='ocrx_word' id='word_1_315' title='bbox 719 2746 801 2788; x_wconf 77' lang='lat' dir='ltr'><strong>omitia</strong></span> <span class='ocrx_word' id='word_1_316' title='bbox 814 2746 911 2803; x_wconf 72' lang='lat' dir='ltr'><strong>sociat,</strong></span> <span class='ocrx_word' id='word_1_317' title='bbox 929 2764 958 2793; x_wconf 71' lang='lat' dir='ltr'><strong>eo</strong></span> 
     </span>
     <span class='ocr_line' id='line_1_37' title="bbox 150 2804 957 2864; baseline 0.004 -12"><span class='ocrx_word' id='word_1_318' title='bbox 150 2806 220 2852; x_wconf 80' lang='lat' dir='ltr'><strong>modo</strong></span> <span class='ocrx_word' id='word_1_319' title='bbox 233 2819 279 2864; x_wconf 78' lang='lat' dir='ltr'><strong>paro</strong></span> <span class='ocrx_word' id='word_1_320' title='bbox 290 2820 314 2851; x_wconf 82' lang='lat' dir='ltr'><strong>ae</strong></span> <span class='ocrx_word' id='word_1_321' title='bbox 328 2808 397 2853; x_wconf 75' lang='lat' dir='ltr'><strong>babet</strong></span> <span class='ocrx_word' id='word_1_322' title='bbox 407 2820 448 2853; x_wconf 81' lang='lat' dir='ltr'><strong>ora</strong></span> <span class='ocrx_word' id='word_1_323' title='bbox 464 2806 496 2851; x_wconf 73' lang='lat' dir='ltr'><strong>ull</strong></span> <span class='ocrx_word' id='word_1_324' title='bbox 514 2804 640 2849; x_wconf 79' lang='lat' dir='ltr'><strong>molarium</strong></span> <span class='ocrx_word' id='word_1_325' title='bbox 651 2820 659 2856; x_wconf 92' lang='lat'><strong>,·</strong></span> <span class='ocrx_word' id='word_1_326' title='bbox 671 2818 761 2851; x_wconf 78' lang='lat' dir='ltr'><strong>uacuare</strong></span> <span class='ocrx_word' id='word_1_327' title='bbox 776 2810 808 2850; x_wconf 85' lang='lat' dir='ltr'><strong>erl</strong></span> <span class='ocrx_word' id='word_1_328' title='bbox 821 2807 855 2851; x_wconf 65' lang='grc' dir='ltr'><strong>ἐπ’</strong></span> <span class='ocrx_word' id='word_1_329' title='bbox 865 2811 957 2855; x_wconf 78' lang='lat' dir='ltr'><strong>anima</strong></span> 
     </span>
     <span class='ocr_line' id='line_1_38' title="bbox 151 2868 956 2928; baseline 0.002 -12"><span class='ocrx_word' id='word_1_330' title='bbox 151 2871 209 2916; x_wconf 78' lang='lat' dir='ltr'><strong>talea</strong></span> <span class='ocrx_word' id='word_1_331' title='bbox 228 2870 379 2928; x_wconf 68' lang='lat' dir='ltr'><strong>differentiae</strong></span> <span class='ocrx_word' id='word_1_332' title='bbox 396 2871 500 2915; x_wconf 67' lang='lat' dir='ltr'><strong>existere</strong></span> <span class='ocrx_word' id='word_1_333' title='bbox 515 2887 522 2912; x_wconf 90' lang='grc'><strong>.-</strong></span> <span class='ocrx_word' id='word_1_334' title='bbox 536 2876 619 2922; x_wconf 83' lang='lat' dir='ltr'><strong>nempe</strong></span> <span class='ocrx_word' id='word_1_335' title='bbox 637 2868 706 2913; x_wconf 83' lang='lat' dir='ltr'><strong>unlus</strong></span> <span class='ocrx_word' id='word_1_336' title='bbox 723 2869 784 2925; x_wconf 85' lang='lat' dir='ltr'><strong>quod</strong></span> <span class='ocrx_word' id='word_1_337' title='bbox 802 2870 881 2915; x_wconf 84' lang='lat' dir='ltr'><strong>omnia</strong></span> <span class='ocrx_word' id='word_1_338' title='bbox 901 2870 956 2919; x_wconf 81' lang='lat' dir='ltr'><strong>lieri</strong></span> 
     </span>
     <span class='ocr_line' id='line_1_39' title="bbox 150 2930 955 2992; baseline 0 -13"><span class='ocrx_word' id='word_1_339' title='bbox 150 2933 236 2992; x_wconf 82' lang='lat' dir='ltr'><strong>possit,</strong></span> <span class='ocrx_word' id='word_1_340' title='bbox 246 2939 270 2979; x_wconf 85' lang='lat' dir='ltr'><strong>et</strong></span> <span class='ocrx_word' id='word_1_341' title='bbox 278 2934 372 2979; x_wconf 81' lang='lat' dir='ltr'><strong>alterius</strong></span> <span class='ocrx_word' id='word_1_342' title='bbox 381 2933 443 2989; x_wconf 79' lang='lat' dir='ltr'><strong>quod</strong></span> <span class='ocrx_word' id='word_1_343' title='bbox 452 2931 530 2977; x_wconf 85' lang='lat' dir='ltr'><strong>emula</strong></span> <span class='ocrx_word' id='word_1_344' title='bbox 544 2930 629 2987; x_wconf 80' lang='lat' dir='ltr'><strong>iuuere,</strong></span> <span class='ocrx_word' id='word_1_345' title='bbox 641 2934 667 2973; x_wconf 89' lang='lat' dir='ltr'><strong>ut</strong></span> <span class='ocrx_word' id='word_1_346' title='bbox 679 2930 764 2977; x_wconf 85' lang='lat' dir='ltr'><strong>ibidem</strong></span> <span class='ocrx_word' id='word_1_347' title='bbox 775 2934 833 2977; x_wconf 84' lang='lat' dir='ltr'><strong>teat.</strong></span> <span class='ocrx_word' id='word_1_348' title='bbox 847 2932 878 2978; x_wconf 82' lang='grc'><strong>18</strong></span> <span class='ocrx_word' id='word_1_349' title='bbox 891 2936 955 2981; x_wconf 83' lang='lat' dir='ltr'><strong>aab·</strong></span> 
     </span>
    </p>
   </div>
   <div class='ocr_carea' id='block_1_5' title="bbox 0 0 997 3309">
    <p class='ocr_par' dir='ltr' id='par_1_9' title="bbox 0 0 997 3309">
     <span class='ocr_line' id='line_1_40' title="bbox 0 0 997 3309; baseline 0 0"><span class='ocrx_word' id='word_1_350' title='bbox 0 0 997 3309; x_wconf 95' lang='lat' dir='ltr'><strong> </strong></span> 
     </span>
    </p>
   </div>
  </div>
 </body>
</html>
