<?xml version="1.0" encoding="UTF-8"?>
<!DOCTYPE html PUBLIC "-//W3C//DTD XHTML 1.0 Transitional//EN"
    "http://www.w3.org/TR/xhtml1/DTD/xhtml1-transitional.dtd">
<html xmlns="http://www.w3.org/1999/xhtml" xml:lang="en" lang="en">
 <head>
  <title>
</title>
<meta http-equiv="Content-Type" content="text/html;charset=utf-8" />
  <meta name='ocr-system' content='tesseract 3.04.00' />
  <meta name='ocr-capabilities' content='ocr_page ocr_carea ocr_par ocr_line ocrx_word'/>
</head>
<body>
  <div class='ocr_page' id='page_1' title='image "./summatheologica00nicogoog_0608.png"; bbox 0 0 1984 3309; ppageno 0'>
   <div class='ocr_carea' id='block_1_1' title="bbox 209 192 846 239">
    <p class='ocr_par' dir='ltr' id='par_1_1' title="bbox 209 192 846 239">
     <span class='ocr_line' id='line_1_1' title="bbox 209 192 846 239; baseline 0.005 -4"><span class='ocrx_word' id='word_1_1' title='bbox 209 201 247 236; x_wconf 68' lang='lat' dir='ltr'>DE·</span> <span class='ocrx_word' id='word_1_2' title='bbox 256 197 358 238; x_wconf 68' lang='lat' dir='ltr'>mm</span> <span class='ocrx_word' id='word_1_3' title='bbox 374 197 521 238; x_wconf 75' lang='lat' dir='ltr'>marculus</span> <span class='ocrx_word' id='word_1_4' title='bbox 536 197 678 239; x_wconf 71' lang='grc' dir='ltr'><strong>ὒΙΙΑΠΜ.</strong></span> <span class='ocrx_word' id='word_1_5' title='bbox 797 192 846 238; x_wconf 64' lang='grc'>609</span> 
     </span>
    </p>
   </div>
   <div class='ocr_carea' id='block_1_2' title="bbox 36 275 907 2771">
    <p class='ocr_par' dir='ltr' id='par_1_2' title="bbox 36 275 852 1912">
     <span class='ocr_line' id='line_1_2' title="bbox 36 275 845 342; baseline 0 -14"><span class='ocrx_word' id='word_1_6' title='bbox 36 277 196 333; x_wconf 76' lang='lat' dir='ltr'>necessitate,</span> <span class='ocrx_word' id='word_1_7' title='bbox 212 277 251 326; x_wconf 89' lang='lat' dir='ltr'>sed</span> <span class='ocrx_word' id='word_1_8' title='bbox 264 279 289 325; x_wconf 92' lang='lat' dir='ltr'>ut</span> <span class='ocrx_word' id='word_1_9' title='bbox 303 275 328 325; x_wconf 88' lang='lat' dir='ltr'>iu</span> <span class='ocrx_word' id='word_1_10' title='bbox 346 276 462 340; x_wconf 83' lang='lat' dir='ltr'>pluribus3</span> <span class='ocrx_word' id='word_1_11' title='bbox 478 289 530 340; x_wconf 85' lang='lat' dir='ltr'>quac</span> <span class='ocrx_word' id='word_1_12' title='bbox 543 277 679 342; x_wconf 77' lang='lat' dir='ltr'>quaudoque</span> <span class='ocrx_word' id='word_1_13' title='bbox 697 277 806 329; x_wconf 70' lang='lat' dir='ltr'>dulcium</span> <span class='ocrx_word' id='word_1_14' title='bbox 819 278 845 328; x_wconf 89' lang='lat' dir='ltr'>iu</span> 
     </span>
     <span class='ocr_line' id='line_1_3' title="bbox 37 347 845 414; baseline 0.001 -15"><span class='ocrx_word' id='word_1_15' title='bbox 37 349 122 401; x_wconf 89' lang='lat' dir='ltr'>minori</span> <span class='ocrx_word' id='word_1_16' title='bbox 132 351 208 414; x_wconf 85' lang='lat' dir='ltr'>parte.</span> <span class='ocrx_word' id='word_1_17' title='bbox 218 347 262 398; x_wconf 87' lang='lat' dir='ltr'>Sed</span> <span class='ocrx_word' id='word_1_18' title='bbox 272 347 462 411; x_wconf 85' lang='lat' dir='ltr'>quiabnjusmodi</span> <span class='ocrx_word' id='word_1_19' title='bbox 471 361 546 406; x_wconf 76' lang='lat' dir='ltr'>cause</span> <span class='ocrx_word' id='word_1_20' title='bbox 556 362 602 400; x_wconf 88' lang='lat' dir='ltr'>uon</span> <span class='ocrx_word' id='word_1_21' title='bbox 612 348 754 400; x_wconf 86' lang='lat' dir='ltr'>debeiuatiu</span> <span class='ocrx_word' id='word_1_22' title='bbox 763 349 845 400; x_wconf 86' lang='lat' dir='ltr'>minori</span> 
     </span>
     <span class='ocr_line' id='line_1_4' title="bbox 37 419 846 485; baseline 0.002 -15"><span class='ocrx_word' id='word_1_23' title='bbox 37 426 111 484; x_wconf 85' lang='lat' dir='ltr'>parte,</span> <span class='ocrx_word' id='word_1_24' title='bbox 124 419 174 470; x_wconf 91' lang='lat' dir='ltr'>nisi</span> <span class='ocrx_word' id='word_1_25' title='bbox 184 422 275 483; x_wconf 88' lang='lat' dir='ltr'>propter</span> <span class='ocrx_word' id='word_1_26' title='bbox 285 419 382 482; x_wconf 80' lang='lat' dir='ltr'>aliquam</span> <span class='ocrx_word' id='word_1_27' title='bbox 391 431 483 469; x_wconf 87' lang='lat' dir='ltr'>eausam</span> <span class='ocrx_word' id='word_1_28' title='bbox 492 419 653 484; x_wconf 84' lang='lat' dir='ltr'>impedientem</span> <span class='ocrx_word' id='word_1_29' title='bbox 657 420 764 485; x_wconf 83' lang='lat' dir='ltr'>,ridetur</span> <span class='ocrx_word' id='word_1_30' title='bbox 771 422 846 473; x_wconf 91' lang='lat' dir='ltr'>adbuc</span> 
     </span>
     <span class='ocr_line' id='line_1_5' title="bbox 37 489 847 556; baseline 0.002 -16"><span class='ocrx_word' id='word_1_31' title='bbox 37 490 177 554; x_wconf 78' lang='lat' dir='ltr'>pra-dictum</span> <span class='ocrx_word' id='word_1_32' title='bbox 196 489 359 540; x_wconf 82' lang='lat' dir='ltr'>inconvenieus</span> <span class='ocrx_word' id='word_1_33' title='bbox 375 501 421 539; x_wconf 89' lang='lat' dir='ltr'>uon</span> <span class='ocrx_word' id='word_1_34' title='bbox 442 491 525 553; x_wconf 84' lang='lat' dir='ltr'>uitari,</span> <span class='ocrx_word' id='word_1_35' title='bbox 540 490 593 553; x_wconf 78' lang='lat' dir='ltr'>quoia</span> <span class='ocrx_word' id='word_1_36' title='bbox 614 493 639 540; x_wconf 90' lang='lat' dir='ltr'>et</span> <span class='ocrx_word' id='word_1_37' title='bbox 655 491 732 556; x_wconf 91' lang='lat' dir='ltr'>ipsum</span> <span class='ocrx_word' id='word_1_38' title='bbox 749 490 847 556; x_wconf 88' lang='lat' dir='ltr'>impedi-</span> 
     </span>
     <span class='ocr_line' id='line_1_6' title="bbox 38 559 845 625; baseline 0.002 -13"><span class='ocrx_word' id='word_1_39' title='bbox 38 566 143 612; x_wconf 90' lang='lat' dir='ltr'>mentum</span> <span class='ocrx_word' id='word_1_40' title='bbox 155 559 209 610; x_wconf 85' lang='lat' dir='ltr'>talis</span> <span class='ocrx_word' id='word_1_41' title='bbox 225 573 298 611; x_wconf 80' lang='lat' dir='ltr'>carisa</span> <span class='ocrx_word' id='word_1_42' title='bbox 307 574 336 612; x_wconf 81' lang='lat' dir='ltr'>ex</span> <span class='ocrx_word' id='word_1_43' title='bbox 347 561 485 611; x_wconf 78' lang='lat' dir='ltr'>necessitate</span> <span class='ocrx_word' id='word_1_44' title='bbox 496 561 617 625; x_wconf 67' lang='lat' dir='ltr'>contingit.</span> <span class='ocrx_word' id='word_1_45' title='bbox 628 563 659 612; x_wconf 85' lang='lat' dir='ltr'>lit</span> <span class='ocrx_word' id='word_1_46' title='bbox 668 562 732 625; x_wconf 87' lang='lat' dir='ltr'>ideo,</span> <span class='ocrx_word' id='word_1_47' title='bbox 744 561 845 614; x_wconf 69' lang='lat' dir='ltr'>weuudd</span> 
     </span>
     <span class='ocr_line' id='line_1_7' title="bbox 37 631 843 698; baseline 0.009 -16"><span class='ocrx_word' id='word_1_48' title='bbox 37 637 127 698; x_wconf 85' lang='lat' dir='ltr'>oportet</span> <span class='ocrx_word' id='word_1_49' title='bbox 143 632 238 695; x_wconf 88' lang='lat' dir='ltr'>dicere,</span> <span class='ocrx_word' id='word_1_50' title='bbox 252 631 312 696; x_wconf 87' lang='lat' dir='ltr'>qndd</span> <span class='ocrx_word' id='word_1_51' title='bbox 324 645 392 686; x_wconf 88' lang='lat' dir='ltr'>omne</span> <span class='ocrx_word' id='word_1_52' title='bbox 408 634 468 697; x_wconf 88' lang='lat' dir='ltr'>quod</span> <span class='ocrx_word' id='word_1_53' title='bbox 486 635 522 684; x_wconf 88' lang='lat' dir='ltr'>est</span> <span class='ocrx_word' id='word_1_54' title='bbox 538 647 579 698; x_wconf 86' lang='lat' dir='ltr'>per</span> <span class='ocrx_word' id='word_1_55' title='bbox 597 647 634 696; x_wconf 92' lang='lat' dir='ltr'>se,</span> <span class='ocrx_word' id='word_1_56' title='bbox 654 635 724 685; x_wconf 88' lang='lat' dir='ltr'>babet</span> <span class='ocrx_word' id='word_1_57' title='bbox 737 648 843 690; x_wconf 81' lang='lat' dir='ltr'>causam:</span> 
     </span>
     <span class='ocr_line' id='line_1_8' title="bbox 38 703 845 770; baseline 0.006 -17"><span class='ocrx_word' id='word_1_58' title='bbox 38 706 98 768; x_wconf 86' lang='lat' dir='ltr'>qnod</span> <span class='ocrx_word' id='word_1_59' title='bbox 111 707 192 755; x_wconf 87' lang='lat' dir='ltr'>autem</span> <span class='ocrx_word' id='word_1_60' title='bbox 203 707 238 754; x_wconf 84' lang='lat' dir='ltr'>est</span> <span class='ocrx_word' id='word_1_61' title='bbox 250 717 291 770; x_wconf 91' lang='lat' dir='ltr'>per</span> <span class='ocrx_word' id='word_1_62' title='bbox 301 703 417 768; x_wconf 88' lang='lat' dir='ltr'>accidens,</span> <span class='ocrx_word' id='word_1_63' title='bbox 433 716 479 755; x_wconf 92' lang='lat' dir='ltr'>non</span> <span class='ocrx_word' id='word_1_64' title='bbox 494 705 563 754; x_wconf 89' lang='lat' dir='ltr'>babet</span> <span class='ocrx_word' id='word_1_65' title='bbox 575 718 679 768; x_wconf 83' lang='lat' dir='ltr'>oausam3</span> <span class='ocrx_word' id='word_1_66' title='bbox 690 706 744 770; x_wconf 80' lang='lat' dir='ltr'>quia</span> <span class='ocrx_word' id='word_1_67' title='bbox 754 719 800 755; x_wconf 92' lang='lat' dir='ltr'>nou</span> <span class='ocrx_word' id='word_1_68' title='bbox 808 710 845 758; x_wconf 87' lang='lat' dir='ltr'>est</span> 
     </span>
     <span class='ocr_line' id='line_1_9' title="bbox 39 773 844 842; baseline 0.007 -20"><span class='ocrx_word' id='word_1_69' title='bbox 39 775 91 826; x_wconf 81' lang='lat' dir='ltr'>rere</span> <span class='ocrx_word' id='word_1_70' title='bbox 105 789 164 836; x_wconf 89' lang='lat' dir='ltr'>eus,</span> <span class='ocrx_word' id='word_1_71' title='bbox 180 773 233 824; x_wconf 83' lang='lat' dir='ltr'>ebur</span> <span class='ocrx_word' id='word_1_72' title='bbox 244 788 290 824; x_wconf 91' lang='lat' dir='ltr'>non</span> <span class='ocrx_word' id='word_1_73' title='bbox 301 775 331 824; x_wconf 89' lang='lat' dir='ltr'>sit</span> <span class='ocrx_word' id='word_1_74' title='bbox 342 775 395 826; x_wconf 75' lang='lat' dir='ltr'>rere</span> <span class='ocrx_word' id='word_1_75' title='bbox 407 789 488 825; x_wconf 83' lang='lat' dir='ltr'>anuum.</span> <span class='ocrx_word' id='word_1_76' title='bbox 503 776 583 826; x_wconf 77' lang='lat' dir='ltr'>libum</span> <span class='ocrx_word' id='word_1_77' title='bbox 593 778 655 828; x_wconf 88' lang='lat' dir='ltr'>euim</span> <span class='ocrx_word' id='word_1_78' title='bbox 664 787 756 826; x_wconf 73' lang='lat' dir='ltr'>caumm</span> <span class='ocrx_word' id='word_1_79' title='bbox 766 777 844 842; x_wconf 88' lang='lat' dir='ltr'>babet,</span> 
     </span>
     <span class='ocr_line' id='line_1_10' title="bbox 38 846 844 911; baseline 0.004 -16"><span class='ocrx_word' id='word_1_80' title='bbox 38 847 145 898; x_wconf 84' lang='lat' dir='ltr'>simililer</span> <span class='ocrx_word' id='word_1_81' title='bbox 156 849 181 896; x_wconf 90' lang='lat' dir='ltr'>et</span> <span class='ocrx_word' id='word_1_82' title='bbox 190 846 316 908; x_wconf 78' lang='lat' dir='ltr'>mursieum3</span> <span class='ocrx_word' id='word_1_83' title='bbox 326 847 366 897; x_wconf 90' lang='lat' dir='ltr'>sed</span> <span class='ocrx_word' id='word_1_84' title='bbox 377 846 463 897; x_wconf 81' lang='lat' dir='ltr'>uldam</span> <span class='ocrx_word' id='word_1_85' title='bbox 473 849 600 897; x_wconf 74' lang='lat' dir='ltr'>musicum</span> <span class='ocrx_word' id='word_1_86' title='bbox 611 859 658 898; x_wconf 88' lang='lat' dir='ltr'>uon</span> <span class='ocrx_word' id='word_1_87' title='bbox 665 847 734 898; x_wconf 86' lang='lat' dir='ltr'>babet</span> <span class='ocrx_word' id='word_1_88' title='bbox 744 857 844 911; x_wconf 85' lang='lat' dir='ltr'>causam,</span> 
     </span>
     <span class='ocr_line' id='line_1_11' title="bbox 39 917 846 983; baseline 0.004 -15"><span class='ocrx_word' id='word_1_89' title='bbox 39 921 92 983; x_wconf 86' lang='lat' dir='ltr'>quia</span> <span class='ocrx_word' id='word_1_90' title='bbox 102 933 150 971; x_wconf 87' lang='lat' dir='ltr'>nou</span> <span class='ocrx_word' id='word_1_91' title='bbox 158 921 196 969; x_wconf 90' lang='lat' dir='ltr'>est</span> <span class='ocrx_word' id='word_1_92' title='bbox 206 917 260 970; x_wconf 76' lang='lat' dir='ltr'>rere</span> <span class='ocrx_word' id='word_1_93' title='bbox 269 931 324 979; x_wconf 91' lang='lat' dir='ltr'>ens,</span> <span class='ocrx_word' id='word_1_94' title='bbox 335 931 408 983; x_wconf 83' lang='lat' dir='ltr'>neque</span> <span class='ocrx_word' id='word_1_95' title='bbox 417 918 470 969; x_wconf 78' lang='lat' dir='ltr'>rere</span> <span class='ocrx_word' id='word_1_96' title='bbox 479 934 561 970; x_wconf 87' lang='lat' dir='ltr'>unum.</span> <span class='ocrx_word' id='word_1_97' title='bbox 573 919 717 970; x_wconf 78' lang='lat' dir='ltr'>Manifestum</span> <span class='ocrx_word' id='word_1_98' title='bbox 725 922 761 970; x_wconf 90' lang='lat' dir='ltr'>est</span> <span class='ocrx_word' id='word_1_99' title='bbox 770 924 846 971; x_wconf 86' lang='lat' dir='ltr'>autem</span> 
     </span>
     <span class='ocr_line' id='line_1_12' title="bbox 39 989 846 1055; baseline 0.005 -17"><span class='ocrx_word' id='word_1_100' title='bbox 39 989 100 1051; x_wconf 83' lang='lat' dir='ltr'>qnod</span> <span class='ocrx_word' id='word_1_101' title='bbox 117 1001 190 1040; x_wconf 88' lang='lat' dir='ltr'>causa</span> <span class='ocrx_word' id='word_1_102' title='bbox 208 989 337 1053; x_wconf 88' lang='lat' dir='ltr'>impediens</span> <span class='ocrx_word' id='word_1_103' title='bbox 354 989 465 1040; x_wconf 82' lang='lat' dir='ltr'>actionem</span> <span class='ocrx_word' id='word_1_104' title='bbox 483 991 580 1055; x_wconf 82' lang='lat' dir='ltr'>abcujus</span> <span class='ocrx_word' id='word_1_105' title='bbox 601 1003 677 1041; x_wconf 85' lang='lat' dir='ltr'>cause</span> <span class='ocrx_word' id='word_1_106' title='bbox 692 989 800 1042; x_wconf 78' lang='lat' dir='ltr'>ordinate</span> <span class='ocrx_word' id='word_1_107' title='bbox 818 991 846 1041; x_wconf 82' lang='lat' dir='ltr'>ad</span> 
     </span>
     <span class='ocr_line' id='line_1_13' title="bbox 40 1059 847 1126; baseline 0 -16"><span class='ocrx_word' id='word_1_108' title='bbox 40 1074 105 1110; x_wconf 89' lang='lat' dir='ltr'>suum</span> <span class='ocrx_word' id='word_1_109' title='bbox 120 1061 248 1124; x_wconf 82' lang='lat' dir='ltr'>ellectum,</span> <span class='ocrx_word' id='word_1_110' title='bbox 260 1064 286 1112; x_wconf 90' lang='lat' dir='ltr'>ut</span> <span class='ocrx_word' id='word_1_111' title='bbox 294 1061 319 1112; x_wconf 91' lang='lat' dir='ltr'>iu</span> <span class='ocrx_word' id='word_1_112' title='bbox 332 1059 444 1125; x_wconf 86' lang='lat' dir='ltr'>pluribus,</span> <span class='ocrx_word' id='word_1_113' title='bbox 453 1061 566 1112; x_wconf 78' lang='lat' dir='ltr'>concurrit</span> <span class='ocrx_word' id='word_1_114' title='bbox 575 1061 598 1112; x_wconf 92' lang='lat' dir='ltr'>ei</span> <span class='ocrx_word' id='word_1_115' title='bbox 609 1061 723 1112; x_wconf 83' lang='lat' dir='ltr'>interdum</span> <span class='ocrx_word' id='word_1_116' title='bbox 732 1074 774 1126; x_wconf 87' lang='lat' dir='ltr'>per</span> <span class='ocrx_word' id='word_1_117' title='bbox 786 1061 847 1112; x_wconf 87' lang='lat' dir='ltr'>acei-</span> 
     </span>
     <span class='ocr_line' id='line_1_14' title="bbox 40 1131 848 1197; baseline -0.001 -16"><span class='ocrx_word' id='word_1_118' title='bbox 40 1134 105 1182; x_wconf 89' lang='lat' dir='ltr'>dens.</span> <span class='ocrx_word' id='word_1_119' title='bbox 125 1132 194 1182; x_wconf 89' lang='lat' dir='ltr'>Unde</span> <span class='ocrx_word' id='word_1_120' title='bbox 206 1131 260 1182; x_wconf 89' lang='lat' dir='ltr'>talis</span> <span class='ocrx_word' id='word_1_121' title='bbox 273 1145 397 1182; x_wconf 88' lang='lat' dir='ltr'>concursus</span> <span class='ocrx_word' id='word_1_122' title='bbox 410 1146 456 1183; x_wconf 93' lang='lat' dir='ltr'>nou</span> <span class='ocrx_word' id='word_1_123' title='bbox 469 1133 537 1182; x_wconf 89' lang='lat' dir='ltr'>habet</span> <span class='ocrx_word' id='word_1_124' title='bbox 549 1145 649 1196; x_wconf 77' lang='lat' dir='ltr'>musam,</span> <span class='ocrx_word' id='word_1_125' title='bbox 657 1133 681 1182; x_wconf 95' lang='lat' dir='ltr'>in</span> <span class='ocrx_word' id='word_1_126' title='bbox 691 1136 800 1197; x_wconf 75' lang='lat' dir='ltr'>quautm</span> <span class='ocrx_word' id='word_1_127' title='bbox 810 1137 848 1183; x_wconf 86' lang='lat' dir='ltr'>cst</span> 
     </span>
     <span class='ocr_line' id='line_1_15' title="bbox 40 1203 846 1270; baseline 0.001 -17"><span class='ocrx_word' id='word_1_128' title='bbox 40 1205 246 1266; x_wconf 61' lang='lat' dir='ltr'>iterumiterum</span> <span class='ocrx_word' id='word_1_129' title='bbox 257 1207 349 1270; x_wconf 84' lang='lat' dir='ltr'>propter</span> <span class='ocrx_word' id='word_1_130' title='bbox 357 1205 410 1264; x_wconf 88' lang='lat' dir='ltr'>boc,</span> <span class='ocrx_word' id='word_1_131' title='bbox 418 1203 441 1253; x_wconf 93' lang='lat' dir='ltr'>id</span> <span class='ocrx_word' id='word_1_132' title='bbox 452 1205 511 1268; x_wconf 86' lang='lat' dir='ltr'>quod</span> <span class='ocrx_word' id='word_1_133' title='bbox 521 1217 551 1254; x_wconf 83' lang='lat' dir='ltr'>eu</span> <span class='ocrx_word' id='word_1_134' title='bbox 559 1204 602 1254; x_wconf 85' lang='lat' dir='ltr'>tali</span> <span class='ocrx_word' id='word_1_135' title='bbox 611 1216 723 1255; x_wconf 85' lang='lat' dir='ltr'>concursu</span> <span class='ocrx_word' id='word_1_136' title='bbox 734 1204 846 1268; x_wconf 81' lang='lat' dir='ltr'>sequibrr,</span> 
     </span>
     <span class='ocr_line' id='line_1_16' title="bbox 40 1274 848 1340; baseline 0.001 -15"><span class='ocrx_word' id='word_1_137' title='bbox 40 1291 83 1326; x_wconf 91' lang='lat' dir='ltr'>non</span> <span class='ocrx_word' id='word_1_138' title='bbox 99 1275 221 1327; x_wconf 79' lang='lat' dir='ltr'>reducitur</span> <span class='ocrx_word' id='word_1_139' title='bbox 237 1274 262 1324; x_wconf 90' lang='lat' dir='ltr'>in</span> <span class='ocrx_word' id='word_1_140' title='bbox 277 1275 375 1338; x_wconf 82' lang='lat' dir='ltr'>aliquam</span> <span class='ocrx_word' id='word_1_141' title='bbox 393 1289 484 1325; x_wconf 88' lang='lat' dir='ltr'>causam</span> <span class='ocrx_word' id='word_1_142' title='bbox 499 1276 684 1338; x_wconf 71' lang='lat' dir='ltr'>praesidentem</span> <span class='ocrx_word' id='word_1_143' title='bbox 691 1312 700 1338; x_wconf 90' lang='lat'>,</span> <span class='ocrx_word' id='word_1_144' title='bbox 714 1289 744 1325; x_wconf 87' lang='lat' dir='ltr'>cx</span> <span class='ocrx_word' id='word_1_145' title='bbox 755 1287 801 1340; x_wconf 79' lang='lat' dir='ltr'>qua</span> <span class='ocrx_word' id='word_1_146' title='bbox 817 1289 848 1326; x_wconf 81' lang='lat' dir='ltr'>ex</span> 
     </span>
     <span class='ocr_line' id='line_1_17' title="bbox 42 1346 849 1410; baseline -0.002 -14"><span class='ocrx_word' id='word_1_147' title='bbox 42 1347 182 1398; x_wconf 86' lang='lat' dir='ltr'>necessitate</span> <span class='ocrx_word' id='word_1_148' title='bbox 191 1350 314 1409; x_wconf 68' lang='lat' dir='ltr'>mutuatur:</span> <span class='ocrx_word' id='word_1_149' title='bbox 329 1347 388 1398; x_wconf 81' lang='lat' dir='ltr'>sium</span> <span class='ocrx_word' id='word_1_150' title='bbox 402 1346 461 1409; x_wconf 83' lang='lat' dir='ltr'>qudd</span> <span class='ocrx_word' id='word_1_151' title='bbox 473 1348 565 1410; x_wconf 86' lang='lat' dir='ltr'>aliquod</span> <span class='ocrx_word' id='word_1_152' title='bbox 576 1359 658 1409; x_wconf 87' lang='lat' dir='ltr'>corpus</span> <span class='ocrx_word' id='word_1_153' title='bbox 670 1347 776 1397; x_wconf 85' lang='lat' dir='ltr'>terrestre</span> <span class='ocrx_word' id='word_1_154' title='bbox 788 1346 849 1409; x_wconf 71' lang='lat' dir='ltr'>igui-</span> 
     </span>
     <span class='ocr_line' id='line_1_18' title="bbox 43 1416 849 1482; baseline 0.004 -16"><span class='ocrx_word' id='word_1_155' title='bbox 43 1423 90 1468; x_wconf 91' lang='lat' dir='ltr'>tnm</span> <span class='ocrx_word' id='word_1_156' title='bbox 99 1420 126 1468; x_wconf 87' lang='lat' dir='ltr'>iu</span> <span class='ocrx_word' id='word_1_157' title='bbox 138 1417 255 1482; x_wconf 82' lang='lat' dir='ltr'>superiori</span> <span class='ocrx_word' id='word_1_158' title='bbox 265 1421 328 1482; x_wconf 89' lang='lat' dir='ltr'>parte</span> <span class='ocrx_word' id='word_1_159' title='bbox 339 1417 397 1468; x_wconf 83' lang='lat' dir='ltr'>aeris</span> <span class='ocrx_word' id='word_1_160' title='bbox 405 1421 535 1481; x_wconf 81' lang='lat' dir='ltr'>generetur,</span> <span class='ocrx_word' id='word_1_161' title='bbox 545 1422 570 1468; x_wconf 88' lang='lat' dir='ltr'>et</span> <span class='ocrx_word' id='word_1_162' title='bbox 580 1419 686 1468; x_wconf 88' lang='lat' dir='ltr'>deorsum</span> <span class='ocrx_word' id='word_1_163' title='bbox 694 1417 771 1479; x_wconf 83' lang='lat' dir='ltr'>cadat,</span> <span class='ocrx_word' id='word_1_164' title='bbox 779 1416 849 1469; x_wconf 82' lang='lat' dir='ltr'>habet</span> 
     </span>
     <span class='ocr_line' id='line_1_19' title="bbox 42 1486 849 1552; baseline -0.001 -12"><span class='ocrx_word' id='word_1_165' title='bbox 42 1503 135 1540; x_wconf 63' lang='lat' dir='ltr'>cauum</span> <span class='ocrx_word' id='word_1_166' title='bbox 154 1488 258 1552; x_wconf 83' lang='lat' dir='ltr'>aliquam</span> <span class='ocrx_word' id='word_1_167' title='bbox 274 1489 381 1540; x_wconf 78' lang='lat' dir='ltr'>mitatem</span> <span class='ocrx_word' id='word_1_168' title='bbox 397 1489 527 1552; x_wconf 66' lang='lat' dir='ltr'>coelestem,</span> <span class='ocrx_word' id='word_1_169' title='bbox 542 1493 566 1540; x_wconf 87' lang='lat' dir='ltr'>et</span> <span class='ocrx_word' id='word_1_170' title='bbox 583 1487 688 1538; x_wconf 87' lang='lat' dir='ltr'>similiter</span> <span class='ocrx_word' id='word_1_171' title='bbox 704 1486 775 1538; x_wconf 87' lang='lat' dir='ltr'>etiam</span> <span class='ocrx_word' id='word_1_172' title='bbox 787 1487 849 1550; x_wconf 77' lang='lat' dir='ltr'>quod</span> 
     </span>
     <span class='ocr_line' id='line_1_20' title="bbox 43 1558 851 1624; baseline 0 -15"><span class='ocrx_word' id='word_1_173' title='bbox 43 1562 65 1610; x_wconf 93' lang='lat' dir='ltr'>in</span> <span class='ocrx_word' id='word_1_174' title='bbox 83 1560 211 1624; x_wconf 83' lang='lat' dir='ltr'>superlicio</span> <span class='ocrx_word' id='word_1_175' title='bbox 231 1563 297 1610; x_wconf 79' lang='lat' dir='ltr'>terra</span> <span class='ocrx_word' id='word_1_176' title='bbox 317 1559 347 1610; x_wconf 91' lang='lat' dir='ltr'>sit</span> <span class='ocrx_word' id='word_1_177' title='bbox 366 1559 440 1624; x_wconf 82' lang='lat' dir='ltr'>aliqua</span> <span class='ocrx_word' id='word_1_178' title='bbox 461 1560 556 1611; x_wconf 70' lang='lat' dir='ltr'>mamma</span> <span class='ocrx_word' id='word_1_179' title='bbox 573 1558 753 1619; x_wconf 73' lang='lat' dir='ltr'>combustibilis,</span> <span class='ocrx_word' id='word_1_180' title='bbox 774 1562 851 1623; x_wconf 85' lang='lat' dir='ltr'>potest</span> 
     </span>
     <span class='ocr_line' id='line_1_21' title="bbox 43 1629 852 1697; baseline 0 -15"><span class='ocrx_word' id='word_1_181' title='bbox 43 1631 121 1683; x_wconf 87' lang='lat' dir='ltr'>reduci</span> <span class='ocrx_word' id='word_1_182' title='bbox 135 1633 159 1683; x_wconf 91' lang='lat' dir='ltr'>iu</span> <span class='ocrx_word' id='word_1_183' title='bbox 178 1633 270 1696; x_wconf 73' lang='lat' dir='ltr'>aliquod</span> <span class='ocrx_word' id='word_1_184' title='bbox 285 1632 379 1682; x_wconf 77' lang='lat' dir='ltr'>caeleste</span> <span class='ocrx_word' id='word_1_185' title='bbox 398 1631 541 1696; x_wconf 86' lang='lat' dir='ltr'>principium.</span> <span class='ocrx_word' id='word_1_186' title='bbox 557 1632 600 1682; x_wconf 87' lang='lat' dir='ltr'>Sed</span> <span class='ocrx_word' id='word_1_187' title='bbox 615 1630 676 1697; x_wconf 86' lang='lat' dir='ltr'>qubd</span> <span class='ocrx_word' id='word_1_188' title='bbox 694 1629 753 1694; x_wconf 76' lang='lat' dir='ltr'>iguis</span> <span class='ocrx_word' id='word_1_189' title='bbox 767 1630 852 1682; x_wconf 82' lang='lat' dir='ltr'>cadens</span> 
     </span>
     <span class='ocr_line' id='line_1_22' title="bbox 44 1703 850 1766; baseline -0.002 -13"><span class='ocrx_word' id='word_1_190' title='bbox 44 1707 96 1755; x_wconf 85' lang='lat' dir='ltr'>bric</span> <span class='ocrx_word' id='word_1_191' title='bbox 109 1703 215 1756; x_wconf 80' lang='lat' dir='ltr'>materia</span> <span class='ocrx_word' id='word_1_192' title='bbox 230 1707 344 1766; x_wconf 75' lang='lat' dir='ltr'>occurrat,</span> <span class='ocrx_word' id='word_1_193' title='bbox 360 1707 384 1754; x_wconf 88' lang='lat' dir='ltr'>ot</span> <span class='ocrx_word' id='word_1_194' title='bbox 397 1705 514 1754; x_wconf 87' lang='lat' dir='ltr'>comburat</span> <span class='ocrx_word' id='word_1_195' title='bbox 531 1717 598 1766; x_wconf 88' lang='lat' dir='ltr'>eam,</span> <span class='ocrx_word' id='word_1_196' title='bbox 611 1716 657 1754; x_wconf 91' lang='lat' dir='ltr'>uon</span> <span class='ocrx_word' id='word_1_197' title='bbox 673 1703 743 1753; x_wconf 87' lang='lat' dir='ltr'>babet</span> <span class='ocrx_word' id='word_1_198' title='bbox 756 1713 850 1752; x_wconf 87' lang='lat' dir='ltr'>oausam</span> 
     </span>
     <span class='ocr_line' id='line_1_23' title="bbox 45 1773 851 1840; baseline -0.002 -14"><span class='ocrx_word' id='word_1_199' title='bbox 45 1778 141 1840; x_wconf 85' lang='lat' dir='ltr'>aliquod</span> <span class='ocrx_word' id='word_1_200' title='bbox 148 1775 243 1827; x_wconf 67' lang='lat' dir='ltr'>celeste</span> <span class='ocrx_word' id='word_1_201' title='bbox 254 1787 343 1839; x_wconf 74' lang='lat' dir='ltr'>comus,</span> <span class='ocrx_word' id='word_1_202' title='bbox 356 1777 395 1826; x_wconf 89' lang='lat' dir='ltr'>sed</span> <span class='ocrx_word' id='word_1_203' title='bbox 407 1779 443 1826; x_wconf 87' lang='lat' dir='ltr'>est</span> <span class='ocrx_word' id='word_1_204' title='bbox 455 1789 497 1840; x_wconf 87' lang='lat' dir='ltr'>per</span> <span class='ocrx_word' id='word_1_205' title='bbox 508 1776 622 1826; x_wconf 87' lang='lat' dir='ltr'>accidens.</span> <span class='ocrx_word' id='word_1_206' title='bbox 632 1777 661 1826; x_wconf 80' lang='lat' dir='ltr'>ut</span> <span class='ocrx_word' id='word_1_207' title='bbox 673 1775 707 1826; x_wconf 91' lang='lat' dir='ltr'>sic</span> <span class='ocrx_word' id='word_1_208' title='bbox 718 1778 781 1840; x_wconf 84' lang='lat' dir='ltr'>patet</span> <span class='ocrx_word' id='word_1_209' title='bbox 789 1773 851 1840; x_wconf 85' lang='lat' dir='ltr'>qubrl</span> 
     </span>
     <span class='ocr_line' id='line_1_24' title="bbox 44 1845 848 1912; baseline -0.002 -15"><span class='ocrx_word' id='word_1_210' title='bbox 44 1863 88 1899; x_wconf 90' lang='lat' dir='ltr'>non</span> <span class='ocrx_word' id='word_1_211' title='bbox 106 1861 191 1900; x_wconf 87' lang='lat' dir='ltr'>omues</span> <span class='ocrx_word' id='word_1_212' title='bbox 204 1845 298 1898; x_wconf 79' lang='lat' dir='ltr'>edoctus</span> <span class='ocrx_word' id='word_1_213' title='bbox 312 1847 437 1898; x_wconf 71' lang='lat' dir='ltr'>coelestium</span> <span class='ocrx_word' id='word_1_214' title='bbox 455 1861 573 1912; x_wconf 87' lang='lat' dir='ltr'>corporum</span> <span class='ocrx_word' id='word_1_215' title='bbox 587 1851 640 1897; x_wconf 89' lang='lat' dir='ltr'>sunt</span> <span class='ocrx_word' id='word_1_216' title='bbox 653 1861 681 1899; x_wconf 79' lang='lat' dir='ltr'>er</span> <span class='ocrx_word' id='word_1_217' title='bbox 702 1846 848 1898; x_wconf 73' lang='lat' dir='ltr'>necessitate.</span> 
     </span>
    </p>

    <p class='ocr_par' dir='ltr' id='par_1_3' title="bbox 46 1919 907 2128">
     <span class='ocr_line' id='line_1_25' title="bbox 75 1919 907 1984; baseline -0.002 -12"><span class='ocrx_word' id='word_1_218' title='bbox 75 1922 110 1972; x_wconf 89' lang='lat' dir='ltr'>lld</span> <span class='ocrx_word' id='word_1_219' title='bbox 128 1920 232 1984; x_wconf 86' lang='lat' dir='ltr'>primum</span> <span class='ocrx_word' id='word_1_220' title='bbox 253 1932 307 1982; x_wconf 74' lang='lat' dir='ltr'>ergo</span> <span class='ocrx_word' id='word_1_221' title='bbox 326 1919 462 1984; x_wconf 88' lang='lat' dir='ltr'>dicendum,</span> <span class='ocrx_word' id='word_1_222' title='bbox 482 1919 545 1984; x_wconf 78' lang='lat' dir='ltr'>uubd</span> <span class='ocrx_word' id='word_1_223' title='bbox 562 1931 654 1983; x_wconf 81' lang='lat' dir='ltr'>mrpora</span> <span class='ocrx_word' id='word_1_224' title='bbox 677 1919 777 1968; x_wconf 73' lang='lat' dir='ltr'>colestia</span> <span class='ocrx_word' id='word_1_225' title='bbox 797 1920 852 1967; x_wconf 89' lang='lat' dir='ltr'>suut</span> <span class='ocrx_word' id='word_1_226' title='bbox 895 1957 907 1970; x_wconf 62' lang='grc'><strong>,</strong></span> 
     </span>
     <span class='ocr_line' id='line_1_26' title="bbox 46 1989 852 2052; baseline -0.009 -8"><span class='ocrx_word' id='word_1_227' title='bbox 46 2005 113 2044; x_wconf 89' lang='lat' dir='ltr'>causa</span> <span class='ocrx_word' id='word_1_228' title='bbox 130 1991 270 2042; x_wconf 74' lang='lat' dir='ltr'>inferiorum</span> <span class='ocrx_word' id='word_1_229' title='bbox 283 1991 404 2042; x_wconf 75' lang='lat' dir='ltr'>effectarum</span> <span class='ocrx_word' id='word_1_230' title='bbox 420 1991 572 2042; x_wconf 82' lang='lat' dir='ltr'>mediantibus</span> <span class='ocrx_word' id='word_1_231' title='bbox 587 1990 662 2040; x_wconf 79' lang='lat' dir='ltr'>cauus</span> <span class='ocrx_word' id='word_1_232' title='bbox 677 1989 852 2052; x_wconf 79' lang='lat' dir='ltr'>particularibus</span> 
     </span>
     <span class='ocr_line' id='line_1_27' title="bbox 46 2059 709 2128; baseline -0.008 -15"><span class='ocrx_word' id='word_1_233' title='bbox 46 2063 206 2126; x_wconf 82' lang='lat' dir='ltr'>interioribus3</span> <span class='ocrx_word' id='word_1_234' title='bbox 224 2075 275 2127; x_wconf 82' lang='lat' dir='ltr'>qua</span> <span class='ocrx_word' id='word_1_235' title='bbox 288 2062 384 2113; x_wconf 79' lang='lat' dir='ltr'>debuere</span> <span class='ocrx_word' id='word_1_236' title='bbox 397 2065 493 2128; x_wconf 82' lang='lat' dir='ltr'>possum</span> <span class='ocrx_word' id='word_1_237' title='bbox 507 2062 532 2111; x_wconf 91' lang='lat' dir='ltr'>iu</span> <span class='ocrx_word' id='word_1_238' title='bbox 542 2059 625 2110; x_wconf 89' lang='lat' dir='ltr'>minori</span> <span class='ocrx_word' id='word_1_239' title='bbox 637 2063 709 2125; x_wconf 86' lang='lat' dir='ltr'>parte.</span> 
     </span>
    </p>

    <p class='ocr_par' dir='ltr' id='par_1_4' title="bbox 48 2130 853 2701">
     <span class='ocr_line' id='line_1_28' title="bbox 77 2130 852 2199; baseline -0.01 -11"><span class='ocrx_word' id='word_1_240' title='bbox 77 2140 110 2190; x_wconf 86' lang='lat' dir='ltr'>lid</span> <span class='ocrx_word' id='word_1_241' title='bbox 125 2137 252 2188; x_wconf 74' lang='lat' dir='ltr'>sewudum</span> <span class='ocrx_word' id='word_1_242' title='bbox 265 2135 400 2199; x_wconf 81' lang='lat' dir='ltr'>dicendum,</span> <span class='ocrx_word' id='word_1_243' title='bbox 413 2134 472 2199; x_wconf 79' lang='lat' dir='ltr'>quiid</span> <span class='ocrx_word' id='word_1_244' title='bbox 489 2134 563 2190; x_wconf 75' lang='lat' dir='ltr'>sutus</span> <span class='ocrx_word' id='word_1_245' title='bbox 575 2131 677 2195; x_wconf 87' lang='lat' dir='ltr'>corporis</span> <span class='ocrx_word' id='word_1_246' title='bbox 689 2130 789 2180; x_wconf 70' lang='lat' dir='ltr'>caelestis</span> <span class='ocrx_word' id='word_1_247' title='bbox 805 2143 852 2180; x_wconf 90' lang='lat' dir='ltr'>uon</span> 
     </span>
     <span class='ocr_line' id='line_1_29' title="bbox 48 2199 852 2270; baseline -0.007 -13"><span class='ocrx_word' id='word_1_248' title='bbox 48 2213 80 2258; x_wconf 86' lang='lat' dir='ltr'>est</span> <span class='ocrx_word' id='word_1_249' title='bbox 93 2208 188 2260; x_wconf 86' lang='lat' dir='ltr'>infinita</span> <span class='ocrx_word' id='word_1_250' title='bbox 199 2223 212 2253; x_wconf 75' lang='lat' dir='ltr'>a</span> <span class='ocrx_word' id='word_1_251' title='bbox 222 2207 284 2256; x_wconf 85' lang='lat' dir='ltr'>uude</span> <span class='ocrx_word' id='word_1_252' title='bbox 295 2205 389 2270; x_wconf 83' lang='lat' dir='ltr'>requirit</span> <span class='ocrx_word' id='word_1_253' title='bbox 398 2204 571 2256; x_wconf 83' lang='lat' dir='ltr'>determinatam</span> <span class='ocrx_word' id='word_1_254' title='bbox 580 2199 752 2265; x_wconf 84' lang='lat' dir='ltr'>dispositionem</span> <span class='ocrx_word' id='word_1_255' title='bbox 765 2202 788 2250; x_wconf 93' lang='lat' dir='ltr'>iu</span> <span class='ocrx_word' id='word_1_256' title='bbox 802 2214 852 2251; x_wconf 85' lang='lat' dir='ltr'>ma·</span> 
     </span>
     <span class='ocr_line' id='line_1_30' title="bbox 48 2271 850 2338; baseline -0.007 -10"><span class='ocrx_word' id='word_1_257' title='bbox 48 2281 105 2331; x_wconf 90' lang='lat' dir='ltr'>teria</span> <span class='ocrx_word' id='word_1_258' title='bbox 116 2280 147 2332; x_wconf 87' lang='lat' dir='ltr'>ad</span> <span class='ocrx_word' id='word_1_259' title='bbox 160 2279 312 2330; x_wconf 88' lang='lat' dir='ltr'>inducendum</span> <span class='ocrx_word' id='word_1_260' title='bbox 323 2291 389 2328; x_wconf 89' lang='lat' dir='ltr'>suum</span> <span class='ocrx_word' id='word_1_261' title='bbox 398 2277 516 2338; x_wconf 79' lang='lat' dir='ltr'>ellectum,</span> <span class='ocrx_word' id='word_1_262' title='bbox 527 2277 552 2325; x_wconf 90' lang='lat' dir='ltr'>et</span> <span class='ocrx_word' id='word_1_263' title='bbox 561 2276 671 2336; x_wconf 82' lang='lat' dir='ltr'>quantum</span> <span class='ocrx_word' id='word_1_264' title='bbox 682 2273 711 2323; x_wconf 89' lang='lat' dir='ltr'>ad</span> <span class='ocrx_word' id='word_1_265' title='bbox 719 2271 850 2323; x_wconf 52' lang='lat' dir='ltr'>&amp;mutiam</span> 
     </span>
     <span class='ocr_line' id='line_1_31' title="bbox 50 2344 852 2416; baseline -0.005 -16"><span class='ocrx_word' id='word_1_266' title='bbox 50 2352 105 2416; x_wconf 91' lang='lat' dir='ltr'>loci,</span> <span class='ocrx_word' id='word_1_267' title='bbox 121 2354 267 2415; x_wconf 86' lang='lat' dir='ltr'>etquautum</span> <span class='ocrx_word' id='word_1_268' title='bbox 278 2351 307 2400; x_wconf 91' lang='lat' dir='ltr'>ad</span> <span class='ocrx_word' id='word_1_269' title='bbox 319 2349 374 2400; x_wconf 88' lang='lat' dir='ltr'>alias</span> <span class='ocrx_word' id='word_1_270' title='bbox 386 2345 536 2399; x_wconf 89' lang='lat' dir='ltr'>conditiones.</span> <span class='ocrx_word' id='word_1_271' title='bbox 552 2347 581 2396; x_wconf 83' lang='lat' dir='ltr'>lit</span> <span class='ocrx_word' id='word_1_272' title='bbox 591 2345 657 2408; x_wconf 88' lang='lat' dir='ltr'>ideo,</span> <span class='ocrx_word' id='word_1_273' title='bbox 673 2344 733 2396; x_wconf 88' lang='lat' dir='ltr'>sicut</span> <span class='ocrx_word' id='word_1_274' title='bbox 743 2344 852 2396; x_wconf 59' lang='lat' dir='ltr'>manda</span> 
     </span>
     <span class='ocr_line' id='line_1_32' title="bbox 51 2417 853 2487; baseline -0.005 -15"><span class='ocrx_word' id='word_1_275' title='bbox 51 2425 91 2473; x_wconf 91' lang='lat' dir='ltr'>loci</span> <span class='ocrx_word' id='word_1_276' title='bbox 102 2423 316 2487; x_wconf 82' lang='lat' dir='ltr'>impediteilectum</span> <span class='ocrx_word' id='word_1_277' title='bbox 328 2421 429 2471; x_wconf 81' lang='lat' dir='ltr'>coelestis</span> <span class='ocrx_word' id='word_1_278' title='bbox 439 2419 541 2482; x_wconf 89' lang='lat' dir='ltr'>eorporis</span> <span class='ocrx_word' id='word_1_279' title='bbox 550 2419 559 2482; x_wconf 91' lang='lat'>(</span> <span class='ocrx_word' id='word_1_280' title='bbox 567 2431 614 2468; x_wconf 91' lang='lat' dir='ltr'>uon</span> <span class='ocrx_word' id='word_1_281' title='bbox 626 2418 688 2468; x_wconf 86' lang='lat' dir='ltr'>eninr</span> <span class='ocrx_word' id='word_1_282' title='bbox 702 2417 736 2468; x_wconf 91' lang='lat' dir='ltr'>sol</span> <span class='ocrx_word' id='word_1_283' title='bbox 746 2417 853 2468; x_wconf 87' lang='lat' dir='ltr'>eumdem</span> 
     </span>
     <span class='ocr_line' id='line_1_33' title="bbox 51 2488 853 2555; baseline -0.005 -13"><span class='ocrx_word' id='word_1_284' title='bbox 51 2496 130 2546; x_wconf 87' lang='lat' dir='ltr'>caloris</span> <span class='ocrx_word' id='word_1_285' title='bbox 143 2493 252 2545; x_wconf 81' lang='lat' dir='ltr'>ellectum</span> <span class='ocrx_word' id='word_1_286' title='bbox 264 2494 333 2543; x_wconf 90' lang='lat' dir='ltr'>habet</span> <span class='ocrx_word' id='word_1_287' title='bbox 345 2492 462 2552; x_wconf 81' lang='lat' dir='ltr'>labaala,</span> <span class='ocrx_word' id='word_1_288' title='bbox 477 2505 544 2555; x_wconf 87' lang='lat' dir='ltr'>quem</span> <span class='ocrx_word' id='word_1_289' title='bbox 554 2490 623 2540; x_wconf 88' lang='lat' dir='ltr'>babet</span> <span class='ocrx_word' id='word_1_290' title='bbox 634 2489 660 2539; x_wconf 91' lang='lat' dir='ltr'>iu</span> <span class='ocrx_word' id='word_1_291' title='bbox 673 2488 806 2554; x_wconf 81' lang='lat' dir='ltr'>AEtbiopla)‚</span> <span class='ocrx_word' id='word_1_292' title='bbox 819 2489 853 2539; x_wconf 89' lang='lat' dir='ltr'>ita</span> 
     </span>
     <span class='ocr_line' id='line_1_34' title="bbox 52 2561 853 2630; baseline -0.007 -14"><span class='ocrx_word' id='word_1_293' title='bbox 52 2570 73 2616; x_wconf 89' lang='lat' dir='ltr'>et</span> <span class='ocrx_word' id='word_1_294' title='bbox 83 2566 205 2630; x_wconf 75' lang='lat' dir='ltr'>gressibus</span> <span class='ocrx_word' id='word_1_295' title='bbox 215 2565 330 2627; x_wconf 69' lang='lat' dir='ltr'>mauric,</span> <span class='ocrx_word' id='word_1_296' title='bbox 344 2564 380 2615; x_wconf 84' lang='lat' dir='ltr'>rel</span> <span class='ocrx_word' id='word_1_297' title='bbox 391 2561 515 2627; x_wconf 70' lang='lat' dir='ltr'>frigiditas,</span> <span class='ocrx_word' id='word_1_298' title='bbox 529 2565 569 2612; x_wconf 92' lang='lat' dir='ltr'>aut</span> <span class='ocrx_word' id='word_1_299' title='bbox 579 2562 694 2626; x_wconf 84' lang='lat' dir='ltr'>caliditas,</span> <span class='ocrx_word' id='word_1_300' title='bbox 704 2565 744 2612; x_wconf 90' lang='lat' dir='ltr'>aut</span> <span class='ocrx_word' id='word_1_301' title='bbox 754 2562 799 2611; x_wconf 87' lang='lat' dir='ltr'>alia</span> <span class='ocrx_word' id='word_1_302' title='bbox 809 2563 853 2610; x_wconf 89' lang='lat' dir='ltr'>bu·</span> 
     </span>
     <span class='ocr_line' id='line_1_35' title="bbox 51 2631 850 2701; baseline -0.006 -14"><span class='ocrx_word' id='word_1_303' title='bbox 51 2637 151 2700; x_wconf 88' lang='lat' dir='ltr'>jusmodi</span> <span class='ocrx_word' id='word_1_304' title='bbox 160 2635 292 2700; x_wconf 86' lang='lat' dir='ltr'>dispositio,</span> <span class='ocrx_word' id='word_1_305' title='bbox 304 2636 412 2701; x_wconf 89' lang='lat' dir='ltr'>impedire</span> <span class='ocrx_word' id='word_1_306' title='bbox 425 2639 500 2699; x_wconf 85' lang='lat' dir='ltr'>potest</span> <span class='ocrx_word' id='word_1_307' title='bbox 512 2635 617 2686; x_wconf 76' lang='lat' dir='ltr'>electum</span> <span class='ocrx_word' id='word_1_308' title='bbox 629 2634 729 2699; x_wconf 89' lang='lat' dir='ltr'>corporis</span> <span class='ocrx_word' id='word_1_309' title='bbox 739 2631 850 2684; x_wconf 72' lang='lat' dir='ltr'>celestis.</span> 
     </span>
    </p>

    <p class='ocr_par' dir='ltr' id='par_1_5' title="bbox 82 2705 850 2771">
     <span class='ocr_line' id='line_1_36' title="bbox 82 2705 850 2771; baseline -0.01 -12"><span class='ocrx_word' id='word_1_310' title='bbox 82 2709 220 2760; x_wconf 78' lang='lat' dir='ltr'>adientium</span> <span class='ocrx_word' id='word_1_311' title='bbox 234 2707 369 2768; x_wconf 86' lang='lat' dir='ltr'>dicundum,</span> <span class='ocrx_word' id='word_1_312' title='bbox 382 2707 444 2771; x_wconf 78' lang='lat' dir='ltr'>quid</span> <span class='ocrx_word' id='word_1_313' title='bbox 461 2707 515 2758; x_wconf 76' lang='lat' dir='ltr'>licit</span> <span class='ocrx_word' id='word_1_314' title='bbox 528 2719 595 2756; x_wconf 88' lang='lat' dir='ltr'>causa</span> <span class='ocrx_word' id='word_1_315' title='bbox 607 2705 733 2770; x_wconf 85' lang='lat' dir='ltr'>impediens</span> <span class='ocrx_word' id='word_1_316' title='bbox 746 2705 850 2755; x_wconf 83' lang='lat' dir='ltr'>ellectum</span> 
     </span>
    </p>
   </div>
   <div class='ocr_carea' id='block_1_3' title="bbox 54 2773 858 2986">
    <p class='ocr_par' dir='ltr' id='par_1_6' title="bbox 54 2773 858 2986">
     <span class='ocr_line' id='line_1_37' title="bbox 54 2773 851 2842; baseline -0.008 -14"><span class='ocrx_word' id='word_1_317' title='bbox 54 2781 144 2831; x_wconf 81' lang='lat' dir='ltr'>alterium</span> <span class='ocrx_word' id='word_1_318' title='bbox 164 2781 378 2830; x_wconf 71' lang='lat' dir='ltr'>massmannum</span> <span class='ocrx_word' id='word_1_319' title='bbox 393 2779 417 2828; x_wconf 89' lang='lat' dir='ltr'>in</span> <span class='ocrx_word' id='word_1_320' title='bbox 436 2779 526 2842; x_wconf 86' lang='lat' dir='ltr'>aliquod</span> <span class='ocrx_word' id='word_1_321' title='bbox 542 2778 634 2828; x_wconf 85' lang='lat' dir='ltr'>ooeleste</span> <span class='ocrx_word' id='word_1_322' title='bbox 649 2789 731 2841; x_wconf 88' lang='lat' dir='ltr'>corpus</span> <span class='ocrx_word' id='word_1_323' title='bbox 747 2775 806 2825; x_wconf 91' lang='lat' dir='ltr'>sicut</span> <span class='ocrx_word' id='word_1_324' title='bbox 825 2773 851 2823; x_wconf 89' lang='lat' dir='ltr'>iu</span> 
     </span>
     <span class='ocr_line' id='line_1_38' title="bbox 55 2842 852 2914; baseline -0.009 -16"><span class='ocrx_word' id='word_1_325' title='bbox 55 2864 144 2902; x_wconf 76' lang='lat' dir='ltr'>caumur</span> <span class='ocrx_word' id='word_1_326' title='bbox 150 2887 160 2914; x_wconf 86' lang='lat'>,</span> <span class='ocrx_word' id='word_1_327' title='bbox 171 2855 250 2900; x_wconf 67' lang='lat' dir='ltr'>umen</span> <span class='ocrx_word' id='word_1_328' title='bbox 260 2861 382 2899; x_wconf 86' lang='lat' dir='ltr'>concursus</span> <span class='ocrx_word' id='word_1_329' title='bbox 391 2849 485 2899; x_wconf 88' lang='lat' dir='ltr'>duarum</span> <span class='ocrx_word' id='word_1_330' title='bbox 494 2859 626 2911; x_wconf 83' lang='lat' dir='ltr'>causarum,</span> <span class='ocrx_word' id='word_1_331' title='bbox 638 2845 690 2896; x_wconf 84' lang='lat' dir='ltr'>cium</span> <span class='ocrx_word' id='word_1_332' title='bbox 698 2846 731 2896; x_wconf 90' lang='lat' dir='ltr'>sit</span> <span class='ocrx_word' id='word_1_333' title='bbox 740 2857 782 2909; x_wconf 93' lang='lat' dir='ltr'>per</span> <span class='ocrx_word' id='word_1_334' title='bbox 793 2842 852 2892; x_wconf 90' lang='lat' dir='ltr'>acci-</span> 
     </span>
     <span class='ocr_line' id='line_1_39' title="bbox 57 2915 858 2986; baseline -0.009 -14"><span class='ocrx_word' id='word_1_335' title='bbox 57 2922 123 2986; x_wconf 85' lang='lat' dir='ltr'>dens,</span> <span class='ocrx_word' id='word_1_336' title='bbox 142 2935 190 2973; x_wconf 89' lang='lat' dir='ltr'>aon</span> <span class='ocrx_word' id='word_1_337' title='bbox 203 2921 320 2972; x_wconf 83' lang='lat' dir='ltr'>reducitur</span> <span class='ocrx_word' id='word_1_338' title='bbox 336 2919 362 2972; x_wconf 91' lang='lat' dir='ltr'>iu</span> <span class='ocrx_word' id='word_1_339' title='bbox 377 2930 467 2972; x_wconf 64' lang='lat' dir='ltr'>cauum</span> <span class='ocrx_word' id='word_1_340' title='bbox 483 2919 616 2982; x_wconf 74' lang='lat' dir='ltr'>caelestem,</span> <span class='ocrx_word' id='word_1_341' title='bbox 629 2921 656 2968; x_wconf 83' lang='lat' dir='ltr'>ut</span> <span class='ocrx_word' id='word_1_342' title='bbox 667 2917 752 2969; x_wconf 87' lang='lat' dir='ltr'>dietum</span> <span class='ocrx_word' id='word_1_343' title='bbox 764 2915 808 2966; x_wconf 87' lang='lat' dir='ltr'>eat.</span> <span class='ocrx_word' id='word_1_344' title='bbox 852 2937 858 2942; x_wconf 91' lang='lat'>·</span> 
     </span>
    </p>
   </div>
   <div class='ocr_carea' id='block_1_4' title="bbox 0 0 1014 3309">
    <p class='ocr_par' dir='ltr' id='par_1_7' title="bbox 0 0 1014 3309">
     <span class='ocr_line' id='line_1_40' title="bbox 0 0 1014 3309; baseline 0 0"><span class='ocrx_word' id='word_1_345' title='bbox 0 0 1014 3309; x_wconf 95' lang='lat' dir='ltr'> </span> 
     </span>
    </p>
   </div>
  </div>
 </body>
</html>
