1984 3309
185 224 218 266 br
231 224 397 273 rnnnucrtouu
410 225 529 267 mneonre
541 229 608 267 rrmr
622 230 731 269 unumne.
812 221 858 268 att

363 385 524 437 llll'l'lCULUS
536 388 555 435 l.

157 502 245 547 Utrum
254 513 340 559 corpor
347 501 422 559 primi
431 502 533 548 dominis
543 503 575 548 eit
584 503 613 553 de
620 504 676 549 timo
690 507 767 549 terrm

84 622 119 671 ld
141 620 244 685 primum
258 619 293 671 sio
313 618 442 685 proceditur
453 619 497 685 (tl.
517 619 610 672 ludetur
623 620 683 685 qubd
696 636 776 688 eorpus
795 623 863 687 primi

56 692 157 743 hominis
170 704 218 741 non
237 692 269 743 sit
284 691 370 740 laetum
388 691 415 741 de
427 691 483 742 limo
496 695 569 743 terre.
585 692 676 758 llejoris
692 695 753 744 enim
771 694 862 745 uirtutis

55 768 89 813 est
103 764 182 815 lacere
203 762 287 827 aliquid
302 776 331 813 ex
344 762 423 827 nihilo,
436 763 503 827 quim
518 776 547 813 ex
558 763 648 827 aliqu03
663 765 715 829 quia
728 766 780 829 plus
793 766 863 816 distet

57 836 82 884 eb
101 838 154 885 ectu
174 848 223 884 uon
239 847 293 899 ene,
311 832 379 897 quim
393 846 434 884 ens
454 833 477 883 iu
490 834 599 899 potentia.
615 834 659 885 Sed
678 834 730 885 cbm
746 838 814 887 homo
833 837 863 888 sit

59 906 192 968 dignissima
204 908 358 956 creaturarum
368 905 500 956 interiorum
509 906 584 956 decuit
593 907 619 955 ut
627 906 700 956 uirtus
710 908 751 957 Ilei
763 907 861 959 maxime

61 980 221 1029 ostenderetur
229 977 254 1027 in
265 976 414 1041 productione
422 977 523 1041 eorporis
532 977 591 1041 ejus.
602 977 662 1039 Ergo
671 992 717 1028 nou
726 978 803 1029 debuit
815 978 864 1028 lueri

62 1050 146 1102 extimo
161 1054 244 1113 terrm,
261 1050 301 1100 sed
311 1063 340 1099 ex
352 1049 434 1099 nihilo.
459 1090 464 1100 ,

90 1126 110 1171 2.
124 1125 257 1182 Praeterea,
275 1134 368 1185 corpora
383 1119 483 1171 celestia
501 1124 555 1171 suut
572 1121 683 1173 nobillora
698 1123 804 1171 terrenis.
818 1122 863 1171 Sed

58 1206 136 1259 corpus
146 1196 279 1245 humanum
294 1192 363 1243 habet
372 1192 493 1241 maximam
510 1192 659 1254 nobilitatem,
670 1191 722 1242 etum
735 1192 864 1257 perficietur

60 1264 71 1313 l
83 1265 229 1318 nobilissima
243 1264 326 1325 formu,
335 1276 386 1327 quo
394 1267 430 1315 est
442 1262 517 1313 anima
525 1264 716 1327 rationalislirgo
727 1278 775 1315 uon
788 1264 865 1315 debuit

59 1338 103 1388 lieri
119 1339 148 1389 de
166 1348 265 1400 corpore
284 1333 394 1398 terrestri,
405 1336 444 1384 sed
456 1335 530 1398 magis
543 1336 570 1385 de
585 1348 677 1399 eorpmre
689 1334 783 1384 coelesti.
937 1344 939 1348 ·

87 1416 109 1459 3.
125 1412 260 1469 Praetereu,
273 1406 368 1471 igniret
381 1419 419 1456 aer
433 1410 487 1455 suut
496 1406 608 1457 nobiliora
618 1418 712 1469 corpore
722 1404 790 1469 qulm
806 1410 865 1456 terra

58 1488 79 1533 et
89 1497 163 1549 eqrra3
174 1479 239 1544 quod
252 1492 281 1529 ex
291 1491 369 1529 eorum
380 1476 504 1527 subtilitate
517 1481 618 1541 apparet.
629 1475 688 1527 Cium
702 1476 772 1540 igitur
782 1491 865 1541 eorpus

11 1602 12 1613 ,
59 1556 186 1605 liumauum
207 1550 237 1601 sit
255 1548 426 1614 dignissimum,
440 1548 515 1613 magis
529 1548 605 1599 debuit
623 1546 673 1599 fleri
688 1548 783 1612 exigue
800 1552 823 1599 et
836 1560 865 1601 ex

60 1640 109 1677 uere
123 1624 198 1690 quim
210 1637 240 1673 ex
254 1620 309 1672 limo
322 1624 396 1672 terre.

89 1702 113 1749 t.
128 1698 263 1754 Praeterea,
280 1706 362 1759 eorpus
382 1694 506 1743 humanum
519 1694 554 1743 est
570 1693 720 1757 compositum
730 1706 757 1743 er
770 1697 865 1757 quatuor

59 1770 188 1822 elementis.
203 1768 256 1817 Nou
267 1778 320 1829 ergo
335 1769 369 1816 est
381 1765 465 1816 lamium
475 1780 504 1817 ex
514 1766 569 1817 bmo
578 1769 657 1827 terre,
672 1764 710 1816 sed
721 1779 750 1815 eu
760 1766 865 1817 omnibus

60 1841 191 1893 elementis.

88 1915 133 1964 Sed
144 1914 229 1964 contra
242 1912 290 1973 est,
302 1911 362 1973 quod
371 1909 453 1961 dicitur
463 1912 534 1968 tien„
545 1910 565 1959 ll
576 1890 606 1958 i«
620 1908 735 1961 Formuuit
747 1910 808 1961 lleus
819 1912 863 1963 ho·

11 2054 13 2065 Ι
63 1985 143 2037 minem
157 1981 255 2034 delimo
268 1984 334 2032 terroe
347 1979 413 2047 (llo

93 2130 124 2194 (l)
141 2134 177 2177 De
190 2130 227 2175 his
240 2128 310 2174 etium
324 2126 348 2173 in
361 2128 393 2187 11,
407 2126 485 2178 Seni„
495 2128 549 2174 diet.
563 2127 601 2188 18,
617 2138 656 2184 qu.
670 2126 698 2185 l,
714 2134 758 2173 art.
774 2127 786 2172 l
803 2129 831 2173 ud
843 2130 866 2186 5,

63 2201 139 2241 etert.
152 2194 168 2239 3
182 2193 212 2239 ud
226 2193 255 2245 ²3
270 2198 296 2237 ut
309 2196 334 2236 et
346 2192 393 2249 ΙΙΙ,
404 2190 481 2241 sent„
495 2192 549 2237 diet.
565 2190 593 2250 3,
608 2204 648 2247 qu.
670 2190 700 2249 2,
716 2195 759 2236 ert.
775 2191 802 2250 b,
818 2197 866 2237 tum

63 2259 85 2303 iu
95 2272 175 2316 corp,
191 2262 241 2301 tum
253 2254 282 2299 ed
296 2254 319 2301 l.

95 2326 169 2390 (dlsiu
182 2325 304 2383 pessimun
315 2326 408 2382 uulgum
421 2336 481 2369 vers.
490 2325 515 2382 7,
527 2325 587 2370 sieut
595 2329 619 2369 et
629 2323 780 2381 Augustinus,
793 2322 834 2369 lib.
845 2326 868 2370 ll

64 2392 96 2437 lle
106 2392 198 2437 Genesi
205 2423 212 2437 ‚
222 2392 304 2433 contre
312 2387 461 2445 Muniubaeos,
472 2399 524 2445 oep.
537 2388 553 2432 '1
565 2404 570 2431 z
582 2386 743 2432 Finxitlleoe
749 2386 869 2432 bominem

65 2454 163 2499 delimo
177 2458 262 2501 terrm,
276 2451 352 2506 iuquit
363 2450 402 2506 7⁰,
420 2451 473 2496 verb
485 2466 491 2493 ι
505 2450 597 2496 Finxit
608 2450 672 2494 Dm
685 2449 805 2496 bominem
813 2450 870 2507 pet-

63 2528 144 2562 uerem
158 2516 189 2561 de
203 2520 271 2560 terro
284 2515 353 2578 (χοῦν
369 2512 416 2562 ἀπὸ
430 2516 471 2569 τῆς
484 2510 557 2582 pm
572 2518 597 2557 et
610 2512 752 2568 Augustinus
765 2512 824 2570 ipse,
835 2514 869 2558 lle

64 2588 151 2635 Gemi
164 2587 198 2633 ad
214 2587 266 2635 lit„
284 2584 363 2630 stetim
378 2586 407 2629 ub
425 2584 491 2629 initio
512 2590 561 2630 tum
572 2582 624 2628 libri
639 2584 685 2639 Vl,
701 2589 748 2627 tum
763 2583 821 2640 Vll,
835 2584 869 2627 eie

68 2650 135 2708 legin
150 2649 207 2695 licdt
218 2661 271 2705 cup.
288 2646 332 2703 lu,
348 2647 390 2691 lib.
401 2648 453 2705 ·Vl‚
467 2647 582 2704 vulgatam
594 2657 685 2702 quoque
698 2645 821 2690 lectionem
835 2646 871 2689 in·

67 2712 238 2770 terpretundum
257 2709 383 2766 suseipiut;
395 2710 428 2753 'ut
446 2714 469 2753 et
487 2710 580 2753 codices
599 2708 692 2765 quidum
711 2709 779 2765 groeci
801 2708 870 2763 peuld

69 2775 212 2832 expressiore
225 2785 252 2820 ec
260 2772 365 2831 pleniore
377 2782 445 2817 sensu
460 2772 530 2829 quum
543 2771 581 2816 ulli
594 2786 600 2814 z
615 2771 703 2818 Finxit
714 2770 779 2815 Deos
792 2769 871 2814 bmni-

68 2849 122 2882 orm
134 2838 262 2896 puluerem
270 2835 397 2893 accipiens
410 2834 439 2881 de
449 2838 518 2881 tem
530 2832 592 2903 (χοῦν
600 2830 676 2883 leiim
689 2833 736 2882 ἀπὸ
746 2836 788 2889 τῆς
801 2827 869 2901 γῆς),

70 2908 106 2954 uel
120 2910 175 2953 edm
194 2908 322 2968 potuerem
339 2906 466 2965 παρίησι
484 2904 514 2951 de
532 2910 608 2951 tenu.
622 2904 686 2960 Quod
704 2916 757 2948 eum
772 2902 871 2959 Vulpem

71 2971 187 3017 reinuidit.
