1984 3309
162 142 196 178 DE
208 140 327 180 BONl'l'ffl
338 143 367 181 ΕΤ
381 141 480 181 llitlntl
492 142 579 183 mm.
592 144 691 184 AGTUU!
701 146 794 185 mall.
837 140 882 186 ⁸⁹7

56 220 217 284 quicumque
238 220 287 269 vult
305 220 389 283 aliquid
407 222 606 285 siliquarumque
626 223 714 273 rationu
734 224 803 287 boni,
814 225 884 277 natet

57 294 221 343 voluntatem
233 292 373 343 conformem
383 292 496 344 voluntati
505 292 592 343 divina
603 297 713 357 quantum
726 296 755 345 ad
769 295 882 347 rationem

57 362 150 415 voliti.
169 364 216 413 Sed
229 364 253 412 iu
267 362 401 426 pamiculari
413 364 527 415 renelmus
540 364 669 429 quid‘llouo
685 366 755 429 velit,
770 370 795 417 et
811 381 883 431 quan-

55 441 115 487 tum
131 436 165 484 ud
183 435 228 485 hoo
242 442 296 485 nou‘
307 438 412 486 teuemm
424 436 565 487 conformare
581 439 720 489 voluntatem
733 442 832 488 nostram
847 440 882 490 di-

54 508 130 558 vium
145 505 272 556 voluntati.
290 508 317 556 ln
330 512 392 557 statu
405 511 482 558 tamen
493 508 570 571 mona
583 521 662 560 ornnes
675 509 819 559 videbuntin
835 510 881 560 sirr-

54 580 128 643 gulis
147 590 202 642 que
218 579 315 642 volent,
330 580 433 630 ordinem
447 592 525 631 eorum
540 581 569 629 ad
585 579 609 629 id
620 582 680 643 quod
694 583 753 633 lteus
765 581 824 631 cirea
837 584 881 633 lroo

54 652 115 700 vult
129 667 137 713 3
152 652 178 701 et
185 650 237 701 ideo
247 663 294 701 non
305 650 378 701 nolum
387 650 522 713 formaliter,
533 652 573 700 ned
587 652 880 705 materialiterinomuilrus

52 736 134 773 suam
150 721 298 772 voluntatem
315 724 361 789 lieo
379 722 562 773 conformabunt.

90 794 133 845 Ad
149 794 278 843 secundum
290 793 422 855 mendum,
437 794 497 856 qnod
516 794 576 843 Dens
589 805 635 843 non
649 794 698 842 vult
711 794 878 847 damnationem

52 866 169 931 alicujus
181 864 322 916 saluatione
337 864 500 927 damnationis,
505 878 548 915 neo
559 867 655 914 mortem
666 864 764 929 alioujun
773 867 798 915 in
805 881 878 930 quan·

51 945 112 990 tum
132 939 173 987 est
189 949 260 999 mors,
274 937 328 1000 quia
338 936 388 1000 ipse
404 953 418 985 u
430 937 480 985 rnlt
491 948 571 986 omnen
583 934 693 986 nominee
701 936 777 987 salros
788 937 850 1001 lieri;
861 955 876 986 n

51 1012 100 1063 sed
123 1008 182 1058 vult
201 1007 245 1057 ista
265 1008 311 1057 sut
324 1008 412 1059 ratione
430 1008 526 1071 justitie
541 1023 547 1056 2
565 1008 626 1078 unde
645 1006 729 1059 suffieit
746 1007 806 1058 circa
822 1009 877 1061 iada

51 1082 125 1148 quod
141 1082 215 1130 homo
230 1078 286 1129 velit
295 1078 412 1143 justitiam
423 1078 464 1128 liei
480 1083 505 1129 et
518 1078 620 1129 ordinem
633 1081 719 1129 natura
734 1080 827 1131 servari.
873 1138 876 1142 ἱ

87 1154 165 1205 Unde
177 1153 243 1214 patet
258 1150 340 1201 solutio
352 1152 380 1201 ad
392 1150 492 1217 tertium.

88 1226 131 1277 Ad
139 1222 247 1287 primurn
257 1234 321 1283 vero,
333 1222 394 1285 quod
405 1222 429 1271 in
438 1220 576 1272 contrarium
587 1220 736 1283 objiciebatur
745 1223 874 1286 dicendum,

51 1298 123 1363 quod
142 1294 222 1356 magis
244 1293 294 1343 vult
311 1294 378 1356 quod
390 1294 449 1344 Deus
461 1295 524 1356 vult,
540 1292 580 1355 qui
593 1293 718 1343 conformat
735 1295 875 1345 voluntatem

51 1382 129 1420 suam
142 1365 264 1416 voluntati
277 1364 362 1415 divine
377 1368 486 1427 quantum
501 1366 529 1415 ad
542 1363 653 1413 rationem
666 1363 746 1426 voliti,
758 1377 825 1427 quam
836 1362 876 1427 qui

50 1439 198 1493 eonformat
211 1439 322 1499 qrrautum
334 1437 362 1486 ad
373 1436 446 1500 ipsam
456 1448 504 1486 rem
512 1435 618 1498 uolitam3
629 1434 683 1498 quia
694 1436 801 1485 noluntas
811 1437 875 1499 prin-

51 1510 177 1578 cipialins
191 1510 265 1564 tertm
275 1507 298 1557 in
318 1509 399 1571 linem,
414 1520 482 1571 quanr
493 1507 551 1556 inid
564 1508 624 1569 quod
637 1508 672 1556 est
680 1506 707 1555 ad
718 1505 795 1569 linem,

88 1584 130 1634 nd
142 1580 273 1632 secundum
286 1580 420 1635 ditandum,
434 1578 494 1643 quod
507 1578 595 1641 speeies
608 1579 631 1628 et
644 1577 715 1627 torma
726 1581 790 1627 notus
803 1579 874 1641 magis

50 1654 193 1707 attenditur
216 1651 343 1700 seeundum
365 1649 477 1701 rationem
499 1648 599 1713 obiecti,
617 1662 686 1713 quam
707 1650 831 1699 secuudum
849 1650 874 1701 id

50 1726 174 1792 quodest
187 1721 305 1775 materiale
319 1720 344 1771 in
358 1721 456 1785 objecto.

86 1799 128 1850 nd
138 1794 237 1847 tertium
248 1792 368 1845 dicendum
375 1832 382 1856 ,
390 1794 451 1857 quod
462 1807 508 1845 non
517 1797 553 1854 ost
563 1795 712 1859 repugnantia
720 1796 870 1857 voluntatum,

49 1870 157 1937 quando
173 1866 246 1929 aliqui
254 1866 345 1917 diversa
357 1866 438 1917 volunt
447 1880 492 1917 non
502 1866 628 1916 seeundum
639 1868 740 1916 eamdem
751 1866 869 1931 rationem

49 1946 96 1996 sed
117 1941 140 1991 si
151 1939 196 1991 sub
212 1950 259 1987 una
272 1938 360 1988 rationo
371 1940 431 1989 osset
441 1937 526 1999 aliquid
536 1938 565 1987 alr
575 1950 621 1986 uno
634 1937 729 2002 ¹volitum
742 1938 802 2000 quod
812 1938 870 1989 alim

49 2016 134 2067 nouat
141 2050 151 2077 ,
166 2012 214 2061 hoo
228 2008 347 2060 induceret
362 2007 536 2073 repugnantiam
551 2007 706 2071 voluntatum,
720 2010 780 2070 quod
792 2011 869 2059 tamen

50 2101 106 2139 non
118 2086 160 2135 est
173 2081 199 2133 in
213 2079 338 2145 proposito.

339 2338 511 2411 donatio
529 2338 595 2405 XX.

68 2474 111 2520 Do
126 2466 238 2515 torritula
251 2466 273 2511 et
286 2464 384 2511 molitio
397 2465 549 2510 exteriorem
560 2466 660 2514 actuum
673 2462 853 2516 temonem,

311 2538 341 2583 iu
351 2549 394 2583 aem
409 2536 528 2582 articulet
538 2535 628 2581 diuiso.

86 2664 183 2717 Deinde
203 2660 395 2711 considerandum
408 2662 443 2711 est
459 2625 491 2709 de
503 2657 604 2709 bonitate
624 2662 648 2709 et
661 2658 746 2709 malitia
759 2662 867 2722 quantum

52 2740 85 2791 ad
102 2734 236 2794 exteriores
252 2739 324 2781 aetus.

55 2858 58 2862 .
84 2810 119 2859 Et
135 2806 198 2855 cirea
211 2806 256 2853 hoc
277 2807 407 2866 queruntur
420 2815 461 2853 aer
475 2816 481 2848 r
497 2805 524 2851 l⁰
537 2801 616 2852 Utrum
634 2801 725 2852 bonitas
743 2804 767 2850 et
781 2801 867 2852 malitia

48 2876 179 2947 perprius
194 2875 226 2927 ait
235 2874 260 2925 in
269 2873 466 2938 aotu'roluutatin,
475 2872 546 2925 rolin
556 2875 609 2926 actu
622 2869 736 2928 exteriori.
746 2878 775 2923 2⁰
785 2871 865 2935 dudm
