1984 3309
267 240 297 276 na
313 238 437 277 consume
452 236 635 277 mmsucrrvra.
811 226 857 280 ten

43 321 65 366 ει
73 317 135 381 qnod
143 318 190 367 lroc
200 315 286 369 accidit
297 327 351 365 com
358 316 432 381 possit
441 314 531 380 operari
543 314 706 381 perseipsum,
719 318 756 367 est
766 316 858 382 quidem

43 395 65 439 ει
78 394 133 439 tuuc
144 388 253 453 potentia
263 388 446 452 quodammodo,
464 401 511 438 non
526 392 604 439 tanum
618 388 754 455 simpliciter
766 394 792 440 ιι
807 394 862 443 ante

45 463 195 518 condiscere,
207 465 249 511 aut
264 460 388 511 inuenire.
405 459 491 511 Dicitur
506 464 581 511 antem
599 459 729 511 intellectus
743 462 859 526 possibilis

44 535 90 585 tieri
103 534 215 598 singula,
231 533 359 584 secundum
375 533 435 596 qnod
452 531 533 596 recipit
549 531 639 595 species
658 531 806 597 singulorum.
823 536 858 585 lix

43 609 86 655 boc
96 619 152 670 crgo
162 605 227 669 quod
239 604 324 669 recipit
333 604 423 668 specics
436 602 612 666 intelligibilium
621 604 705 665 ‚babet
715 606 775 669 qnod
785 604 862 671 possit

45 677 131 741 operari
143 676 199 727 ciam
213 676 325 739 voluerit,
340 689 388 725 uon
402 678 477 725 antem
491 676 552 739 qnod
565 686 655 739 semper
664 678 790 741 operetnr3
803 678 859 742 qnia

45 755 68 800 ct
83 755 139 800 tnnc
159 752 199 799 est
217 748 387 812 quodammodo
403 746 427 795 in
447 746 565 811 potentia,
582 747 624 797 seul
641 746 707 797 aliter
723 762 792 812 qnam
805 754 859 799 ante

46 822 202 886 e'ntelliqere,
217 833 246 870 eo
259 819 348 870 scilicet
360 819 429 868 modo
437 832 483 881 quo
494 818 569 869 sciens
580 818 606 867 in
622 818 714 881 babitu,
728 820 802 870 estin
816 833 859 885 po-

44 893 114 943 tentia
125 894 155 943 aui
165 890 360 943 considerandum
371 889 396 939 ia
407 894 466 940 actu.
478 891 601 953 Repugnat
612 890 681 941 ctiam
695 890 802 955 predicta
813 904 858 957 po-

44 964 97 1014 sitio
104 964 203 1026 rationi,
218 980 234 1010 rr
249 963 309 1027 qnod
323 961 387 1012 euim
402 960 512 1025 recipitur
526 961 550 1011 in
561 961 651 1025 aliquo,
662 961 771 1027 recipitur
786 963 811 1013 in
830 976 857 1014 eo

46 1037 167 1086 semrom
187 1035 281 1085 modum
299 1034 447 1097 recipientis3
466 1029 623 1083 »intellectus
638 1035 713 1084 antem
727 1037 763 1084 est
783 1035 859 1099 magis

45 1107 240 1166 stabilianum,
251 1110 275 1157 et
286 1105 426 1166 immobilis,
436 1102 504 1169 quim
513 1103 609 1155 materia
617 1105 747 1169 corporalis.
761 1104 787 1155 Si
801 1119 857 1169 ergo

44 1179 137 1229 materia
148 1178 288 1243 corporalis,
302 1178 390 1227 iormas
405 1190 461 1240 quas
474 1175 564 1240 recipit·
576 1190 623 1227 nou
632 1176 706 1227 solnm
717 1180 784 1227 tenet
801 1178 854 1228 dnm

45 1265 84 1313 par
93 1264 132 1301 eas
142 1250 194 1315 agit
210 1250 315 1312 inacta,
326 1250 367 1299 sed
381 1249 452 1299 etiam
461 1252 582 1311 postquam
594 1261 635 1313 per
652 1258 691 1299 cas
703 1262 770 1311 agere
781 1259 857 1300 cessa·

45 1323 112 1384 serit;
131 1321 209 1372 mnltb
225 1319 308 1371 fortiis
326 1320 460 1371 intellectus
476 1318 622 1369 immobiliter
640 1322 663 1369 et
676 1318 857 1371 inamissibiliter

46 1393 124 1457 recipit
138 1392 235 1456 species
247 1390 479 1454 intelligibilesve
493 1390 506 1441 a
517 1390 667 1441 sensibilibus
675 1395 781 1455 acceptas
787 1428 796 1454 ‚
807 1390 857 1443 sive

46 1465 109 1513 etiam
132 1466 163 1514 ab
189 1464 268 1527 aliquo
286 1461 400 1527 superiori
422 1462 539 1512 intellectu
556 1463 665 1511 ‘etiams
687 1456 724 1511 Sic
739 1462 822 1526 igitur,
837 1470 861 1519 si

48 1536 150 1587 tremoris
172 1534 302 1599 accipiatur
322 1535 398 1585 solum
419 1534 504 1599 provi
527 1532 686 1584 conservativa
712 1533 855 1599 specierum,

48 1611 131 1668 oportet
141 1608 222 1658 aliaeue
238 1606 374 1657 memoriam
385 1619 436 1657 esse
449 1607 474 1656 in
484 1605 624 1656 intellectiva
635 1610 708 1669 parte.
726 1604 750 1654 Si
760 1604 816 1657 verb
828 1606 856 1658 de

46 1677 129 1729 ratione
145 1677 267 1729 memorie
283 1678 313 1727 sit
333 1678 394 1741 quod
414 1679 466 1741 ejus
489 1678 606 1741 objectum
627 1676 658 1727 sit
675 1678 815 1741 preteritum
831 1678 860 1727 ιιι

45 1751 195 1811 preteritum,
209 1749 321 1799 memoria
330 1750 356 1798 in
370 1753 434 1812 parte
446 1748 584 1799 intellectiva
600 1762 646 1799 uon
659 1748 714 1813 erit,
729 1750 766 1800 sod
781 1750 858 1799 seusi-

46 1821 88 1871 liva
101 1825 210 1881 lantum,
222 1835 276 1883 que
290 1824 327 1870 est
337 1820 506 1883 apprehensiva
519 1819 702 1883 particularium
715 1820 855 1885 praeteritum

42 1894 99 1943 euim
115 1897 144 1943 ut
153 1892 313 1958 praeteritum,
326 1890 380 1941 cim
392 1891 504 1954 significet
515 1905 565 1943 esse
576 1890 618 1943 sub
633 1890 783 1942 determinato
791 1894 856 1942 tenr-

42 1978 107 2026 3ore‚
125 1966 155 2015 ad
169 1963 330 2014 conditionem
341 1962 485 2027 particularis
498 1962 606 2027 pertinet.

69 2038 100 2087 lt
117 2036 222 2100 primunr
236 2048 291 2098 ergo
303 2034 438 2095 dicendum,
454 2033 516 2097 quod
533 2034 643 2083 memoria
657 2034 782 2084 secundum
793 2035 854 2097 qnod

41 2112 71 2155 cst
87 2105 256 2159 conservativa
270 2104 399 2169 specierum
415 2117 461 2155 non
473 2108 510 2155 est
523 2105 591 2157 nobis
609 2106 774 2169 pecoribusque
790 2116 854 2155 com-

41 2181 124 2243 nunis3
135 2179 228 2244 species
235 2178 300 2228 euim
308 2180 474 2227 conservantur
482 2188 529 2228 uon
537 2178 563 2227 in
575 2181 638 2241 parte
647 2176 731 2230 animae
741 2176 854 2228 sensitiva

42 2255 125 2301 tautum
133 2289 141 2313 ‚
150 2251 195 2302 sed
207 2248 281 2313 magis
294 2247 320 2297 in
331 2247 469 2312 conjuncto,
480 2249 532 2299 clrm
543 2249 579 2297 vis
591 2246 738 2311 memorativa
747 2247 777 2298 sit
787 2250 853 2297 actus

40 2324 114 2384 organi
126 2322 260 2385 cujusdam.
272 2321 318 2371 Sed
327 2319 456 2370 intellectus
469 2320 594 2371 secuudum
601 2319 702 2383 seipsum
711 2323 747 2370 ost
762 2332 853 2370 conser-

42 2394 131 2444 vativus
145 2392 293 2457 specierum,
311 2394 398 2455 prater
408 2391 608 2443 concomitantiam
627 2392 707 2454 organi
719 2391 849 2456 corporalis.

44 2464 103 2515 t'uvle
125 2463 284 2529 Philosophus
306 2462 363 2512 (licit
375 2462 401 2511 in
418 2462 458 2513 lll.
481 2466 516 2513 De
534 2464 623 2513 animo
642 2463 715 2528 (text.
736 2465 778 2527 6),
793 2464 854 2527 quon

45 2538 146 2587 «anima
157 2540 195 2587 est
207 2536 274 2586 locus
283 2539 412 2598 specierum
423 2548 469 2584 non
484 2539 544 2596 tota,
554 2534 594 2585 sed
610 2534 740 2585 intellectus
750 2534 795 2599 (1).
807 2550 821 2581 n

71 2610 103 2657 td
115 2607 249 2659 samnium
263 2606 401 2670 dicendum,
414 2606 474 2671 qnid
488 2606 614 2671 preteritio
627 2610 703 2672 potest
717 2608 745 2657 ad
758 2607 804 2658 duo
817 2622 854 2659 ce-

72 2772 102 2833 ll)
119 2775 168 2820 Vel
187 2772 281 2831 pleniirs
297 2789 304 2816 c
318 2772 387 2816 Besae
405 2774 490 2829 artique
508 2772 595 2817 dicunt
616 2775 661 2831 qov'
684 2774 793 2818 animam
810 2774 851 2818 trr-

44 2838 129 2888 quasue
147 2850 197 2883 erre
216 2836 301 2881 locam
316 2835 454 2894 μορήιιιιι
465 2836 603 2892 specierum
614 2837 622 2901 (
632 2834 676 2885 τῶν
692 2829 758 2885 εἰδῶν
770 2838 779 2901 )
789 2836 851 2892 qnod

45 2908 108 2980 aliqui
116 2910 263 2969 {mrum
272 2912 375 2966 vertunt,
384 2907 437 2951 oiri
446 2907 510 2964 qood
518 2919 569 2951 noo
580 2910 638 2957 toto,
648 2907 690 2953 aed
702 2907 850 2953 intellectiva

47 2971 162 3037 parmai),
173 2982 255 3029 moa
266 2972 325 3014 outre
339 2969 381 3015 recl
390 2971 511 3027 potentio,
521 2976 566 3015 etc.
