1984 3309
215 189 246 231 os
261 185 442 234 obrmnunrotm
457 190 539 234 mou
554 195 579 232 ru
594 193 712 233 nondun.
818 185 862 233 tna

62 271 150 322 babent
159 283 202 334 pro
214 270 261 321 dne
270 271 383 335 quoddam
393 276 519 336 operatum,
534 272 592 323 sieut
605 271 744 323 edificaberis
755 271 807 322 duis
816 285 862 324 nou

61 346 99 394 eut
110 343 232 407 editioare,
242 344 282 394 sed
294 343 385 394 domus.
394 343 512 408 Contingit
524 348 598 395 summ
615 344 698 408 aliquid
711 343 862 395 extrinsecum

60 429 114 466 esse
128 416 219 478 mem,
233 429 279 466 non
293 417 368 469 sotum
383 416 443 467 siout
456 420 588 481 operatum,
602 416 641 466 sed
658 416 729 466 etiam
742 415 800 466 sieut
810 429 864 480 pos·

61 501 169 551 sessum,
185 499 227 538 seu
237 486 355 548 habitum,
368 487 488 538 ueletiam
506 501 547 539 seu
560 490 761 552 repraesentatum:
775 488 834 538 sieut
843 487 862 538 si

60 560 166 610 dieamus
180 559 242 622 quod
256 559 366 609 Hercules
383 563 419 610 est
431 559 606 622 dnis‘imagiuis
618 573 669 623 quaa
682 559 708 608 ut
722 560 750 609 ad
764 572 815 609 enm
828 573 864 610 re-

59 631 256 695 praesentandum
269 630 309 680 sie
320 630 391 694 igitur
402 635 479 695 potest
489 630 535 682 dici
543 633 603 694 quod
613 632 698 682 bonum
710 629 863 680 extrinsecum

61 703 139 754 itoto
152 702 261 754 universo
274 706 309 754 est
324 703 376 754 tinia
391 702 565 766 gubernationis
585 716 674 766 rerum,
685 701 744 752 siout
761 701 863 752 habitum

58 778 83 824 et
94 779 301 838 repraesentatum
311 774 366 838 quia
379 775 407 824 ad
422 776 466 824 boo
479 787 622 838 unaqueque
635 787 672 824 res
686 773 757 823 tendit
769 778 795 822 ut
809 786 863 838 par·

58 846 140 910 tioipet
152 847 246 910 ipsum,
266 849 290 896 et
302 845 439 896 assimiletur
452 844 475 896 ei
486 849 596 908 quantum
611 848 693 908 potest.

92 919 126 968 ad
136 916 231 969 tertium
241 917 370 981 dioendum,
381 915 442 981 qudd
451 917 603 981 finisquidem
612 916 716 970 uniuersi
728 919 762 966 est
773 915 862 978 aliquod

59 986 147 1038 bonurn
154 988 180 1038 iu
189 989 241 1052 ipso
251 988 361 1052 existens,
371 988 460 1038 scilieet
467 989 523 1038 ordo
531 987 605 1052 ipsius
616 987 725 1050 uuirersi3
735 989 779 1038 hoo
787 990 863 1037 autem

61 1059 149 1110 bonum
157 1064 254 1111 nonest
268 1059 360 1114 ultimus
373 1060 437 1124 finis,
452 1062 492 1112 sed
506 1060 622 1112 ordinatur
635 1061 662 1110 ad
677 1060 762 1110 bonum
775 1057 863 1108 extrin-

62 1145 158 1195 secum,
171 1135 198 1182 ut
208 1132 239 1183 ad
251 1131 356 1181 mtirmum
366 1132 448 1195 dnem3
462 1132 524 1182 siout
536 1130 604 1181 etiam
616 1131 670 1180 ordo
684 1128 862 1180 erernitusordi·

60 1207 129 1254 natur
144 1204 175 1255 ad
191 1203 273 1254 meent
284 1240 291 1266 ‚
302 1206 329 1253 ut
339 1203 422 1254 dieitur
435 1203 461 1253 in
474 1203 524 1256 xii
539 1201 677 1268 Metupdys.
691 1204 762 1263 (text.
776 1201 828 1264 tt).

326 1373 331 1384 ν
359 1347 516 1400 autmundus
529 1348 570 1398 ΙΙΙ.

230 1464 317 1510 Udautm
331 1465 435 1509 tamardus
449 1464 594 1520 pubernetur
607 1462 635 1508 ab
649 1473 704 1506 uno.

93 1583 237 1636 sommium
252 1583 286 1633 sie
307 1581 436 1646 proceditur
446 1582 491 1647 (t).
508 1581 601 1632 Videtur
623 1579 682 1644 qudd
701 1580 799 1629 mundus
818 1591 863 1629 non

61 1657 204 1721 gubernetur
215 1654 244 1704 ab
253 1667 308 1704 uno.
318 1655 350 1704 be
367 1666 435 1704 eausa
445 1653 507 1703 enim
518 1665 560 1718 per
570 1651 663 1702 edoctus
675 1651 808 1716 judicamus.
820 1651 863 1701 Sed

59 1731 84 1779 in
103 1727 272 1793 gubernatione
288 1739 363 1777 rerum
381 1729 474 1789 apparet
490 1725 550 1788 qnod
561 1722 810 1782 resnonuuiiomuiter
821 1737 863 1786 gu-

61 1802 187 1857 bemantur
211 1803 236 1849 et
252 1802 374 1862 operantur
394 1814 400 1844 r
417 1797 523 1862 quedam
546 1796 606 1846 enim
621 1799 676 1846 sunt
692 1795 862 1859 contingentia,

63 1873 165 1934 quedam
182 1869 240 1921 verd
253 1883 283 1920 ex
296 1869 431 1920 necessitate
442 1907 448 1930 ,
461 1873 486 1919 et
496 1869 620 1934 seeundum
638 1867 694 1918 alias
712 1867 862 1918 diversitates.

62 1945 120 2008 Ergo
139 1944 240 1995 muudus
255 1953 302 1992 uon
313 1942 450 2004 gubernatur
460 1941 488 1990 ab
502 1954 556 1991 uuo.

93 2021 116 2065 2,
128 2019 255 2078 Praeterea,
265 2027 293 2064 ea
305 2027 356 2077 qum
367 2014 521 2076 gubernantur
535 2013 628 2076 abnuo,
644 2012 692 2063 ise
706 2013 804 2063 inuicem
817 2025 863 2063 non

61 2087 212 2151 dissentiunt,
224 2085 271 2136 uisi
283 2088 377 2150 propter
385 2084 532 2150 imperitiam,
543 2088 581 2135 aut
595 2084 757 2150 insipientiam,
769 2088 808 2133 ant
819 2084 864 2133 im-

60 2161 187 2223 potentiam
196 2158 356 2224 guberuantis3
368 2173 420 2222 que
432 2157 446 2207 d
457 2160 506 2208 Deo
519 2161 572 2208 suut
581 2153 669 2222 procul.
678 2157 723 2206 Sed
735 2169 770 2206 res
784 2159 863 2207 ereutae

60 2231 74 2280 a
85 2245 110 2282 se
123 2233 228 2282 inuicem
241 2229 390 2294 dissentiunt,
405 2234 428 2280 et
441 2233 519 2280 rorrtra
529 2243 553 2280 se
564 2229 661 2278 inuioem
676 2232 776 2293 pugnant
786 2267 792 2292 ,
802 2232 827 2278 ut
840 2227 863 2277 iu

61 2303 182 2356 contrariis
198 2306 305 2367 apparet.
321 2303 372 2352 Nou
386 2314 440 2364 ergo
453 2303 551 2352 mundus
564 2302 699 2364 gubernatur
721 2299 749 2350 ab
764 2315 819 2352 uno.

93 2382 117 2426 3.
140 2375 263 2438 Proteum,
279 2374 304 2424 in
317 2377 398 2423 natura
414 2383 503 2438 semper
520 2373 636 2424 invenitur
652 2371 712 2436 quod
725 2372 805 2423 melius
819 2377 862 2423 est.

62 2449 110 2498 Sed
128 2465 144 2495 u
157 2447 241 2497 melius
256 2450 292 2495 est
305 2445 372 2495 simut
390 2458 441 2496 esse
458 2447 514 2496 duos
529 2444 596 2510 qudm
612 2454 695 2506 unum,
712 2461 725 2492 u
741 2447 766 2494 ut
782 2444 865 2495 dicitur

63 2520 172 2582 diocles,
192 2518 232 2566 iv.
248 2517 307 2580 Ergo
318 2517 416 2567 muudus
427 2529 472 2566 uon
490 2518 626 2580 gubernatur
637 2516 727 2580 abuno,
744 2515 864 2580 seddpln·

60 2591 133 2642 ribus.

94 2663 140 2714 Sed
158 2665 241 2713 eontra
254 2664 303 2721 est,
317 2660 377 2724 qudd
390 2674 460 2710 unum
476 2661 548 2710 iteum
563 2663 586 2710 et
599 2673 668 2710 unum
682 2660 802 2710 Dominum
811 2671 863 2710 oon·

63 2735 164 2797 titernm,
172 2732 299 2786 secundem
309 2732 365 2782 iilud
375 2730 485 2797 Apostoli,
496 2732 516 2780 1.
526 2730 561 2780 od
574 2732 643 2788 Cor„
652 2731 718 2782 Vidi:
731 2729 820 2782 «Nobis
831 2733 865 2780 est

61 2820 123 2856 uuus
137 2807 200 2857 Deus
220 2806 302 2866 Pater,
317 2806 341 2855 et
352 2803 463 2854 Dominus
477 2816 544 2852 nunnus.
561 2817 575 2850 u
590 2803 689 2862 Quorum
701 2806 820 2865 utrumque
835 2800 863 2848 ad

103 2932 134 2996 (1)
150 2937 183 2981 lte
194 2934 232 2980 bis
245 2933 318 2980 etiam
328 2933 354 2978 in
366 2933 399 2992 11,
408 2932 487 2983 Seue„
499 2931 553 2984 dist,
565 2931 592 2993 1,
606 2944 646 2988 qu.
658 2931 686 2990 1,
703 2935 746 2976 urt.
759 2927 771 2974 1
787 2933 812 2972 et
823 2925 846 2972 ἢ.
861 2957 863 2963 ,
