1984 3309
109 153 140 191 nn
151 156 190 195 rus
207 158 262 204 dnm
275 163 409 203 amrinum
422 168 454 206 nu
465 170 566 207 manna.
581 170 680 225 nomn,
695 174 748 212 erc.
782 164 828 211 lle

38 230 110 313 turam)
125 232 160 300 (l)
172 250 249 289 eornm
259 242 343 305 quibus
353 246 462 309 competit
475 247 592 298 beatitudo
601 265 608 313 ς
621 253 644 299 et
657 249 707 301 ideo
719 250 796 301 multis
804 256 829 303 el

37 301 121 385 dirersis
138 310 308 372 operationibus
325 318 350 365 et
370 315 493 368 virtutibus
514 319 599 383 indiget
617 321 691 371 anima
709 324 827 383 humanas

37 376 113 435 angelis
121 392 173 430 vero
181 383 256 434 minor
265 385 387 437 diversitas
396 390 548 451 potentianum
559 392 675 457 competit3
685 393 710 443 in
719 396 766 445 lleo
773 394 828 445 verb

36 458 73 524 non
84 453 117 498 est
127 450 200 517 aliqua
211 456 329 521 potentia,
339 460 377 509 vel
386 461 444 512 actio
458 467 541 526 praeter
550 464 601 527 ejus
614 466 743 517 essentiam.
756 468 797 517 Est
806 472 829 518 et

37 516 70 593 alla
79 523 132 598 ratio
139 538 208 587 quare
218 528 296 579 anima
304 530 405 580 bumana
415 533 514 584 abundat
524 534 654 585 diuersitate
666 538 825 602 potentiarum3

37 589 127 642 udelrcet
135 596 189 659 quia
202 603 238 648 est
250 599 277 649 in
288 601 389 652 confinio
399 604 551 669 spiritualium
565 609 588 657 et
600 608 750 671 corporalium
765 622 828 659 crea-

38 662 128 774 {tnnrm
139 668 168 717 lit
179 669 233 724 ideo
242 677 384 723 concurrunt
393 674 418 724 in
430 674 481 739 ipsa
493 676 590 728 rntutes
601 683 747 743 utrarumque
758 694 828 731 crea-

47 744 129 785 mamm.

46 873 49 878 Ι
64 804 91 884 ld
100 807 193 870 primunr
203 826 260 877 ergo
273 815 410 881 dicendum,
420 818 480 881 qudd
489 820 514 869 in
525 821 569 871 boc
581 819 632 885 ipso
646 820 717 883 magis
727 821 754 870 ad
764 822 828 873 eimi-

39 873 137 951 lrtudrnem
151 884 194 944 liei
209 886 300 937 accedit
318 886 394 937 anima
410 889 550 943 intellectiva
566 890 634 955 quam
647 894 755 942 creaturae
770 893 829 943 inle-

40 957 110 1008 ΝΟΜ,
120 956 176 1015 duod
191 957 323 1020 perfectam
339 960 465 1011 bonitatem
482 964 592 1026 consequi
606 966 697 1026 potest,
714 963 767 1014 licet
786 978 829 1027 per

43 1018 239 1091 multaetdirersa,
252 1028 277 1079 in
293 1044 340 1093 quo
351 1030 427 1081 delicit
439 1032 452 1082 ir
466 1034 626 1097 superioribus.

68 1090 94 1137 ld
105 1099 220 1150 amodum
235 1098 377 1165 dicendum,
393 1102 453 1165 quod
465 1104 537 1154 virtus
551 1104 614 1155 unita
628 1108 663 1155 est
676 1106 792 1169 superior,
808 1106 827 1157 si

42 1158 63 1204 ad
72 1166 151 1225 &quala
160 1183 186 1221 se
197 1172 321 1222 extendat.
338 1174 381 1223 Sed
394 1174 464 1226 vbtos
475 1175 626 1239 multiplicata
637 1180 671 1226 est
683 1177 793 1241 superior,
808 1178 829 1227 si

41 1230 118 1289 linaei
132 1240 296 1305 subjiciantur.

65 1306 94 1385 ld.
104 1311 189 1362 omum
204 1315 350 1375 dicendum,
364 1316 424 1379 quod
437 1318 504 1368 unius
519 1318 553 1369 rei
570 1324 605 1369 est
620 1333 691 1369 unum
707 1333 757 1371 esse
774 1322 827 1372 srm-

42 1376 136 1445 suntne,
149 1385 189 1434 sed
200 1390 305 1451 possunt
316 1400 367 1437 esse
379 1390 522 1452 operationes
536 1390 620 1455 plures.
635 1392 663 1441 El
673 1390 725 1441 ideo
736 1396 771 1442 est
783 1405 830 1443 una

42 1450 121 1501 osenia
134 1457 230 1524 anime,
246 1460 289 1509 sed
301 1460 412 1523 potentia
425 1462 511 1525 plures.

316 1613 476 1665 numenius
489 1616 531 1665 lll.

93 1730 169 1781 Utrlrm
177 1736 297 1795 posenno
308 1736 494 1795 dietioparnotnr
503 1752 546 1797 per
555 1744 622 1785 aelata
632 1744 654 1786 ct
663 1740 760 1797 objecto.

48 1915 51 1921 Ι
62 1847 89 1896 ld
98 1852 183 1903 terlium
192 1856 227 1906 sie
236 1855 375 1919 proceditur
382 1858 425 1920 (Ξ).
435 1857 529 1907 Videtur
537 1856 596 1921 qudd
606 1858 712 1922 potentiae
722 1872 768 1909 non
779 1858 826 1909 dis·

40 1918 148 1980 tlblandan
157 1940 200 1991 per
215 1933 289 1979 actus
304 1930 328 1977 et
346 1927 444 1989 obiecta.
459 1929 521 1979 llrbil
539 1929 599 1979 enim
618 1930 781 1979 determinatur
798 1930 827 1979 ad

39 1992 120 2046 sleeiem
132 2011 172 2061 per
185 2000 244 2049 illud
262 2000 325 2063 quod
341 1999 466 2063 posterius
478 2001 515 2050 vel
530 2000 684 2050 extrinsecum
698 2004 740 2051 est.
756 2002 825 2050 dctus

38 2065 97 2112 diem
112 2073 146 2118 eet
160 2070 280 2135 posterior
299 2071 418 2135 potentia3
433 2071 548 2135 objectum
570 2075 645 2121 autern
665 2072 826 2123 extrinsecum.

61 2200 86 2261 (ί)
99 2208 147 2253 Hoc
163 2210 229 2256 addit
246 2222 277 2255 ex
303 2209 411 2265 professo
431 2216 525 2266 propter
540 2210 644 2255 ordinem
663 2210 791 2255 naturalem
814 2208 827 2253 d

37 2272 181 2317 tubernacurali
195 2271 404 2329 distinguendum
420 2272 474 2328 quia
491 2272 546 2317 licdl
559 2273 656 2331 quilibet
667 2272 737 2319 homo
750 2272 779 2316 sit
794 2271 828 2315 iu·

37 2324 90 2372 ledor
104 2344 144 2388 per
155 2342 265 2380 naturam
284 2339 396 2390 respectu
411 2334 535 2390 cujuslibet
551 2335 639 2391 angeli,
655 2339 732 2391 potest
751 2340 828 2379 tumen

36 2394 115 2442 ae(lualia
132 2408 184 2443 esee
207 2398 245 2443 vel
260 2397 372 2454 superior
385 2410 426 2453 per
440 2396 550 2455 matiam,
568 2404 592 2441 et
606 2396 639 2441 sic
659 2398 771 2452 aequalem
792 2396 826 2440 vel

37 2454 128 2505 majorem
142 2460 298 2505 beatitudiuis
314 2453 410 2516 gradum
432 2460 546 2504 obtinere.
564 2459 600 2504 Sic
614 2458 673 2503 inira
694 2458 827 2503 ostendetur

38 2523 125 2568 “presse
135 2530 217 2578 quaet
229 2522 294 2581 108,
311 2528 357 2567 art.
370 2520 400 2578 8,
411 2522 471 2577 qudd
483 2522 590 2566 homines
603 2522 673 2577 aliqui
692 2520 719 2564 ad
736 2520 827 2564 ordines

39 2576 91 2623 elom
103 2586 237 2641 angelorum
250 2583 391 2630 assumendi
402 2584 448 2628 sint
460 2602 466 2628 ε
479 2590 504 2629 et
515 2584 620 2640 quamuis
638 2584 667 2627 de
684 2583 774 2626 ceteris
787 2582 828 2625 du-

40 2634 85 2684 blum
94 2655 142 2692 etse
151 2654 243 2706 posset,
257 2649 287 2693 de
303 2646 453 2692 eanodseima
464 2654 544 2691 tamen
557 2647 656 2703 Deipara
664 2645 759 2701 Virgine
772 2656 828 2688 corr-

43 2706 83 2758 ⁵¹²¹,
95 2719 143 2753 eam
155 2724 209 2757 esse
223 2723 295 2768 super
308 2720 395 2754 omnes
409 2710 503 2765 angelos
517 2710 651 2755 exaltatam.

50 2771 87 2839 ‚fil
98 2779 128 2823 lle
140 2781 176 2827 his
187 2783 260 2829 etiam
274 2785 299 2840 1,
308 2782 392 2829 Seni„
402 2780 456 2824 dist.
467 2780 505 2839 l'l,
521 2784 603 2836 qumst.
616 2777 640 2836 l,
653 2784 696 2823 art.
711 2776 740 2829 43
757 2782 780 2820 et
788 2776 824 2829 ll,

45 2833 99 2888 W„
117 2842 169 2889 dist.
183 2844 233 2901 bb,
252 2850 339 2902 quaest.
355 2842 386 2899 ἓ,
405 2848 449 2887 nrt.
470 2842 501 2900 l;
516 2848 540 2887 et
558 2842 581 2887 in
597 2847 679 2897 qumsl.
693 2840 778 2894 disput.
795 2836 828 2879 lle

49 2899 118 2953 ruina,
129 2913 171 2954 art.
184 2908 216 2953 23
228 2926 234 2963 ;
248 2915 274 2955 et
287 2909 312 2953 in
323 2907 370 2953 lib.
383 2906 418 2950 De
428 2906 525 2957 animur
536 2906 590 2951 lect.
606 2904 630 2961 Ω,
645 2902 660 2945 6
674 2908 697 2946 et
710 2900 734 2944 8.
