1984 3309
143 155 189 205 uls
292 161 367 202 num
381 160 511 212 neuma,
526 162 617 208 ouasr.
637 158 667 214 v,
683 161 739 200 nne.
756 164 791 201 ur.

141 243 237 294 nabore
245 239 312 292 brevi
319 239 400 290 vivens
407 242 519 302 temporo,
533 239 633 303 repletur
646 237 728 288 multis
745 239 851 291 miseriis.
867 253 884 288 n
898 241 942 292 Sed

140 314 257 366 beatitudo
267 310 367 362 excludit
381 310 506 362 miseriam.
520 311 578 374 Ergo
587 308 612 359 iu
622 311 667 360 bac
681 310 730 362 vita
744 325 790 362 uon
804 315 880 376 potest
894 327 942 363 esse

171 460 330 524 (muniano.
341 481 372 493 -
385 453 444 504 Ciam
455 455 558 519 munda
574 453 692 504 beatitudo
705 453 733 504 in
748 454 841 506 visione
861 456 942 508 diuina

140 528 243 581 enuntias
259 525 388 577 consistens
406 538 474 576 omne
491 527 575 576 malum
593 525 713 586 excludat,
729 527 781 576 haec
802 530 881 578 autern
898 529 942 576 vita

141 600 238 651 miseriis
248 597 319 648 uariis
326 597 356 648 sit
367 596 477 660 obnoxia,
489 591 579 647 censat
590 609 640 646 cem
652 596 676 646 in
686 597 730 647 bae
744 597 793 647 vita
804 599 886 650 baberi
900 613 941 649 nou

171 674 231 732 ese-t

139 686 306 808 pollesqcadoo
314 740 445 802 dicendum,
457 738 518 804 qubd
529 739 632 804 aliqualis
641 739 792 790 beatitudinis
802 740 943 806 paniuiqatiu

141 817 165 866 in
185 819 230 867 buo
246 815 295 865 vita
304 811 385 864 babffl
397 816 486 876 qood,
500 813 603 876 perlecta
619 815 695 862 autem
716 814 740 862 et
758 825 815 864 vera
830 813 943 864 beatitudo

142 901 190 938 non
205 891 282 952 poton
294 884 373 936 baberi
386 883 411 933 in
426 885 470 933 bac
481 881 540 934 vita.
551 884 579 933 Et
590 884 634 933 hoc
647 883 739 946 quidem
754 885 897 936 considerari
908 899 943 948 po

140 963 185 1011 test
197 956 325 1021 dupliciter.
345 954 422 1006 Primb
438 953 530 1018 quidem
551 969 580 1004 ea
603 953 652 1018 ipsa
666 955 781 1004 communi
799 956 944 1008 beatitudiuis

142 1031 238 1084 ratione.
259 1031 317 1080 Nam
330 1027 458 1090 beatitudo,
473 1026 525 1078 edm
544 1027 574 1078 sit
586 1027 712 1092 perlectum
730 1030 755 1077 et
772 1027 893 1080 sufficiens
910 1029 944 1078 be

142 1117 210 1163 num,
224 1114 292 1152 omne
303 1100 388 1150 nudum
402 1099 513 1162 excludit,
528 1101 551 1148 et
570 1110 637 1148 oniae
657 1097 798 1148 desiderium
817 1101 944 1164 impletio

142 1177 185 1225 bac
198 1177 274 1224 autem
282 1171 332 1224 uita
345 1183 392 1221 uon
408 1172 485 1234 putea
496 1181 565 1220 omno
574 1169 658 1220 malum
669 1169 778 1226 excludi;
795 1172 878 1222 mdtis
888 1172 943 1223 enin

142 1245 207 1296 mulis
219 1256 322 1308 uramus
331 1241 380 1292 uita
391 1241 508 1307 subjacet,
522 1255 573 1306 quae
584 1240 652 1292 vitari
662 1254 709 1292 nun
720 1245 832 1306 possunt,
845 1246 870 1294 et
882 1244 942 1308 iguo-

143 1318 223 1368 rautiae
238 1329 267 1366 ex
282 1318 346 1380 parte
363 1313 506 1376 intellectis,
522 1316 545 1362 et
559 1312 690 1363 inordinate
709 1313 830 1364 affectioni
841 1328 874 1366 ex
886 1319 944 1380 pana

142 1387 268 1454 appetitus,
282 1390 307 1437 et
319 1383 479 1448 nuaqieibus
487 1382 658 1447 poenalitatibus
668 1395 697 1434 ex
710 1387 776 1447 parta
791 1387 908 1450 conponis,
923 1389 942 1433 ut

144 1459 283 1522 nunninus
296 1455 576 1520 diligeutsrprossquitur,
586 1455 646 1506 Xlll.
661 1456 698 1505 De
710 1456 792 1506 Civit.
807 1459 866 1508 Dei.
883 1457 945 1508 Sini-

142 1533 196 1582 liter
205 1529 277 1581 omn
286 1526 342 1579 boni
356 1526 493 1577 desiderium
503 1526 528 1576 in
542 1528 586 1577 bae
595 1527 641 1576 vita
657 1526 735 1576 sedari
746 1539 794 1578 non
806 1533 894 1592 potest.
905 1531 945 1580 lte-

144 1602 249 1652 taraliter
264 1600 326 1651 enim
340 1601 409 1650 homo
427 1598 540 1649 desiderat
553 1599 735 1662 permanentium
752 1601 805 1664 eius
820 1602 878 1652 boni
892 1602 945 1667 quud

143 1674 226 1733 babot3
241 1674 302 1723 bona
311 1675 386 1722 autem
399 1670 520 1734 presentis
529 1671 582 1722 vita
595 1670 724 1722 transitoria
734 1677 798 1736 sunt,
808 1673 864 1724 ulum
872 1679 897 1726 at
905 1677 946 1738 ipsa

145 1745 191 1796 vita
210 1746 320 1805 tmnseat,
335 1755 402 1807 quam
415 1743 549 1794 naturaliter
561 1742 727 1804 desideramus,
739 1746 763 1793 et
774 1757 828 1794 earu
841 1745 947 1811 perpetuo

145 1828 235 1875 manere
245 1815 370 1877 vellemus3
381 1814 435 1876 quia
444 1814 579 1864 naturaliter
590 1814 658 1864 bomo
673 1814 759 1877 relegit
773 1819 874 1866 mortem
885 1817 946 1865 :ndu

145 1887 284 1953 impossibile
296 1891 332 1936 ost
342 1886 404 1950 qudd
416 1885 442 1936 iu
452 1888 496 1936 bac
509 1886 557 1938 uita
571 1899 625 1936 vera
638 1886 756 1936 beatitudo
767 1887 892 1938 habeatnr.
910 1890 947 1937 Sc·

146 1959 234 2024 cundb,
253 1959 273 2009 si
284 1958 450 2022 abundaretur,
463 1957 485 2008 id
497 1958 521 2008 iu
538 1969 583 2023 quo
592 1957 703 2022 speculis
713 1957 834 2010 beatitudo
846 1961 946 2011 consistit

146 2033 232 2083 sciliud
244 2030 302 2081 visio
316 2029 399 2080 diune
418 2029 540 2094 essentia,
556 2041 604 2094 quat
618 2041 664 2080 uon
675 2033 752 2094 potest
766 2031 860 2082 bomini
870 2045 947 2097 prove-

143 2105 191 2155 nire
212 2103 238 2154 iu
256 2105 300 2152 hac
316 2101 377 2164 vita,
391 2103 419 2150 ut
434 2101 460 2150 in
481 2101 555 2166 primo
571 2105 688 2153 ostensum
703 2105 740 2152 eat
759 2102 819 2166 (sen
837 2105 857 2154 1.
875 2107 944 2168 part.

79 2197 84 2205 ·
146 2189 185 2240 qn.
209 2180 252 2238 le,
271 2177 314 2224 art.
332 2172 391 2236 11).
406 2173 441 2222 dx
459 2174 544 2236 quibus
558 2171 678 2224 manifesti
697 2176 809 2238 apparet,
825 2173 888 2238 qndd
906 2189 946 2223 nou

148 2249 223 2310 nunt
238 2246 320 2311 aliquis
336 2245 362 2294 iu
379 2246 422 2294 bac
439 2245 488 2296 vita
506 2257 584 2296 veram
597 2248 621 2296 et
637 2244 763 2308 perlectam
781 2245 946 2296 beatitudinem

146 2317 250 2381 adipisci.

174 2389 207 2437 dd
224 2389 323 2453 primum
341 2401 394 2452 crgo
411 2387 546 2451 beandum,
563 2387 622 2451 qubd
639 2388 700 2438 beati
715 2387 824 2438 dicuntur
842 2389 913 2450 aliqui
927 2390 947 2437 in

143 2462 187 2510 bac
198 2459 259 2523 vita,
273 2461 311 2510 uel
327 2465 420 2525 propter
430 2472 494 2524 spem
506 2458 651 2510 beatimunis
665 2458 821 2523 adipiscendae
837 2461 864 2510 in
874 2460 946 2509 linrura

144 2531 205 2593 vita,
220 2532 345 2582 secundinus
359 2532 413 2581 illud
425 2533 512 2591 lium„
526 2531 578 2580 vili
588 2545 594 2578 z
606 2531 674 2594 «Spe
688 2529 746 2580 salvi
758 2530 816 2580 lacti
828 2543 944 2592 sumus3n

145 2603 182 2653 vel
199 2605 292 2666 propter
312 2603 411 2666 aliquam
433 2601 630 2667 anticipationem
650 2599 799 2652 beatitudinis
824 2602 944 2654 secundun

147 2674 267 2737 aliqualem
281 2673 363 2722 summi
375 2675 429 2724 boni
445 2674 585 2724 drumioncuu.

177 2745 211 2794 dd
228 2744 353 2793 secundum
366 2743 500 2809 dandam,
516 2743 576 2810 qndd
587 2744 730 2810 qutinputic
740 2747 894 2800 beatitudinis
907 2760 945 2810 po

145 2817 192 2862 test
207 2826 258 2863 esse
268 2812 402 2874 inpensae
413 2816 541 2879 dnqbuter.
558 2817 608 2868 Uno
624 2817 691 2868 nudo
701 2822 807 2882 eumne
823 2818 896 2883 ins'us
909 2819 945 2867 ob

144 2883 201 2943 jocii
215 2881 362 2932 beatitudinis
368 2917 377 2944 ,
391 2887 452 2946 quod
468 2887 560 2950 quidam
573 2887 698 2940 secundina
711 2888 748 2940 sui
761 2890 886 2942 nsentiam
902 2903 943 2940 nou
