1984 3309
132 269 164 304 nr
178 268 254 305 onnes
272 268 385 307 onnnrus
399 268 516 312 ononrmr
532 272 565 306 an
581 270 696 314 euoenon
712 274 778 309 orer.
829 262 860 308 st

55 342 119 406 dicit,
134 348 159 393 nt
173 357 216 407 per
233 346 281 395 hoe
296 348 415 395 removeat
430 347 538 409 poputum
558 348 586 397 ab
604 348 744 412 idololatrin3
761 350 860 399 ostendit

56 415 170 465 luminaria
184 430 232 465 non
245 430 297 467 esse
312 418 376 479 deos,
391 430 420 467 ex
431 430 476 481 quo
489 430 532 467 nee
542 418 555 467 d
566 418 678 483 principio
690 420 791 472 inerunt.

87 486 118 535 dd
131 488 258 537 monadum
274 486 412 551 moenium,
428 490 488 551 quod
502 492 624 540 seeundum
639 491 788 553 Augusfinum
799 493 860 542 nulla

55 558 149 619 seorim
157 559 303 622 difficultas,
313 560 369 622 quia
376 561 417 610 lux
426 561 455 609 de
466 573 510 623 qua
522 560 595 623 prima
606 560 642 620 die
653 561 713 612 lacta
726 566 762 613 est
774 565 860 615 mentio

54 627 94 677 luit
106 629 142 679 tor
152 630 295 695 spiritualim
308 645 372 681 nune
381 636 457 681 autem
470 632 495 681 fit
504 633 544 682 lux
557 634 689 697 corporalis.
699 635 725 684 Si
735 638 811 686 autern
821 637 859 686 lux

52 700 120 760 primo
131 702 168 751 die
184 703 248 753 iacta
259 702 396 765 intelligitur
408 702 543 767 corporalis,
554 710 642 768 oportet
654 706 730 756 dicere
746 710 806 770 quod
819 710 860 758 lux

52 769 119 831 primo
135 771 173 822 die
185 772 232 820 tuit
245 774 357 834 producta
371 773 493 823 secundum
512 788 654 828 communem
667 776 725 826 lueis
740 781 858 841 naturam,

51 845 125 902 quarto
139 846 220 893 autem
237 842 277 893 die
291 844 400 894 attributa
415 847 451 893 est
463 844 611 895 luminaribus
621 847 769 897 determinata
788 849 862 900 virtus

52 914 78 961 ad
87 916 255 965 determinatos
267 916 372 979 enectus,
381 917 506 966 seeundum
515 919 576 980 quod
584 917 687 968 videmus
697 920 754 969 alies
763 920 859 970 etiertus

53 985 129 1035 habere
142 987 238 1037 radium
254 986 320 1049 solis,
332 990 356 1036 et
370 986 427 1037 alios
439 986 527 1037 radium
541 988 615 1049 lune,
630 991 699 1039 etsie
715 991 743 1040 de
757 992 816 1041 aliis.
832 992 860 1041 Et

52 1062 138 1120 propter
153 1061 218 1109 hane
239 1058 456 1109 determinationem
473 1060 565 1109 virtutis
588 1061 644 1110 dicit
661 1062 857 1127 Dionysius,1v.

52 1141 97 1192 rap.
113 1133 148 1180 De
160 1131 221 1181 dio.
237 1132 329 1189 Nom„
345 1130 406 1193 quod
420 1148 434 1177 o
449 1131 526 1182 lumen
538 1132 594 1181 solis
606 1134 666 1195 quod
679 1134 753 1197 primo
766 1138 814 1185 erat
825 1136 860 1185 in-

51 1199 127 1261 forme,
137 1205 224 1266 quarto
238 1202 277 1251 die
288 1202 413 1251 formatum
425 1205 491 1251 est.»

78 1274 111 1323 nd
118 1274 213 1323 tertium
226 1274 362 1337 dicendum,
373 1272 432 1337 qudd
443 1276 569 1325 meandum
578 1276 725 1327 Ptolemaenm
736 1276 858 1328 luminaria

52 1354 93 1393 non
108 1350 163 1395 sunt
173 1346 222 1396 fixa
240 1346 269 1395 in
280 1344 391 1409 spineis,
405 1346 444 1395 sed
458 1345 543 1397 habent
556 1350 642 1397 motum
648 1357 755 1398 *seorsum
767 1348 780 1398 tr
794 1353 859 1400 motu

52 1417 193 1477 ephenetum.
216 1420 275 1468 Ideo
289 1419 467 1481 chrysostomus
480 1418 548 1478 dieii,
561 1420 685 1483 quodnon
702 1420 754 1469 ideo
773 1420 857 1471 dicitnr

53 1488 106 1546 eund
115 1490 192 1553 posuit
207 1502 236 1539 ea
248 1488 275 1539 in
287 1489 439 1551 firmamento,
451 1490 511 1552 quod
522 1489 554 1538 ihi
567 1490 614 1539 sint
623 1489 682 1553 tira3
694 1491 734 1540 sed
743 1490 796 1553 quia
804 1492 859 1555 jus-

56 1558 104 1606 serit
115 1565 139 1609 nt
150 1561 186 1611 ibi
201 1564 302 1623 essent,
321 1560 380 1609 sieut
392 1560 468 1623 posuit
480 1560 596 1611 hominem
614 1560 639 1611 in
650 1562 767 1626 paradiso,
786 1568 812 1613 ut
824 1564 859 1613 ibi

54 1634 115 1679 osser.
130 1632 177 1683 Sed
196 1632 328 1682 seeundum
347 1630 478 1693 opinionem
491 1631 630 1695 Aristotelis,
646 1634 719 1684 stelle
738 1634 788 1685 tire
802 1639 856 1684 sunt

52 1698 185 1768 inertibus,
200 1708 227 1755 et
241 1717 291 1753 non
302 1707 426 1753 morentur
436 1702 479 1752 nisi
495 1707 557 1753 motu
569 1703 666 1754 orbium.
676 1706 804 1755 Secundam
823 1707 856 1756 rei

51 1774 162 1825 veritatem
184 1781 269 1826 tamen
292 1779 368 1825 motus
396 1774 539 1823 luminarium
561 1789 630 1825 sensu
647 1776 786 1840 percipitur,
810 1790 856 1828 non

51 1848 119 1894 antem
133 1852 211 1898 motus
229 1848 382 1911 sphaerarum.
401 1846 488 1909 Moyses
504 1850 580 1896 autem
596 1847 647 1897 rudi
659 1849 743 1911 populo
757 1851 854 1899 rondes·

51 1918 150 1979 tendens,
162 1924 280 1983 sequutus
291 1923 328 1969 est
334 1932 386 1983 quae
397 1919 535 1968 sensibiliter
546 1924 665 1984 apparent,
677 1923 703 1969 ut
712 1920 797 1970 dietum
809 1925 852 1971 est.

50 1987 71 2035 Si
82 1994 155 2041 antem
169 1992 345 2041 firmamentum
359 1990 420 2054 quod
436 1991 523 2040 fautum
533 1994 569 2041 est
578 1992 679 2041 seonnda
689 1991 725 2042 die
736 1992 763 2040 tit
772 1993 858 2042 seeun-'

51 2059 97 2109 dum
104 2062 279 2113 distinctionem
290 2067 379 2113 nature
391 2061 451 2111 aliud
462 2062 490 2111 ab
500 2076 528 2111 eo
536 2063 561 2111 in
569 2075 614 2125 quo
623 2063 698 2126 posita
706 2067 760 2112 sunt
768 2063 852 2127 sidera,

51 2129 98 2180 lieet
107 2147 186 2184 sensus
203 2148 253 2185 non
265 2134 396 2195 discernet,
409 2146 476 2196 quem
493 2135 581 2198 Moyses
600 2134 716 2197 seqnitur,
731 2138 757 2182 nt
768 2133 853 2184 dietum

51 2208 89 2265 est,
99 2212 173 2257 resset
184 2207 297 2271 objectio.
311 2208 371 2257 Nam
382 2206 550 2256 tinnimentum
559 2207 645 2255 tartum
654 2209 690 2255 est
703 2206 804 2256 secunda
814 2206 853 2258 die

52 2280 149 2334 qnantum
166 2279 196 2329 ad
212 2278 347 2329 interiorem
370 2278 508 2340 partemin
524 2278 667 2327 firmamento
689 2282 764 2328 autem
777 2278 852 2342 posita

53 2350 98 2394 sunt
106 2349 179 2399 sidera
189 2354 271 2413 quarta
282 2350 320 2399 die
330 2350 443 2414 qnantum
454 2349 483 2399 ad
493 2348 632 2413 superiorem
641 2352 736 2412 partem
746 2353 851 2400 uttotum

53 2427 88 2475 [tm
96 2432 137 2470 nno
151 2420 290 2484 accipiatur,
301 2420 431 2471 seeundum
448 2420 508 2482 qnod
520 2419 599 2470 sensui
612 2424 713 2483 apparet.

79 2492 107 2539 td
122 2497 230 2555 quartum
249 2492 388 2555 dicendum,
404 2490 465 2554 qudd
477 2490 536 2541 siout
553 2491 652 2541 Basilius
666 2492 757 2556 (Hom.
770 2492 805 2552 V,
824 2493 851 2541 in

50 2558 162 2625 Herum.)
184 2564 332 2628 premittitur
353 2562 472 2628 productio
501 2563 629 2625 plantarum
650 2562 799 2613 luminaribus
821 2566 850 2614 ad

50 2632 205 2685 excludendam
226 2635 389 2686 idololatriam.
410 2634 454 2693 Qui
473 2634 535 2683 enim
551 2636 646 2694 eredunt
661 2635 781 2685 luminaria
799 2648 849 2685 esse

52 2701 109 2765 deos,
121 2705 203 2755 dicunt
216 2707 278 2770 quod
289 2705 460 2771 primordialem
471 2705 581 2768 originem
592 2706 677 2755 habent
688 2706 773 2769 planta
787 2705 801 2755 d
813 2706 848 2754 tu-

52 2772 182 2840 minutium
199 2779 320 2841 quamvis,
342 2781 369 2827 ut
389 2777 563 2841 Chrysostomns
576 2776 631 2826 dicit
650 2776 737 2841 (Hom.
756 2778 802 2838 Vl,
821 2778 849 2824 io

54 2843 105 2893 Geo.
112 2856 119 2907 t
135 2847 195 2898 sieut
208 2849 307 2910 agricole
320 2850 459 2910 cooperatur
474 2848 503 2897 ad
517 2846 690 2912 productionem
701 2848 847 2910 plantarum,

55 2911 156 2967 taetram
167 2919 289 2969 luminaria
300 2929 343 2984 per
354 2930 410 2969 suos
424 2921 507 2969 motus.

82 2988 110 3035 ,to
127 2990 229 3051 eremium
243 2990 380 3051 dicendum,
396 2988 457 3052 quod
468 2990 526 3039 sieut
541 2990 717 3052 chrysostomus
725 2984 780 3035 dieii
794 2985 848 3047 (oni
