<?xml version="1.0" encoding="UTF-8"?>
<!DOCTYPE html PUBLIC "-//W3C//DTD XHTML 1.0 Transitional//EN"
    "http://www.w3.org/TR/xhtml1/DTD/xhtml1-transitional.dtd">
<html xmlns="http://www.w3.org/1999/xhtml" xml:lang="en" lang="en">
 <head>
  <title>
</title>
<meta http-equiv="Content-Type" content="text/html;charset=utf-8" />
  <meta name='ocr-system' content='tesseract 3.04.00' />
  <meta name='ocr-capabilities' content='ocr_page ocr_carea ocr_par ocr_line ocrx_word'/>
</head>
<body>
  <div class='ocr_page' id='page_1' title='image "./summatheologica00nicogoog_0263.png"; bbox 0 0 1984 3309; ppageno 0'>
   <div class='ocr_carea' id='block_1_1' title="bbox 132 170 755 228">
    <p class='ocr_par' dir='ltr' id='par_1_1' title="bbox 132 170 755 228">
     <span class='ocr_line' id='line_1_1' title="bbox 132 170 755 228; baseline -0.008 -10"><span class='ocrx_word' id='word_1_1' title='bbox 132 170 179 218; x_wconf 70' lang='lat'>256</span> <span class='ocrx_word' id='word_1_2' title='bbox 312 180 372 216; x_wconf 78' lang='lat' dir='ltr'>raus</span> <span class='ocrx_word' id='word_1_3' title='bbox 384 179 393 215; x_wconf 87' lang='lat' dir='ltr'>r</span> <span class='ocrx_word' id='word_1_4' title='bbox 400 202 409 228; x_wconf 87' lang='lat'><em>‚</em></span> <span class='ocrx_word' id='word_1_5' title='bbox 424 178 516 224; x_wconf 69' lang='lat' dir='ltr'>eumer.</span> <span class='ocrx_word' id='word_1_6' title='bbox 530 176 633 227; x_wconf 80' lang='lat' dir='ltr'>Lxmv,</span> <span class='ocrx_word' id='word_1_7' title='bbox 647 174 702 215; x_wconf 79' lang='lat' dir='ltr'>tur.</span> <span class='ocrx_word' id='word_1_8' title='bbox 721 176 755 215; x_wconf 91' lang='lat' dir='ltr'>vr.</span> 
     </span>
    </p>
   </div>
   <div class='ocr_carea' id='block_1_2' title="bbox 133 253 978 2981">
    <p class='ocr_par' dir='ltr' id='par_1_2' title="bbox 133 253 978 2981">
     <span class='ocr_line' id='line_1_2' title="bbox 133 253 938 318; baseline -0.005 -13"><span class='ocrx_word' id='word_1_9' title='bbox 133 254 291 305; x_wconf 86' lang='lat' dir='ltr'>intellectualis</span> <span class='ocrx_word' id='word_1_10' title='bbox 309 255 407 318; x_wconf 75' lang='lat' dir='ltr'>cognitio</span> <span class='ocrx_word' id='word_1_11' title='bbox 425 254 554 306; x_wconf 80' lang='lat' dir='ltr'>isensibili</span> <span class='ocrx_word' id='word_1_12' title='bbox 569 254 684 318; x_wconf 79' lang='lat' dir='ltr'>procedit,</span> <span class='ocrx_word' id='word_1_13' title='bbox 694 266 767 316; x_wconf 86' lang='lat' dir='ltr'>neque</span> <span class='ocrx_word' id='word_1_14' title='bbox 782 253 852 303; x_wconf 88' lang='lat' dir='ltr'>etiam</span> <span class='ocrx_word' id='word_1_15' title='bbox 865 253 938 303; x_wconf 90' lang='lat' dir='ltr'>sensi-</span> 
     </span>
     <span class='ocr_line' id='line_1_3' title="bbox 133 325 939 388; baseline -0.002 -13"><span class='ocrx_word' id='word_1_16' title='bbox 133 326 186 375; x_wconf 92' lang='lat' dir='ltr'>bilis</span> <span class='ocrx_word' id='word_1_17' title='bbox 199 325 321 376; x_wconf 81' lang='lat' dir='ltr'>totaliteri</span> <span class='ocrx_word' id='word_1_18' title='bbox 335 326 480 376; x_wconf 84' lang='lat' dir='ltr'>sensibilibus</span> <span class='ocrx_word' id='word_1_19' title='bbox 494 326 577 388; x_wconf 72' lang='lat' dir='ltr'>rebus,</span> <span class='ocrx_word' id='word_1_20' title='bbox 592 326 630 375; x_wconf 90' lang='lat' dir='ltr'>sed</span> <span class='ocrx_word' id='word_1_21' title='bbox 641 325 759 375; x_wconf 83' lang='lat' dir='ltr'>sensibilia</span> <span class='ocrx_word' id='word_1_22' title='bbox 773 325 879 375; x_wconf 90' lang='lat' dir='ltr'>excitant</span> <span class='ocrx_word' id='word_1_23' title='bbox 888 325 939 375; x_wconf 89' lang='lat' dir='ltr'>ani-</span> 
     </span>
     <span class='ocr_line' id='line_1_4' title="bbox 134 396 940 461; baseline -0.002 -14"><span class='ocrx_word' id='word_1_24' title='bbox 134 410 194 447; x_wconf 88' lang='lat' dir='ltr'>mam</span> <span class='ocrx_word' id='word_1_25' title='bbox 212 397 372 449; x_wconf 76' lang='lat' dir='ltr'>intellectivam</span> <span class='ocrx_word' id='word_1_26' title='bbox 390 400 416 449; x_wconf 89' lang='lat' dir='ltr'>ad</span> <span class='ocrx_word' id='word_1_27' title='bbox 436 398 617 461; x_wconf 89' lang='lat' dir='ltr'>intelligendum.</span> <span class='ocrx_word' id='word_1_28' title='bbox 635 396 768 447; x_wconf 70' lang='lat' dir='ltr'>Aristoteles</span> <span class='ocrx_word' id='word_1_29' title='bbox 786 401 863 447; x_wconf 89' lang='lat' dir='ltr'>autem</span> <span class='ocrx_word' id='word_1_30' title='bbox 881 396 940 461; x_wconf 71' lang='lat' dir='ltr'>lubi</span> 
     </span>
     <span class='ocr_line' id='line_1_5' title="bbox 135 467 939 534; baseline -0.001 -17"><span class='ocrx_word' id='word_1_31' title='bbox 135 469 203 532; x_wconf 79' lang='lat' dir='ltr'>supra</span> <span class='ocrx_word' id='word_1_32' title='bbox 212 472 267 519; x_wconf 82' lang='lat' dir='ltr'>tert.</span> <span class='ocrx_word' id='word_1_33' title='bbox 278 470 333 534; x_wconf 74' lang='lat' dir='ltr'>lbi)</span> <span class='ocrx_word' id='word_1_34' title='bbox 343 470 417 521; x_wconf 88' lang='lat' dir='ltr'>media</span> <span class='ocrx_word' id='word_1_35' title='bbox 426 469 463 520; x_wconf 89' lang='lat' dir='ltr'>via</span> <span class='ocrx_word' id='word_1_36' title='bbox 475 469 592 533; x_wconf 87' lang='lat' dir='ltr'>processit.</span> <span class='ocrx_word' id='word_1_37' title='bbox 606 467 685 517; x_wconf 78' lang='lat' dir='ltr'>Posuit</span> <span class='ocrx_word' id='word_1_38' title='bbox 699 469 759 517; x_wconf 90' lang='lat' dir='ltr'>enim</span> <span class='ocrx_word' id='word_1_39' title='bbox 772 483 825 517; x_wconf 94' lang='lat' dir='ltr'>cum</span> <span class='ocrx_word' id='word_1_40' title='bbox 841 470 939 519; x_wconf 86' lang='lat' dir='ltr'>Platone</span> 
     </span>
     <span class='ocr_line' id='line_1_6' title="bbox 135 536 939 605; baseline 0 -16"><span class='ocrx_word' id='word_1_41' title='bbox 135 541 274 591; x_wconf 89' lang='lat' dir='ltr'>intellectum</span> <span class='ocrx_word' id='word_1_42' title='bbox 288 543 378 593; x_wconf 78' lang='lat' dir='ltr'>differre</span> <span class='ocrx_word' id='word_1_43' title='bbox 389 543 402 593; x_wconf 75' lang='lat' dir='ltr'>’a</span> <span class='ocrx_word' id='word_1_44' title='bbox 414 558 498 605; x_wconf 78' lang='lat' dir='ltr'>sensu3</span> <span class='ocrx_word' id='word_1_45' title='bbox 510 542 548 595; x_wconf 88' lang='lat' dir='ltr'>sed</span> <span class='ocrx_word' id='word_1_46' title='bbox 560 555 652 591; x_wconf 87' lang='lat' dir='ltr'>sensum</span> <span class='ocrx_word' id='word_1_47' title='bbox 663 536 737 604; x_wconf 85' lang='lat' dir='ltr'>posuit</span> <span class='ocrx_word' id='word_1_48' title='bbox 751 541 869 604; x_wconf 88' lang='lat' dir='ltr'>propriam</span> <span class='ocrx_word' id='word_1_49' title='bbox 885 554 939 603; x_wconf 91' lang='lat' dir='ltr'>ope·</span> 
     </span>
     <span class='ocr_line' id='line_1_7' title="bbox 135 610 940 675; baseline 0 -15"><span class='ocrx_word' id='word_1_50' title='bbox 135 612 246 662; x_wconf 88' lang='lat' dir='ltr'>rationem</span> <span class='ocrx_word' id='word_1_51' title='bbox 262 628 308 664; x_wconf 94' lang='lat' dir='ltr'>non</span> <span class='ocrx_word' id='word_1_52' title='bbox 319 615 401 665; x_wconf 88' lang='lat' dir='ltr'>babere</span> <span class='ocrx_word' id='word_1_53' title='bbox 416 614 465 665; x_wconf 91' lang='lat' dir='ltr'>siue</span> <span class='ocrx_word' id='word_1_54' title='bbox 477 612 679 665; x_wconf 87' lang='lat' dir='ltr'>communicatione</span> <span class='ocrx_word' id='word_1_55' title='bbox 694 610 812 675; x_wconf 81' lang='lat' dir='ltr'>corporis3</span> <span class='ocrx_word' id='word_1_56' title='bbox 832 612 865 661; x_wconf 87' lang='lat' dir='ltr'>ita</span> <span class='ocrx_word' id='word_1_57' title='bbox 880 610 940 675; x_wconf 82' lang='lat' dir='ltr'>qudd</span> 
     </span>
     <span class='ocr_line' id='line_1_8' title="bbox 135 682 939 745; baseline -0.002 -13"><span class='ocrx_word' id='word_1_58' title='bbox 135 684 219 734; x_wconf 90' lang='lat' dir='ltr'>sentire</span> <span class='ocrx_word' id='word_1_59' title='bbox 232 700 278 735; x_wconf 91' lang='lat' dir='ltr'>non</span> <span class='ocrx_word' id='word_1_60' title='bbox 289 686 319 736; x_wconf 89' lang='lat' dir='ltr'>sit</span> <span class='ocrx_word' id='word_1_61' title='bbox 330 690 393 735; x_wconf 90' lang='lat' dir='ltr'>actus</span> <span class='ocrx_word' id='word_1_62' title='bbox 405 686 485 735; x_wconf 78' lang='lat' dir='ltr'>animae</span> <span class='ocrx_word' id='word_1_63' title='bbox 494 688 595 744; x_wconf 90' lang='lat' dir='ltr'>tautum,</span> <span class='ocrx_word' id='word_1_64' title='bbox 607 684 645 733; x_wconf 90' lang='lat' dir='ltr'>sed</span> <span class='ocrx_word' id='word_1_65' title='bbox 655 682 780 745; x_wconf 88' lang='lat' dir='ltr'>conjuncti.</span> <span class='ocrx_word' id='word_1_66' title='bbox 792 684 823 732; x_wconf 84' lang='lat' dir='ltr'>Et</span> <span class='ocrx_word' id='word_1_67' title='bbox 833 683 939 733; x_wconf 85' lang='lat' dir='ltr'>similiter</span> 
     </span>
     <span class='ocr_line' id='line_1_9' title="bbox 136 754 978 857; baseline -0.005 -52"><span class='ocrx_word' id='word_1_68' title='bbox 136 757 212 820; x_wconf 85' lang='lat' dir='ltr'>posuit</span> <span class='ocrx_word' id='word_1_69' title='bbox 227 759 254 807; x_wconf 90' lang='lat' dir='ltr'>de</span> <span class='ocrx_word' id='word_1_70' title='bbox 266 757 371 808; x_wconf 88' lang='lat' dir='ltr'>omnibns</span> <span class='ocrx_word' id='word_1_71' title='bbox 387 756 557 822; x_wconf 82' lang='lat' dir='ltr'>operationibus</span> <span class='ocrx_word' id='word_1_72' title='bbox 573 755 688 809; x_wconf 75' lang='lat' dir='ltr'>sensitiva</span> <span class='ocrx_word' id='word_1_73' title='bbox 700 755 781 819; x_wconf 89' lang='lat' dir='ltr'>partis.</span> <span class='ocrx_word' id='word_1_74' title='bbox 795 755 856 815; x_wconf 86' lang='lat' dir='ltr'>Quia</span> <span class='ocrx_word' id='word_1_75' title='bbox 871 754 940 819; x_wconf 88' lang='lat' dir='ltr'>igitur</span> <span class='ocrx_word' id='word_1_76' title='bbox 977 770 978 857; x_wconf 46' lang='lat' dir='ltr'>p</span> 
     </span>
     <span class='ocr_line' id='line_1_10' title="bbox 137 826 935 892; baseline -0.003 -16"><span class='ocrx_word' id='word_1_77' title='bbox 137 840 183 877; x_wconf 90' lang='lat' dir='ltr'>nou</span> <span class='ocrx_word' id='word_1_78' title='bbox 197 831 232 877; x_wconf 90' lang='lat' dir='ltr'>est</span> <span class='ocrx_word' id='word_1_79' title='bbox 241 828 418 889; x_wconf 76' lang='lat' dir='ltr'>inconveniens,</span> <span class='ocrx_word' id='word_1_80' title='bbox 427 828 487 892; x_wconf 85' lang='lat' dir='ltr'>qubd</span> <span class='ocrx_word' id='word_1_81' title='bbox 496 827 612 878; x_wconf 85' lang='lat' dir='ltr'>sensibilia</span> <span class='ocrx_word' id='word_1_82' title='bbox 625 841 674 890; x_wconf 79' lang='lat' dir='ltr'>quae</span> <span class='ocrx_word' id='word_1_83' title='bbox 684 830 737 875; x_wconf 89' lang='lat' dir='ltr'>sunt</span> <span class='ocrx_word' id='word_1_84' title='bbox 748 831 814 877; x_wconf 78' lang='lat' dir='ltr'>extra</span> <span class='ocrx_word' id='word_1_85' title='bbox 827 826 935 887; x_wconf 85' lang='lat' dir='ltr'>animam,</span> 
     </span>
     <span class='ocr_line' id='line_1_11' title="bbox 139 898 941 965; baseline 0 -18"><span class='ocrx_word' id='word_1_86' title='bbox 139 904 232 950; x_wconf 85' lang='lat' dir='ltr'>causent</span> <span class='ocrx_word' id='word_1_87' title='bbox 245 900 328 964; x_wconf 85' lang='lat' dir='ltr'>aliquid</span> <span class='ocrx_word' id='word_1_88' title='bbox 342 901 366 949; x_wconf 92' lang='lat' dir='ltr'>in</span> <span class='ocrx_word' id='word_1_89' title='bbox 376 902 540 965; x_wconf 85' lang='lat' dir='ltr'>conjunctum,</span> <span class='ocrx_word' id='word_1_90' title='bbox 552 900 576 949; x_wconf 91' lang='lat' dir='ltr'>in</span> <span class='ocrx_word' id='word_1_91' title='bbox 586 901 630 949; x_wconf 89' lang='lat' dir='ltr'>boc</span> <span class='ocrx_word' id='word_1_92' title='bbox 645 898 774 951; x_wconf 80' lang='lat' dir='ltr'>Aristoteles</span> <span class='ocrx_word' id='word_1_93' title='bbox 788 912 843 948; x_wconf 91' lang='lat' dir='ltr'>cum</span> <span class='ocrx_word' id='word_1_94' title='bbox 858 900 941 948; x_wconf 85' lang='lat' dir='ltr'>Domo-</span> 
     </span>
     <span class='ocr_line' id='line_1_12' title="bbox 139 969 942 1037; baseline -0.001 -18"><span class='ocrx_word' id='word_1_95' title='bbox 139 971 195 1021; x_wconf 89' lang='lat' dir='ltr'>crito</span> <span class='ocrx_word' id='word_1_96' title='bbox 204 969 360 1033; x_wconf 79' lang='lat' dir='ltr'>concordavit,</span> <span class='ocrx_word' id='word_1_97' title='bbox 375 974 435 1037; x_wconf 84' lang='lat' dir='ltr'>quod</span> <span class='ocrx_word' id='word_1_98' title='bbox 445 970 589 1035; x_wconf 83' lang='lat' dir='ltr'>operationes</span> <span class='ocrx_word' id='word_1_99' title='bbox 603 971 719 1021; x_wconf 79' lang='lat' dir='ltr'>sensitiva</span> <span class='ocrx_word' id='word_1_100' title='bbox 733 969 803 1033; x_wconf 86' lang='lat' dir='ltr'>partis</span> <span class='ocrx_word' id='word_1_101' title='bbox 819 974 942 1021; x_wconf 86' lang='lat' dir='ltr'>causentur</span> 
     </span>
     <span class='ocr_line' id='line_1_13' title="bbox 139 1042 941 1107; baseline -0.001 -15"><span class='ocrx_word' id='word_1_102' title='bbox 139 1056 181 1105; x_wconf 86' lang='lat' dir='ltr'>per</span> <span class='ocrx_word' id='word_1_103' title='bbox 193 1043 366 1107; x_wconf 83' lang='lat' dir='ltr'>impressionem</span> <span class='ocrx_word' id='word_1_104' title='bbox 380 1044 520 1094; x_wconf 88' lang='lat' dir='ltr'>sensibilium</span> <span class='ocrx_word' id='word_1_105' title='bbox 532 1042 557 1092; x_wconf 92' lang='lat' dir='ltr'>in</span> <span class='ocrx_word' id='word_1_106' title='bbox 568 1057 673 1106; x_wconf 87' lang='lat' dir='ltr'>seusum;</span> <span class='ocrx_word' id='word_1_107' title='bbox 685 1056 731 1092; x_wconf 90' lang='lat' dir='ltr'>non</span> <span class='ocrx_word' id='word_1_108' title='bbox 742 1056 783 1106; x_wconf 90' lang='lat' dir='ltr'>per</span> <span class='ocrx_word' id='word_1_109' title='bbox 795 1042 891 1093; x_wconf 81' lang='lat' dir='ltr'>uuiodum</span> <span class='ocrx_word' id='word_1_110' title='bbox 905 1044 941 1092; x_wconf 90' lang='lat' dir='ltr'>de·</span> 
     </span>
     <span class='ocr_line' id='line_1_14' title="bbox 141 1113 939 1179; baseline 0.003 -18"><span class='ocrx_word' id='word_1_111' title='bbox 141 1113 255 1174; x_wconf 74' lang='lat' dir='ltr'>fluxioris,</span> <span class='ocrx_word' id='word_1_112' title='bbox 265 1118 291 1163; x_wconf 91' lang='lat' dir='ltr'>nt</span> <span class='ocrx_word' id='word_1_113' title='bbox 300 1114 442 1166; x_wconf 86' lang='lat' dir='ltr'>Democritus</span> <span class='ocrx_word' id='word_1_114' title='bbox 449 1114 534 1179; x_wconf 90' lang='lat' dir='ltr'>posuit,</span> <span class='ocrx_word' id='word_1_115' title='bbox 547 1116 585 1166; x_wconf 90' lang='lat' dir='ltr'>sed</span> <span class='ocrx_word' id='word_1_116' title='bbox 593 1128 633 1178; x_wconf 91' lang='lat' dir='ltr'>per</span> <span class='ocrx_word' id='word_1_117' title='bbox 644 1114 764 1177; x_wconf 81' lang='lat' dir='ltr'>quamdam</span> <span class='ocrx_word' id='word_1_118' title='bbox 774 1114 939 1177; x_wconf 83' lang='lat' dir='ltr'>operationem.</span> 
     </span>
     <span class='ocr_line' id='line_1_15' title="bbox 140 1183 942 1249; baseline 0.004 -18"><span class='ocrx_word' id='word_1_119' title='bbox 140 1184 197 1232; x_wconf 88' lang='lat' dir='ltr'>Naro</span> <span class='ocrx_word' id='word_1_120' title='bbox 214 1187 237 1233; x_wconf 89' lang='lat' dir='ltr'>et</span> <span class='ocrx_word' id='word_1_121' title='bbox 250 1185 388 1238; x_wconf 78' lang='lat' dir='ltr'>Democritus</span> <span class='ocrx_word' id='word_1_122' title='bbox 401 1198 492 1236; x_wconf 90' lang='lat' dir='ltr'>omnem</span> <span class='ocrx_word' id='word_1_123' title='bbox 511 1184 629 1235; x_wconf 87' lang='lat' dir='ltr'>actionem-</span> <span class='ocrx_word' id='word_1_124' title='bbox 637 1184 686 1234; x_wconf 88' lang='lat' dir='ltr'>lieri</span> <span class='ocrx_word' id='word_1_125' title='bbox 696 1183 770 1249; x_wconf 92' lang='lat' dir='ltr'>posuit</span> <span class='ocrx_word' id='word_1_126' title='bbox 781 1194 823 1247; x_wconf 90' lang='lat' dir='ltr'>per</span> <span class='ocrx_word' id='word_1_127' title='bbox 832 1184 942 1235; x_wconf 78' lang='lat' dir='ltr'>influxio·</span> 
     </span>
     <span class='ocr_line' id='line_1_16' title="bbox 141 1257 941 1323; baseline 0.003 -18"><span class='ocrx_word' id='word_1_128' title='bbox 141 1269 196 1306; x_wconf 91' lang='lat' dir='ltr'>nem</span> <span class='ocrx_word' id='word_1_129' title='bbox 211 1262 351 1322; x_wconf 88' lang='lat' dir='ltr'>atomorum,</span> <span class='ocrx_word' id='word_1_130' title='bbox 362 1261 388 1307; x_wconf 87' lang='lat' dir='ltr'>ut</span> <span class='ocrx_word' id='word_1_131' title='bbox 402 1262 466 1323; x_wconf 90' lang='lat' dir='ltr'>patet</span> <span class='ocrx_word' id='word_1_132' title='bbox 481 1258 507 1307; x_wconf 92' lang='lat' dir='ltr'>in</span> <span class='ocrx_word' id='word_1_133' title='bbox 521 1257 539 1306; x_wconf 95' lang='lat' dir='ltr'>l.</span> <span class='ocrx_word' id='word_1_134' title='bbox 554 1258 592 1306; x_wconf 79' lang='lat' dir='ltr'>De</span> <span class='ocrx_word' id='word_1_135' title='bbox 609 1257 780 1308; x_wconf 79' lang='lat' dir='ltr'>Generatione.</span> <span class='ocrx_word' id='word_1_136' title='bbox 797 1257 941 1307; x_wconf 86' lang='lat' dir='ltr'>intellectum</span> 
     </span>
     <span class='ocr_line' id='line_1_17' title="bbox 141 1327 944 1393; baseline 0.001 -17"><span class='ocrx_word' id='word_1_137' title='bbox 141 1327 197 1379; x_wconf 84' lang='lat' dir='ltr'>verb</span> <span class='ocrx_word' id='word_1_138' title='bbox 208 1330 283 1393; x_wconf 89' lang='lat' dir='ltr'>posuit</span> <span class='ocrx_word' id='word_1_139' title='bbox 290 1330 422 1381; x_wconf 78' lang='lat' dir='ltr'>dustoteles</span> <span class='ocrx_word' id='word_1_140' title='bbox 432 1330 516 1388; x_wconf 83' lang='lat' dir='ltr'>babere</span> <span class='ocrx_word' id='word_1_141' title='bbox 530 1328 683 1393; x_wconf 80' lang='lat' dir='ltr'>operationem</span> <span class='ocrx_word' id='word_1_142' title='bbox 693 1328 776 1391; x_wconf 81' lang='lat' dir='ltr'>absque</span> <span class='ocrx_word' id='word_1_143' title='bbox 790 1328 944 1379; x_wconf 89' lang='lat' dir='ltr'>communica·</span> 
     </span>
     <span class='ocr_line' id='line_1_18' title="bbox 142 1398 943 1466; baseline 0.002 -19"><span class='ocrx_word' id='word_1_144' title='bbox 142 1398 205 1451; x_wconf 89' lang='lat' dir='ltr'>tione</span> <span class='ocrx_word' id='word_1_145' title='bbox 223 1400 331 1466; x_wconf 90' lang='lat' dir='ltr'>corporis.</span> <span class='ocrx_word' id='word_1_146' title='bbox 346 1402 408 1451; x_wconf 87' lang='lat' dir='ltr'>Nihil</span> <span class='ocrx_word' id='word_1_147' title='bbox 424 1406 500 1452; x_wconf 89' lang='lat' dir='ltr'>autem</span> <span class='ocrx_word' id='word_1_148' title='bbox 523 1414 656 1465; x_wconf 88' lang='lat' dir='ltr'>corporeum</span> <span class='ocrx_word' id='word_1_149' title='bbox 675 1400 805 1464; x_wconf 85' lang='lat' dir='ltr'>imprimere</span> <span class='ocrx_word' id='word_1_150' title='bbox 820 1405 902 1464; x_wconf 86' lang='lat' dir='ltr'>potest</span> <span class='ocrx_word' id='word_1_151' title='bbox 921 1400 943 1449; x_wconf 93' lang='lat' dir='ltr'>in</span> 
     </span>
     <span class='ocr_line' id='line_1_19' title="bbox 142 1471 944 1539; baseline 0.001 -19"><span class='ocrx_word' id='word_1_152' title='bbox 142 1485 191 1522; x_wconf 89' lang='lat' dir='ltr'>rem</span> <span class='ocrx_word' id='word_1_153' title='bbox 200 1474 364 1539; x_wconf 88' lang='lat' dir='ltr'>incorpoream.</span> <span class='ocrx_word' id='word_1_154' title='bbox 377 1475 406 1523; x_wconf 85' lang='lat' dir='ltr'>Et</span> <span class='ocrx_word' id='word_1_155' title='bbox 418 1473 469 1524; x_wconf 89' lang='lat' dir='ltr'>idco</span> <span class='ocrx_word' id='word_1_156' title='bbox 481 1476 509 1523; x_wconf 88' lang='lat' dir='ltr'>ad</span> <span class='ocrx_word' id='word_1_157' title='bbox 522 1471 656 1523; x_wconf 76' lang='lat' dir='ltr'>censendam</span> <span class='ocrx_word' id='word_1_158' title='bbox 669 1472 849 1522; x_wconf 87' lang='lat' dir='ltr'>intellectualem</span> <span class='ocrx_word' id='word_1_159' title='bbox 864 1486 944 1539; x_wconf 89' lang='lat' dir='ltr'>opera·</span> 
     </span>
     <span class='ocr_line' id='line_1_20' title="bbox 143 1544 946 1609; baseline 0.002 -16"><span class='ocrx_word' id='word_1_160' title='bbox 143 1544 242 1609; x_wconf 86' lang='lat' dir='ltr'>tionem,</span> <span class='ocrx_word' id='word_1_161' title='bbox 256 1546 379 1597; x_wconf 91' lang='lat' dir='ltr'>secundum</span> <span class='ocrx_word' id='word_1_162' title='bbox 388 1546 540 1609; x_wconf 71' lang='lat' dir='ltr'>Aristotelem,</span> <span class='ocrx_word' id='word_1_163' title='bbox 551 1560 597 1597; x_wconf 92' lang='lat' dir='ltr'>non</span> <span class='ocrx_word' id='word_1_164' title='bbox 610 1545 751 1596; x_wconf 76' lang='lat' dir='ltr'>sulicitsola</span> <span class='ocrx_word' id='word_1_165' title='bbox 763 1545 890 1609; x_wconf 87' lang='lat' dir='ltr'>impressio</span> <span class='ocrx_word' id='word_1_166' title='bbox 898 1559 946 1596; x_wconf 91' lang='lat' dir='ltr'>sen-</span> 
     </span>
     <span class='ocr_line' id='line_1_21' title="bbox 145 1616 945 1683; baseline 0 -18"><span class='ocrx_word' id='word_1_167' title='bbox 145 1616 244 1666; x_wconf 88' lang='lat' dir='ltr'>sibilium</span> <span class='ocrx_word' id='word_1_168' title='bbox 253 1630 372 1680; x_wconf 89' lang='lat' dir='ltr'>eorporum</span> <span class='ocrx_word' id='word_1_169' title='bbox 381 1635 387 1682; x_wconf 90' lang='lat'>;</span> <span class='ocrx_word' id='word_1_170' title='bbox 396 1619 436 1669; x_wconf 90' lang='lat' dir='ltr'>sed</span> <span class='ocrx_word' id='word_1_171' title='bbox 445 1617 567 1683; x_wconf 86' lang='lat' dir='ltr'>requiritur</span> <span class='ocrx_word' id='word_1_172' title='bbox 576 1617 660 1682; x_wconf 85' lang='lat' dir='ltr'>aliquid</span> <span class='ocrx_word' id='word_1_173' title='bbox 671 1616 779 1675; x_wconf 68' lang='lat' dir='ltr'>nobiliusg</span> <span class='ocrx_word' id='word_1_174' title='bbox 788 1616 842 1681; x_wconf 81' lang='lat' dir='ltr'>quia</span> <span class='ocrx_word' id='word_1_175' title='bbox 853 1635 871 1665; x_wconf 89' lang='lat'>«</span> <span class='ocrx_word' id='word_1_176' title='bbox 878 1630 945 1681; x_wconf 89' lang='lat' dir='ltr'>agens</span> 
     </span>
     <span class='ocr_line' id='line_1_22' title="bbox 144 1687 944 1760; baseline 0 -23"><span class='ocrx_word' id='word_1_177' title='bbox 144 1690 180 1737; x_wconf 91' lang='lat' dir='ltr'>est</span> <span class='ocrx_word' id='word_1_178' title='bbox 193 1687 347 1739; x_wconf 81' lang='lat' dir='ltr'>honorabilius</span> <span class='ocrx_word' id='word_1_179' title='bbox 359 1689 466 1760; x_wconf 76' lang='lat' dir='ltr'>patiente.</span> <span class='ocrx_word' id='word_1_180' title='bbox 482 1707 495 1737; x_wconf 86' lang='lat' dir='ltr'>u</span> <span class='ocrx_word' id='word_1_181' title='bbox 510 1694 535 1739; x_wconf 91' lang='lat' dir='ltr'>ut</span> <span class='ocrx_word' id='word_1_182' title='bbox 550 1689 599 1754; x_wconf 85' lang='lat' dir='ltr'>ipse</span> <span class='ocrx_word' id='word_1_183' title='bbox 609 1688 669 1739; x_wconf 91' lang='lat' dir='ltr'>dicit.</span> <span class='ocrx_word' id='word_1_184' title='bbox 684 1689 734 1738; x_wconf 89' lang='lat' dir='ltr'>Non</span> <span class='ocrx_word' id='word_1_185' title='bbox 749 1691 826 1737; x_wconf 89' lang='lat' dir='ltr'>tamen</span> <span class='ocrx_word' id='word_1_186' title='bbox 838 1688 944 1755; x_wconf 81' lang='lat' dir='ltr'>itaquid</span> 
     </span>
     <span class='ocr_line' id='line_1_23' title="bbox 144 1758 944 1824; baseline 0.004 -18"><span class='ocrx_word' id='word_1_187' title='bbox 144 1758 303 1809; x_wconf 88' lang='lat' dir='ltr'>intellectualis</span> <span class='ocrx_word' id='word_1_188' title='bbox 318 1762 419 1823; x_wconf 87' lang='lat' dir='ltr'>operatio</span> <span class='ocrx_word' id='word_1_189' title='bbox 437 1767 543 1813; x_wconf 86' lang='lat' dir='ltr'>causetur</span> <span class='ocrx_word' id='word_1_190' title='bbox 560 1762 584 1812; x_wconf 91' lang='lat' dir='ltr'>in</span> <span class='ocrx_word' id='word_1_191' title='bbox 601 1760 666 1811; x_wconf 91' lang='lat' dir='ltr'>nobis</span> <span class='ocrx_word' id='word_1_192' title='bbox 685 1773 712 1810; x_wconf 84' lang='lat' dir='ltr'>cx</span> <span class='ocrx_word' id='word_1_193' title='bbox 728 1760 777 1810; x_wconf 88' lang='lat' dir='ltr'>sola</span> <span class='ocrx_word' id='word_1_194' title='bbox 791 1760 944 1824; x_wconf 84' lang='lat' dir='ltr'>impressione</span> 
     </span>
     <span class='ocr_line' id='line_1_24' title="bbox 146 1830 946 1897; baseline 0.008 -19"><span class='ocrx_word' id='word_1_195' title='bbox 146 1830 272 1893; x_wconf 84' lang='lat' dir='ltr'>aliquarum</span> <span class='ocrx_word' id='word_1_196' title='bbox 280 1844 356 1881; x_wconf 86' lang='lat' dir='ltr'>rerum</span> <span class='ocrx_word' id='word_1_197' title='bbox 367 1835 523 1897; x_wconf 87' lang='lat' dir='ltr'>superiorum,</span> <span class='ocrx_word' id='word_1_198' title='bbox 534 1838 559 1883; x_wconf 92' lang='lat' dir='ltr'>ut</span> <span class='ocrx_word' id='word_1_199' title='bbox 572 1834 637 1884; x_wconf 84' lang='lat' dir='ltr'>Plato</span> <span class='ocrx_word' id='word_1_200' title='bbox 652 1832 742 1896; x_wconf 77' lang='lat' dir='ltr'>posuit3</span> <span class='ocrx_word' id='word_1_201' title='bbox 758 1832 798 1881; x_wconf 92' lang='lat' dir='ltr'>sed</span> <span class='ocrx_word' id='word_1_202' title='bbox 808 1832 865 1883; x_wconf 91' lang='lat' dir='ltr'>illud</span> <span class='ocrx_word' id='word_1_203' title='bbox 883 1846 946 1897; x_wconf 86' lang='lat' dir='ltr'>supe-</span> 
     </span>
     <span class='ocr_line' id='line_1_25' title="bbox 147 1892 978 1973; baseline 0.004 -23"><span class='ocrx_word' id='word_1_204' title='bbox 147 1902 194 1951; x_wconf 91' lang='lat' dir='ltr'>rins</span> <span class='ocrx_word' id='word_1_205' title='bbox 207 1906 231 1952; x_wconf 89' lang='lat' dir='ltr'>et</span> <span class='ocrx_word' id='word_1_206' title='bbox 244 1901 341 1952; x_wconf 90' lang='lat' dir='ltr'>nobilius</span> <span class='ocrx_word' id='word_1_207' title='bbox 354 1916 439 1967; x_wconf 78' lang='lat' dir='ltr'>agcuS,</span> <span class='ocrx_word' id='word_1_208' title='bbox 459 1908 525 1955; x_wconf 90' lang='lat' dir='ltr'>vocat</span> <span class='ocrx_word' id='word_1_209' title='bbox 539 1904 693 1973; x_wconf 78' lang='lat' dir='ltr'>intellectum</span> <span class='ocrx_word' id='word_1_210' title='bbox 707 1906 834 1967; x_wconf 75' lang='lat' dir='ltr'>aperilem,</span> <span class='ocrx_word' id='word_1_211' title='bbox 848 1906 888 1967; x_wconf 67' lang='lat' dir='ltr'>,de</span> <span class='ocrx_word' id='word_1_212' title='bbox 904 1916 945 1967; x_wconf 91' lang='lat' dir='ltr'>quo</span> <span class='ocrx_word' id='word_1_213' title='bbox 977 1892 978 1953; x_wconf 78' lang='lat' dir='ltr'>l</span> 
     </span>
     <span class='ocr_line' id='line_1_26' title="bbox 144 1971 946 2041; baseline 0.002 -20"><span class='ocrx_word' id='word_1_214' title='bbox 144 1971 193 2035; x_wconf 87' lang='lat' dir='ltr'>jam</span> <span class='ocrx_word' id='word_1_215' title='bbox 207 1987 275 2037; x_wconf 90' lang='lat' dir='ltr'>supra</span> <span class='ocrx_word' id='word_1_216' title='bbox 284 1973 383 2025; x_wconf 84' lang='lat' dir='ltr'>diximus</span> <span class='ocrx_word' id='word_1_217' title='bbox 392 1975 441 2041; x_wconf 86' lang='lat' dir='ltr'>(qu.</span> <span class='ocrx_word' id='word_1_218' title='bbox 455 1980 494 2037; x_wconf 82' lang='lat'>79,</span> <span class='ocrx_word' id='word_1_219' title='bbox 506 1980 548 2025; x_wconf 86' lang='lat' dir='ltr'>art.</span> <span class='ocrx_word' id='word_1_220' title='bbox 561 1981 574 2025; x_wconf 84' lang='lat'><strong>3</strong></span> <span class='ocrx_word' id='word_1_221' title='bbox 586 1974 639 2039; x_wconf 85' lang='lat' dir='ltr'>etl)</span> <span class='ocrx_word' id='word_1_222' title='bbox 650 1976 708 2039; x_wconf 85' lang='lat' dir='ltr'>quod</span> <span class='ocrx_word' id='word_1_223' title='bbox 721 1974 777 2024; x_wconf 85' lang='lat' dir='ltr'>tacit</span> <span class='ocrx_word' id='word_1_224' title='bbox 786 1976 946 2040; x_wconf 84' lang='lat' dir='ltr'>phantasmata</span> 
     </span>
     <span class='ocr_line' id='line_1_27' title="bbox 148 2044 978 2113; baseline 0.002 -20"><span class='ocrx_word' id='word_1_225' title='bbox 148 2044 161 2093; x_wconf 81' lang='lat' dir='ltr'>d</span> <span class='ocrx_word' id='word_1_226' title='bbox 176 2044 279 2095; x_wconf 90' lang='lat' dir='ltr'>sensibus</span> <span class='ocrx_word' id='word_1_227' title='bbox 292 2050 387 2110; x_wconf 84' lang='lat' dir='ltr'>accepta</span> <span class='ocrx_word' id='word_1_228' title='bbox 401 2047 550 2111; x_wconf 81' lang='lat' dir='ltr'>intelligibilia</span> <span class='ocrx_word' id='word_1_229' title='bbox 565 2047 589 2099; x_wconf 91' lang='lat' dir='ltr'>in</span> <span class='ocrx_word' id='word_1_230' title='bbox 603 2052 667 2109; x_wconf 87' lang='lat' dir='ltr'>actu,</span> <span class='ocrx_word' id='word_1_231' title='bbox 682 2060 723 2110; x_wconf 91' lang='lat' dir='ltr'>per</span> <span class='ocrx_word' id='word_1_232' title='bbox 740 2048 832 2097; x_wconf 91' lang='lat' dir='ltr'>modum</span> <span class='ocrx_word' id='word_1_233' title='bbox 845 2048 945 2099; x_wconf 84' lang='lat' dir='ltr'>abstrac-</span> <span class='ocrx_word' id='word_1_234' title='bbox 977 2056 978 2113; x_wconf 78' lang='lat' dir='ltr'>l</span> 
     </span>
     <span class='ocr_line' id='line_1_28' title="bbox 147 2116 978 2183; baseline 0.004 -19"><span class='ocrx_word' id='word_1_235' title='bbox 147 2116 216 2166; x_wconf 88' lang='lat' dir='ltr'>tionis</span> <span class='ocrx_word' id='word_1_236' title='bbox 227 2117 354 2181; x_wconf 85' lang='lat' dir='ltr'>cujusdam.</span> <span class='ocrx_word' id='word_1_237' title='bbox 368 2120 497 2169; x_wconf 60' lang='lat' dir='ltr'>&amp;cundum</span> <span class='ocrx_word' id='word_1_238' title='bbox 509 2120 553 2169; x_wconf 88' lang='lat' dir='ltr'>boc</span> <span class='ocrx_word' id='word_1_239' title='bbox 563 2133 627 2183; x_wconf 76' lang='lat' dir='ltr'>ergo,</span> <span class='ocrx_word' id='word_1_240' title='bbox 637 2132 665 2169; x_wconf 88' lang='lat' dir='ltr'>ex</span> <span class='ocrx_word' id='word_1_241' title='bbox 675 2122 740 2183; x_wconf 88' lang='lat' dir='ltr'>parte</span> <span class='ocrx_word' id='word_1_242' title='bbox 750 2120 943 2183; x_wconf 89' lang='lat' dir='ltr'>phantasmatum,</span> <span class='ocrx_word' id='word_1_243' title='bbox 977 2152 978 2167; x_wconf 49' lang='lat' dir='ltr'>i</span> 
     </span>
     <span class='ocr_line' id='line_1_29' title="bbox 148 2188 947 2254; baseline 0 -17"><span class='ocrx_word' id='word_1_244' title='bbox 148 2188 308 2250; x_wconf 88' lang='lat' dir='ltr'>intellectualis</span> <span class='ocrx_word' id='word_1_245' title='bbox 322 2191 423 2254; x_wconf 89' lang='lat' dir='ltr'>operatio</span> <span class='ocrx_word' id='word_1_246' title='bbox 438 2189 530 2241; x_wconf 81' lang='lat' dir='ltr'>&#39;asensn</span> <span class='ocrx_word' id='word_1_247' title='bbox 543 2196 657 2244; x_wconf 84' lang='lat' dir='ltr'>causatur.</span> <span class='ocrx_word' id='word_1_248' title='bbox 669 2191 713 2240; x_wconf 89' lang='lat' dir='ltr'>Sed</span> <span class='ocrx_word' id='word_1_249' title='bbox 727 2189 779 2254; x_wconf 82' lang='lat' dir='ltr'>quia</span> <span class='ocrx_word' id='word_1_250' title='bbox 791 2190 947 2254; x_wconf 86' lang='lat' dir='ltr'>phantasmata</span> 
     </span>
     <span class='ocr_line' id='line_1_30' title="bbox 149 2255 950 2327; baseline -0.001 -19"><span class='ocrx_word' id='word_1_251' title='bbox 149 2272 195 2309; x_wconf 92' lang='lat' dir='ltr'>non</span> <span class='ocrx_word' id='word_1_252' title='bbox 216 2255 332 2310; x_wconf 82' lang='lat' dir='ltr'>sufficiunt</span> <span class='ocrx_word' id='word_1_253' title='bbox 346 2262 465 2312; x_wconf 86' lang='lat' dir='ltr'>immutare</span> <span class='ocrx_word' id='word_1_254' title='bbox 485 2262 624 2313; x_wconf 90' lang='lat' dir='ltr'>intellectum</span> <span class='ocrx_word' id='word_1_255' title='bbox 638 2261 786 2325; x_wconf 83' lang='lat' dir='ltr'>possibilem,</span> <span class='ocrx_word' id='word_1_256' title='bbox 802 2264 843 2313; x_wconf 91' lang='lat' dir='ltr'>sed</span> <span class='ocrx_word' id='word_1_257' title='bbox 864 2261 950 2327; x_wconf 88' lang='lat' dir='ltr'>oportet</span> 
     </span>
     <span class='ocr_line' id='line_1_31' title="bbox 148 2332 978 2399; baseline 0.001 -19"><span class='ocrx_word' id='word_1_258' title='bbox 148 2332 209 2394; x_wconf 85' lang='lat' dir='ltr'>qnod</span> <span class='ocrx_word' id='word_1_259' title='bbox 224 2333 279 2381; x_wconf 90' lang='lat' dir='ltr'>liant</span> <span class='ocrx_word' id='word_1_260' title='bbox 290 2334 439 2397; x_wconf 79' lang='lat' dir='ltr'>intelligibilia</span> <span class='ocrx_word' id='word_1_261' title='bbox 453 2339 505 2383; x_wconf 90' lang='lat' dir='ltr'>actu</span> <span class='ocrx_word' id='word_1_262' title='bbox 516 2348 556 2397; x_wconf 90' lang='lat' dir='ltr'>per</span> <span class='ocrx_word' id='word_1_263' title='bbox 568 2332 707 2383; x_wconf 86' lang='lat' dir='ltr'>intellectum</span> <span class='ocrx_word' id='word_1_264' title='bbox 718 2337 837 2399; x_wconf 61' lang='lat' dir='ltr'>agentem</span> <span class='ocrx_word' id='word_1_265' title='bbox 849 2349 896 2385; x_wconf 92' lang='lat' dir='ltr'>non</span> <span class='ocrx_word' id='word_1_266' title='bbox 911 2345 947 2396; x_wconf 89' lang='lat' dir='ltr'>pc·</span> <span class='ocrx_word' id='word_1_267' title='bbox 977 2374 978 2377; x_wconf 68' lang='grc'>,</span> 
     </span>
     <span class='ocr_line' id='line_1_32' title="bbox 149 2378 978 2473; baseline 0 -20"><span class='ocrx_word' id='word_1_268' title='bbox 149 2407 194 2453; x_wconf 89' lang='lat' dir='ltr'>test</span> <span class='ocrx_word' id='word_1_269' title='bbox 209 2404 267 2468; x_wconf 89' lang='lat' dir='ltr'>dici,</span> <span class='ocrx_word' id='word_1_270' title='bbox 280 2404 338 2468; x_wconf 84' lang='lat' dir='ltr'>qrubd</span> <span class='ocrx_word' id='word_1_271' title='bbox 351 2405 465 2455; x_wconf 91' lang='lat' dir='ltr'>sensibilis</span> <span class='ocrx_word' id='word_1_272' title='bbox 479 2405 578 2468; x_wconf 85' lang='lat' dir='ltr'>cognitio</span> <span class='ocrx_word' id='word_1_273' title='bbox 594 2406 623 2455; x_wconf 91' lang='lat' dir='ltr'>sit</span> <span class='ocrx_word' id='word_1_274' title='bbox 637 2404 713 2455; x_wconf 93' lang='lat' dir='ltr'>totalis</span> <span class='ocrx_word' id='word_1_275' title='bbox 725 2409 751 2473; x_wconf 80' lang='lat' dir='ltr'>et</span> <span class='ocrx_word' id='word_1_276' title='bbox 766 2406 870 2470; x_wconf 88' lang='lat' dir='ltr'>perlecta</span> <span class='ocrx_word' id='word_1_277' title='bbox 888 2414 950 2459; x_wconf 88' lang='lat' dir='ltr'>causa</span> <span class='ocrx_word' id='word_1_278' title='bbox 977 2378 978 2455; x_wconf 65' lang='lat' dir='ltr'>l</span> 
     </span>
     <span class='ocr_line' id='line_1_33' title="bbox 150 2474 948 2541; baseline -0.001 -18"><span class='ocrx_word' id='word_1_279' title='bbox 150 2474 308 2526; x_wconf 86' lang='lat' dir='ltr'>intellectualis</span> <span class='ocrx_word' id='word_1_280' title='bbox 322 2476 472 2539; x_wconf 83' lang='lat' dir='ltr'>cognitionis,</span> <span class='ocrx_word' id='word_1_281' title='bbox 483 2478 523 2527; x_wconf 89' lang='lat' dir='ltr'>sed</span> <span class='ocrx_word' id='word_1_282' title='bbox 537 2476 608 2540; x_wconf 88' lang='lat' dir='ltr'>magis</span> <span class='ocrx_word' id='word_1_283' title='bbox 626 2478 791 2541; x_wconf 81' lang='lat' dir='ltr'>quodammodo</span> <span class='ocrx_word' id='word_1_284' title='bbox 806 2482 843 2527; x_wconf 89' lang='lat' dir='ltr'>est</span> <span class='ocrx_word' id='word_1_285' title='bbox 859 2476 948 2529; x_wconf 88' lang='lat' dir='ltr'>materia</span> 
     </span>
     <span class='ocr_line' id='line_1_34' title="bbox 150 2560 978 2599; baseline -0.002 -2"><span class='ocrx_word' id='word_1_286' title='bbox 150 2560 231 2599; x_wconf 81' lang='lat' dir='ltr'>causac.</span> <span class='ocrx_word' id='word_1_287' title='bbox 977 2592 978 2595; x_wconf 76' lang='grc'>,</span> 
     </span>
     <span class='ocr_line' id='line_1_35' title="bbox 183 2619 978 2686; baseline -0.003 -17"><span class='ocrx_word' id='word_1_288' title='bbox 183 2621 217 2669; x_wconf 82' lang='lat' dir='ltr'>ld</span> <span class='ocrx_word' id='word_1_289' title='bbox 230 2620 327 2685; x_wconf 90' lang='lat' dir='ltr'>primum</span> <span class='ocrx_word' id='word_1_290' title='bbox 344 2633 397 2682; x_wconf 86' lang='lat' dir='ltr'>ergo</span> <span class='ocrx_word' id='word_1_291' title='bbox 410 2619 544 2680; x_wconf 88' lang='lat' dir='ltr'>dicendum,</span> <span class='ocrx_word' id='word_1_292' title='bbox 559 2620 618 2684; x_wconf 79' lang='lat' dir='ltr'>quid</span> <span class='ocrx_word' id='word_1_293' title='bbox 637 2635 678 2685; x_wconf 86' lang='lat' dir='ltr'>per</span> <span class='ocrx_word' id='word_1_294' title='bbox 695 2622 764 2671; x_wconf 89' lang='lat' dir='ltr'>verba</span> <span class='ocrx_word' id='word_1_295' title='bbox 776 2619 817 2671; x_wconf 91' lang='lat' dir='ltr'>illa</span> <span class='ocrx_word' id='word_1_296' title='bbox 836 2619 949 2686; x_wconf 76' lang='lat' dir='ltr'>Augustini</span> <span class='ocrx_word' id='word_1_297' title='bbox 977 2640 978 2655; x_wconf 54' lang='lat' dir='ltr'>r</span> 
     </span>
     <span class='ocr_line' id='line_1_36' title="bbox 153 2690 949 2759; baseline 0.004 -19"><span class='ocrx_word' id='word_1_298' title='bbox 153 2691 218 2741; x_wconf 88' lang='lat' dir='ltr'>datur</span> <span class='ocrx_word' id='word_1_299' title='bbox 234 2690 329 2753; x_wconf 87' lang='lat' dir='ltr'>intelligi</span> <span class='ocrx_word' id='word_1_300' title='bbox 344 2690 404 2754; x_wconf 88' lang='lat' dir='ltr'>qubd</span> <span class='ocrx_word' id='word_1_301' title='bbox 417 2693 504 2742; x_wconf 88' lang='lat' dir='ltr'>veritas</span> <span class='ocrx_word' id='word_1_302' title='bbox 514 2706 560 2742; x_wconf 90' lang='lat' dir='ltr'>non</span> <span class='ocrx_word' id='word_1_303' title='bbox 573 2693 603 2741; x_wconf 90' lang='lat' dir='ltr'>sil</span> <span class='ocrx_word' id='word_1_304' title='bbox 618 2694 717 2744; x_wconf 84' lang='lat' dir='ltr'>totaliter</span> <span class='ocrx_word' id='word_1_305' title='bbox 731 2693 857 2745; x_wconf 82' lang='lat' dir='ltr'>deensibus</span> <span class='ocrx_word' id='word_1_306' title='bbox 871 2707 949 2759; x_wconf 82' lang='lat' dir='ltr'>expen-</span> 
     </span>
     <span class='ocr_line' id='line_1_37' title="bbox 152 2762 978 2829; baseline 0 -18"><span class='ocrx_word' id='word_1_307' title='bbox 152 2764 228 2812; x_wconf 89' lang='lat' dir='ltr'>tauda.</span> <span class='ocrx_word' id='word_1_308' title='bbox 246 2762 374 2825; x_wconf 86' lang='lat' dir='ltr'>Requiritur</span> <span class='ocrx_word' id='word_1_309' title='bbox 392 2763 453 2813; x_wconf 89' lang='lat' dir='ltr'>enim</span> <span class='ocrx_word' id='word_1_310' title='bbox 475 2764 550 2813; x_wconf 89' lang='lat' dir='ltr'>lumen</span> <span class='ocrx_word' id='word_1_311' title='bbox 568 2762 697 2815; x_wconf 90' lang='lat' dir='ltr'>intellectus</span> <span class='ocrx_word' id='word_1_312' title='bbox 715 2765 817 2827; x_wconf 89' lang='lat' dir='ltr'>agentis,</span> <span class='ocrx_word' id='word_1_313' title='bbox 837 2781 878 2829; x_wconf 90' lang='lat' dir='ltr'>per</span> <span class='ocrx_word' id='word_1_314' title='bbox 892 2762 946 2829; x_wconf 83' lang='lat' dir='ltr'>quod</span> <span class='ocrx_word' id='word_1_315' title='bbox 977 2806 978 2821; x_wconf 16' lang='grc' dir='ltr'>ζ</span> 
     </span>
     <span class='ocr_line' id='line_1_38' title="bbox 152 2830 949 2901; baseline 0.001 -19"><span class='ocrx_word' id='word_1_316' title='bbox 152 2835 321 2885; x_wconf 90' lang='lat' dir='ltr'>immutabiliter</span> <span class='ocrx_word' id='word_1_317' title='bbox 334 2833 452 2885; x_wconf 81' lang='lat' dir='ltr'>veritatem</span> <span class='ocrx_word' id='word_1_318' title='bbox 466 2834 491 2885; x_wconf 92' lang='lat' dir='ltr'>in</span> <span class='ocrx_word' id='word_1_319' title='bbox 507 2830 574 2885; x_wconf 89' lang='lat' dir='ltr'>rebus</span> <span class='ocrx_word' id='word_1_320' title='bbox 588 2836 733 2888; x_wconf 89' lang='lat' dir='ltr'>mutabilibus</span> <span class='ocrx_word' id='word_1_321' title='bbox 747 2850 916 2901; x_wconf 86' lang='lat' dir='ltr'>cognoscamus,</span> <span class='ocrx_word' id='word_1_322' title='bbox 928 2836 949 2883; x_wconf 89' lang='lat' dir='ltr'>ct</span> 
     </span>
     <span class='ocr_line' id='line_1_39' title="bbox 152 2904 978 2981; baseline 0.004 -25"><span class='ocrx_word' id='word_1_323' title='bbox 152 2908 306 2957; x_wconf 89' lang='lat' dir='ltr'>discernamus</span> <span class='ocrx_word' id='word_1_324' title='bbox 317 2905 601 2971; x_wconf 77' lang='lat' dir='ltr'>ipsasisimilitudinibus</span> <span class='ocrx_word' id='word_1_325' title='bbox 611 2921 692 2981; x_wconf 87' lang='lat' dir='ltr'>rerum.</span> <span class='ocrx_word' id='word_1_326' title='bbox 776 2950 779 2959; x_wconf 89' lang='lat'><em>.</em></span> <span class='ocrx_word' id='word_1_327' title='bbox 977 2904 978 2935; x_wconf 71' lang='lat'>³</span> 
     </span>
    </p>
   </div>
   <div class='ocr_carea' id='block_1_3' title="bbox 0 0 1014 3309">
    <p class='ocr_par' dir='ltr' id='par_1_3' title="bbox 0 0 1014 3309">
     <span class='ocr_line' id='line_1_40' title="bbox 0 0 1014 3309; baseline 0 0"><span class='ocrx_word' id='word_1_328' title='bbox 0 0 1014 3309; x_wconf 95' lang='lat' dir='ltr'> </span> 
     </span>
    </p>
   </div>
  </div>
 </body>
</html>
