1984 3309
63 796 106 872 J

151 166 197 227 'tot
342 191 403 229 rana
418 193 440 242 r,
455 192 548 237 onnon
565 194 651 245 nxxrr,
669 194 725 233 nur.
742 196 760 234 ι.

150 264 238 317 ratione
251 264 512 333 intellectiriprincipii;
526 268 689 321 intellectirnm
703 284 756 337 ergo
766 272 905 341 principium
917 282 952 329 est

149 336 222 387 torma
236 337 341 389 lominis.

181 407 438 472 (concinno-Cim
451 412 589 477 principium
604 412 769 466 intellectivum
781 416 812 467 sit
822 430 868 482 qno
876 419 951 483 primo

148 477 254 543 intelligit
264 481 346 544 nomo,
359 482 408 533 sire
421 488 515 534 uocetur
532 484 672 550 intellectus,
686 487 735 537 siue
749 488 826 539 anima
839 488 952 543 intellec-

149 548 205 612 lira,
216 564 308 603 necesse
319 557 354 603 est
366 553 441 616 ipsum
454 554 526 623 uniri,
538 556 627 621 corpori
640 558 738 609 ltnmano
750 562 775 607 nt
789 560 908 626 formam.)

180 621 315 685 despondeo
330 622 462 688 dicendum,
474 625 534 690 qnod
554 640 653 678 necesse
661 632 695 679 est
712 628 789 679 dicere
802 630 865 694 qnod
882 633 953 685 intel-

148 691 233 762 lectus,
247 694 285 757 qni
304 697 339 745 est
355 694 513 747 intellectualis
530 698 668 762 operationis
686 700 842 767 principium,
859 692 953 777 iffi·

148 765 211 836 tnani
224 766 324 836 corporis
334 768 415 837 torma.
430 770 487 833 lllnd
499 770 573 833 eninr,
586 784 631 835 qno
641 772 716 841 primo
729 772 952 851 trliquiri„imeretur”²

147 840 183 886 est
192 836 263 887 torma
273 829 332 902 ejus,
341 838 379 888 cui
387 831 489 907 operatio
499 842 634 908 attribuitur.
643 843 706 894 Sicut
718 844 762 909 q'uo
771 846 846 909 primo
857 842 954 901 §anatur

149 921 246 973 corpus,
257 913 293 959 est
307 908 406 975 sanitas3
429 915 452 962 et
465 926 510 976 qno
528 913 600 977 ptimo
618 914 661 964 scit
681 915 770 979 anima,
787 922 823 967 est
841 920 952 973 scientia.
979 962 980 1001 ,

148 981 213 1031 Unde
223 982 308 1031 sanitas
316 987 353 1032 eat
362 983 434 1033 torma
446 984 557 1049 corporis,
572 990 595 1036 et
604 985 743 1037 scientiaest
753 986 826 1039 forma
835 993 953 1055 quodam-
979 1002 980 1041 ι

146 1053 212 1102 modo
221 1051 310 1103 anima.
322 1054 351 1103 Et
359 1054 428 1118 liujus
436 1054 494 1105 ratio
503 1059 551 1117 est,
564 1057 617 1119 quia
632 1057 688 1108 nihil
698 1058 754 1121 agit,
764 1056 812 1109 *nisi
822 1062 954 1117 secundum
979 1056 980 1125 Ξ

146 1124 206 1186 qnod
218 1129 254 1174 est
264 1128 325 1175 actu.
337 1125 402 1175 Unde
415 1139 459 1188 quo
473 1125 557 1189 aliquid
570 1131 606 1178 est
615 1133 680 1191 actu,
691 1143 719 1180 eo
730 1130 784 1193 ugit.
801 1130 954 1187 Manifestum
979 1132 980 1191 3

79 1194 108 1247 s
146 1198 182 1244 est
195 1198 280 1259 antem,
291 1196 352 1261 qndd
363 1197 470 1260 pdmnm,
479 1211 525 1263 quio
536 1211 616 1263 corpus
627 1200 692 1265 uiuit,
707 1205 742 1252 est
753 1202 839 1255 anima.
855 1206 887 1255 Et
897 1220 955 1259 cum
979 1216 980 1267 t

144 1264 192 1315 rita
213 1266 371 1318 manifestetur
387 1269 511 1319 secundnm
530 1269 631 1321 diversas
647 1272 791 1335 operationes
808 1274 834 1324 in
851 1276 956 1332 dirersis
979 1270 980 1337 Ῐ

146 1337 252 1401 gradibus
262 1339 403 1403 virentium,
417 1340 440 1390 id
452 1353 497 1405 qno
507 1340 580 1405 primo
589 1354 709 1404 operamur
718 1348 899 1412 unumquodque
914 1351 953 1416 (l)
979 1360 980 1419 1

145 1410 226 1459 horum
239 1424 333 1474 operum
347 1411 419 1471 rite,
432 1417 467 1463 est
484 1412 567 1461 anima.
584 1412 665 1463 Anima
681 1414 742 1464 enim
753 1420 789 1465 est
802 1434 817 1463 ιι
830 1418 953 1484 primurn,

144 1492 189 1542 qno
201 1482 326 1542 nutrimur,
337 1485 362 1531 et
376 1484 503 1544 sentimus,
518 1486 541 1533 et
559 1496 675 1533 moremur
688 1484 813 1536 seeundum
824 1487 914 1555 locum,
931 1498 956 1544 et

146 1549 249 1601 similiter
258 1565 302 1614 qno
317 1552 391 1616 primo
405 1552 561 1618 intelligimus.
575 1570 589 1601 n
602 1554 649 1605 lloc
661 1569 715 1619 ergo
729 1558 891 1627 principium,
907 1578 956 1629 quo

93 1650 113 1682 μ
143 1621 219 1685 primd
229 1622 396 1687 intelligimus,
407 1623 456 1674 sire
472 1624 558 1675 dicatur
571 1626 711 1691 intellectus,
725 1626 773 1678 siue
789 1630 869 1681 anima
884 1635 957 1686 intel-
979 1638 980 1691 t

143 1691 235 1754 lectita,
249 1698 285 1743 est
297 1694 369 1744 iorma
379 1696 487 1759 corporis.
501 1696 529 1743 Et
538 1696 586 1747 ltaec
596 1701 631 1748 est
642 1698 805 1751 demonstratio
819 1704 957 1758 Aristotelis
979 1712 980 1771 ι

143 1762 169 1812 in
182 1764 344 1813 lIDeour'mo
355 1768 424 1829 (text.
437 1767 487 1830 at).
501 1767 526 1817 si
538 1768 588 1830 quis
598 1772 675 1819 antem
685 1770 740 1822 velit
753 1770 840 1835 dicere,
850 1776 957 1829 animam
979 1774 980 1845 l

142 1833 305 1886 intellectivam
319 1850 364 1887 non
374 1850 425 1888 esse
435 1840 646 1903 eorporislormam
660 1846 762 1907 oportet,
774 1843 834 1907 qnod
844 1846 958 1901 inveniat

144 1908 235 1957 modum
251 1921 296 1970 quo
305 1908 350 1958 ista
367 1909 440 1972 actio,
453 1924 504 1974 qute
519 1916 554 1961 est
572 1911 712 1979 intelligere,
726 1914 756 1965 sit
766 1916 836 1979 liujus
847 1918 958 1972 hominis

144 1977 212 2028 actio.
229 1978 350 2043 Experitnr
362 1980 423 2030 enim
441 1982 598 2048 unusquisqne
615 1986 716 2051 seipsum
735 2000 806 2049 esse,
824 1990 868 2053 qui
883 1993 959 2060 intel-

143 2048 201 2116 ligit.
217 2051 353 2101 Attribnitur
365 2056 442 2103 autem
453 2054 530 2118 aliqua
544 2056 603 2105 actio
621 2056 688 2106 alicui
702 2057 831 2123 tripliciter,
847 2056 960 2129 culpator
979 2072 980 2119 t

144 2134 185 2185 per
198 2122 376 2187 Philosophum,
391 2124 419 2188 ll,
436 2124 510 2190 Phys.
527 2127 570 2191 (a).
585 2126 744 2185 diciturenim
756 2142 851 2183 morere
863 2136 959 2201 aliquid
979 2130 980 2185 l

176 2275 209 2339 (l)
227 2280 286 2324 Hinc
306 2278 401 2329 Genea„
414 2281 437 2336 1,
453 2292 514 2327 vers.
529 2280 569 2341 nt,
581 2284 708 2340 appelletur
723 2285 923 2343 animantem,
933 2302 959 2341 et

143 2340 243 2385 hominis
262 2341 338 2387 anima
356 2342 475 2398 'speciatim
489 2356 530 2400 per
547 2345 685 2401 spiraculum
706 2346 771 2401 vitam
792 2348 896 2403 Gener„
919 2359 957 2417 11,
979 2352 980 2407 ι

142 2415 203 2448 vero.
223 2402 408 2463 ¹1,·cxprimitur,
424 2410 450 2449 nt
462 2413 486 2451 et
500 2409 590 2453 mtimoe
604 2420 689 2453 nornen
704 2410 789 2465 passim
803 2424 848 2467 pro
864 2417 957 2466 vitain

143 2466 271 2522 scripturis.
979 2480 980 2487 ’

177 2532 208 2596 (2)
227 2538 345 2595 colligitur
357 2550 386 2583 ex
395 2536 495 2597 textui,
510 2538 551 2584 ulti
562 2540 648 2597 aliquid
662 2543 698 2587 vel
712 2542 796 2588 mutari
808 2544 899 2593 dicitur
912 2565 959 2609 per

144 2600 250 2645 accidens
265 2596 305 2660 (nt
319 2600 371 2645 cuim
389 2601 487 2645 dicimus
505 2603 605 2657 animam
620 2600 768 2665 ambulare);
786 2609 869 2653 velen
886 2619 958 2673 quod
979 2610 980 2685 l

142 2662 230 2718 utquid
246 2663 297 2719 eius
315 2668 416 2708 mittatur
429 2663 500 2721 (sicut
514 2676 598 2722 corpus
616 2666 713 2712 dicimus
728 2674 782 2715 tnnc
797 2674 879 2717 sanari
895 2678 957 2725 culm
979 2688 980 2727 ι

142 2730 236 2769 sanatur
243 2722 334 2784 oculus)
344 2726 380 2770 tel
391 2726 515 2771 secundnm
524 2740 550 2773 ιε
560 2728 667 2785 primnm3
676 2730 724 2775 circ
735 2734 827 2786 quando
837 2738 956 2787 medicus
979 2754 980 2781 ι

143 2798 227 2842 eurum
239 2792 320 2843 canat,
334 2792 380 2832 etc.
393 2788 456 2839 Quod
467 2794 544 2834 autem
555 2802 583 2834 er
594 2791 688 2836 Platone
698 2793 766 2849 pauld
781 2800 834 2850 post
845 2800 957 2857 snbjun.
979 2786 980 2811 ¹

142 2849 213 2907 gitur,
224 2850 345 2894 homiuem
356 2862 403 2894 ειιε
410 2850 518 2894 animum
527 2852 709 2904 intellectivam,
718 2854 834 2912 colligitur
845 2870 876 2904 ex
898 2866 957 2921 ejus
979 2898 980 2927 ,

143 2909 184 2955 lita.
199 2912 234 2958 De
249 2916 342 2958 notura
355 2912 461 2957 dominic
477 2925 549 2970 propo
568 2913 651 2977 tinem,
666 2916 714 2963 siue
729 2917 752 2963 in
768 2917 861 2977 dialogo
878 2925 957 2973 Ater.
979 2928 980 3003 ι
