1984 3309
129 168 175 215 ut
305 174 365 215 rnre
380 178 404 225 r,
420 174 515 221 ocur.
530 174 625 223 mxv,
640 174 696 213 nr.
711 174 758 213 vn.

130 252 181 303 lino
191 252 258 303 modo
268 252 311 313 sic,
324 252 384 317 quod
397 254 425 318 ly
435 252 539 318 (mepte)
550 252 685 303 determinet
699 256 775 301 return
787 252 944 318 intelligendi
987 299 988 306 ,

129 337 158 375 er
174 327 237 387 parte
252 323 287 375 rei
299 322 430 375 intellecto.
449 325 482 375 Et
493 324 582 375 menon
597 327 674 388 potest
686 336 747 373 unus
759 323 871 374 eamdem
892 340 945 376 rem

130 398 202 457 magis
214 396 341 459 intelligere
360 396 428 460 quim
448 397 521 459 alium
535 396 591 461 quie
610 396 631 445 ei
645 393 783 457 intelligeret
801 407 858 445 eam
873 398 946 449 aliter

129 466 197 529 quim
209 466 253 527 sit,
266 469 303 518 rel
316 467 397 517 meliis
411 468 448 519 uel
461 472 540 532 polus,
551 467 675 529 tolleretur,
686 470 710 517 et
721 477 769 516 non
783 466 944 533 intelligeret,

130 541 155 587 ul
165 538 239 601 arguit
249 540 394 603 Augustinus.
405 539 454 589 llio
465 540 534 589 modo
542 542 620 603 potest
632 536 743 601 intelligi,
753 541 781 587 ul
794 539 948 591 determinet

131 614 205 660 actum
217 611 357 675 intelligendi
366 626 393 663 er
402 616 466 677 parte
477 610 634 675 intelligentis.
644 612 673 659 lit
681 610 714 659 sic
723 623 785 659 nnus
798 610 849 660 ulio
862 616 948 675 potest

131 681 233 731 eumdem
247 696 295 733 rem
311 682 393 733 meliis
405 683 546 746 intelligere,
559 681 612 747 quia
631 684 666 733 est
678 680 779 731 melioris
795 680 900 732 uirtutis
923 684 948 735 in

132 749 292 815 intelligend03
304 754 362 805 sicut
373 753 453 805 meliis
467 754 528 804 uidet
537 752 627 804 visione
637 753 749 817 corporali
758 765 808 801 rem
823 752 947 819 allpuam,

132 823 171 891 qui
183 828 218 873 est
230 826 370 889 perfectioris
379 822 483 887 rimulis,
498 830 521 877 et
533 826 557 875 in
567 839 612 889 quo
625 824 696 875 uirtus
708 824 782 875 risina
794 826 833 875 est
846 827 948 890 perlec-

133 894 183 944 tior.
194 896 254 959 ,flou
273 900 348 948 duom
365 898 425 949 circa
445 898 587 948 intellectum
603 896 713 959 contingit
735 895 873 959 dupliciter.
892 898 947 950 Uno

132 967 224 1029 quidem
237 970 318 1033 modo,
333 982 361 1019 ex
374 974 438 1033 parte
456 970 528 1034 ipsius
548 968 678 1019 intellectus
691 967 731 1032 qui
746 970 782 1018 est
799 968 945 1031 perfectior.

133 1037 277 1089 liuniiestum
291 1044 325 1091 est
338 1040 415 1103 enim,
433 1040 494 1105 quod
510 1040 595 1104 quanto
609 1052 692 1103 corpus
706 1042 742 1089 est
755 1038 843 1090 mediiis
859 1040 947 1106 dispo

133 1107 281 1171 situm‚tnnld
293 1110 408 1161 meliorem
418 1111 623 1162 sortiturauimom.
635 1111 698 1169 Quod
706 1110 828 1160 manifeste
839 1118 947 1176 apparet

133 1177 157 1229 in
174 1178 210 1228 his
224 1194 274 1245 quae
289 1184 342 1233 suni
353 1181 477 1233 secuudum
493 1182 593 1247 speciem
612 1183 709 1232 diuersa.
723 1178 794 1244 Cujus
811 1182 875 1233 ratio
893 1190 945 1251 est,

133 1252 187 1315 quin
201 1262 265 1302 actus
278 1256 303 1303 et
323 1253 392 1304 lormu
408 1253 516 1317 recipitur
531 1254 556 1303 in
571 1252 666 1303 materia
682 1251 808 1301 secuudum
833 1257 945 1309 materie

133 1324 290 1387 capacitatem.
306 1326 369 1375 Unde
388 1329 457 1376 etiam
469 1324 522 1374 cium
536 1325 561 1374 in
578 1324 709 1375 hominihus
725 1322 819 1387 quidam
836 1325 946 1378 habeant

132 1406 212 1459 cerpus
227 1394 309 1446 meliis
323 1397 471 1461 dispositum,
482 1396 607 1447 sortiuntur
622 1396 720 1445 animem
732 1394 827 1458 maioris
835 1389 946 1450 'rimulis

133 1466 157 1517 iu
173 1468 329 1532 intelligendo.
345 1470 408 1520 Unde
420 1468 502 1519 dicitur
514 1468 536 1517 in
551 1470 580 1518 lt.
594 1468 630 1517 De
643 1469 740 1529 animo,
755 1466 816 1529 quod
833 1473 947 1523 «molles

133 1553 199 1590 enrue
211 1542 269 1591 beno
283 1544 348 1607 aptos
366 1545 440 1591 menie
455 1542 568 1590 ridemus.
584 1557 599 1586 »
617 1540 666 1590 llio
680 1541 746 1589 modo
761 1540 881 1604 contingit
900 1546 947 1596 troc

134 1624 163 1659 cr
176 1614 239 1674 parto
251 1612 382 1663 interiorum
392 1610 604 1680 virtutum,quibus
615 1611 746 1661 intellectus
758 1610 849 1675 indiget
863 1615 896 1664 ad
908 1616 947 1667 sui

52 1698 58 1711 ·
134 1681 297 1744 operationem.
313 1682 348 1732 illi
361 1682 430 1746 enim,
443 1683 466 1732 iu
480 1684 562 1747 quibus
578 1683 650 1733 uirtus
663 1682 826 1745 imaginetiua,
840 1688 864 1734 et
874 1688 946 1751 cogi-

135 1752 205 1801 tativa
219 1757 243 1803 et
252 1754 398 1804 memorativa
409 1758 444 1805 est
453 1754 534 1805 meliis
542 1754 666 1819 disposite,
675 1756 730 1803 sunt
738 1752 821 1805 meliius
829 1755 945 1821 dispositi

135 1824 163 1873 ud
176 1824 354 1889 intelligendum.

167 1896 201 1945 dd
218 1896 314 1960 primum
327 1912 381 1965 crgo
394 1901 457 1963 patet
470 1898 554 1949 solutio
567 1910 597 1947 en
610 1897 686 1947 dictis.
699 1897 726 1945 lit
736 1896 843 1947 similiter
857 1900 890 1949 ad
907 1915 946 1951 se·

135 1970 242 2018 cundum.
256 1970 343 2021 Veritas
362 1971 423 2021 enim
437 1970 567 2019 intellectis
580 1968 604 2018 in
618 1970 662 2019 lroc
677 1968 782 2018 consistit
793 1967 857 2032 qndd
869 1971 945 2022 intel-

136 2040 215 2104 ligutur
226 2056 262 2093 res
275 2056 323 2093 esse
337 2042 403 2093 sicuti
417 2048 459 2092 est.

167 2115 200 2163 dd
217 2116 339 2165 secundum
352 2116 485 2175 dicendum,
500 2114 562 2179 quod
574 2113 704 2164 differentia
716 2114 809 2177 iormae,
826 2128 879 2177 qum
893 2129 945 2166 nou

135 2188 239 2249 provenit
260 2188 304 2237 uisi
318 2200 347 2237 ex
362 2187 450 2237 diuersa
466 2184 614 2251 dispositione
632 2184 746 2244 materie,
761 2198 808 2235 non
828 2185 886 2237 lucit
908 2188 946 2237 di-

136 2258 265 2309 versitatem
280 2258 403 2310 secuudum
411 2258 525 2321 speciem,
536 2258 576 2307 sed
586 2256 659 2307 solium
668 2256 793 2308 secundirm
803 2270 944 2308 numerum.

135 2330 191 2379 Sunt
201 2329 262 2379 enim
276 2330 417 2381 diuersurum
428 2328 595 2381 indiuiduorum
604 2329 702 2379 dirersae
716 2328 796 2378 iormae
807 2329 945 2380 secuuddm

135 2400 252 2451 materiem
266 2402 428 2454 diversificutae.
