1984 3309
118 178 164 225 lot
299 188 361 226 rm
372 188 397 233 r,
413 187 506 233 oum.
520 186 608 235 um,
624 188 679 226 sir.
693 188 728 226 π.

117 268 143 315 et
154 278 225 313 merus
238 263 321 313 diriter
332 264 348 313 i
360 264 531 328 monadem.
545 266 608 315 «lle
619 264 704 329 qnibns
716 264 788 328 igtur
798 266 939 330 judicatum

117 337 211 400 estjam
224 335 443 397 etdunmntu,
455 335 511 387 rerd
527 336 609 387 duur
621 336 761 387 iutedectus.
775 352 791 383 s
803 337 844 387 Sic
855 338 937 402 igitur

118 409 294 470 opimorum,
305 408 367 470 quod
376 411 414 457 est
427 409 498 457 rollo
510 408 635 470 insertor,
645 411 683 457 est
701 408 764 459 aiud
777 408 792 459 i
806 414 884 459 mente
910 416 941 461 et

117 478 243 538 intellectu,
256 492 299 543 per
309 481 370 544 qood
384 483 461 543 potest
472 478 570 541 intelligi
584 480 654 529 rutro
666 480 793 543 superior.

149 551 195 600 Sed
204 554 283 601 contra
294 554 341 611 est,
350 552 410 615 qnod
420 550 561 613 Augustinus
568 550 625 600 dicit
633 551 683 600 llll.
692 557 725 599 ne
735 552 802 601 Tres.
815 553 876 617 (cap.
887 552 933 617 t),

118 624 178 686 quod
198 641 212 671 r
228 623 286 674 ratio
303 623 406 687 superior
420 626 444 672 et
460 622 555 673 interior
572 634 619 672 non
631 622 677 673 nisi
693 635 734 686 per
748 622 825 673 officia
845 624 941 675 dislin-

120 698 229 757 guontm.
242 713 256 741 ν
272 696 322 745 Non
336 708 390 758 ergo
405 698 459 744 sunt
471 695 523 743 doe
534 694 651 757 potentie.
985 728 986 735 ι

93 808 97 813 .
149 768 400 831 (Commune-Una
413 766 527 815 eteadem
539 764 640 829 potentia
654 765 738 815 suntin
751 767 857 831 bomine,
870 770 938 821 ratio

119 839 224 903 superior
236 843 261 888 el
274 839 382 901 inierint,
395 838 506 889 distincte
522 842 600 889 umen
617 837 703 887 actibus
718 841 742 887 et
754 838 877 891 habilibus
892 842 939 893 di·
985 842 986 855 ³

59 931 86 977 s
118 910 206 973 remis,
222 912 275 959 dom
288 910 392 974 superior
401 909 521 973 raticipso
534 908 745 973 sapientiaebabitn
762 912 859 963 eternis
873 927 938 963 cou-

119 981 243 1045 spiciendis
259 986 282 1032 et
296 982 440 1032 consulendis
454 981 570 1044 intendit,
583 980 679 1031 inferior
694 980 748 1031 verb
761 984 937 1047 temporalibus

118 1067 159 1117 per
175 1053 296 1103 mundam
313 1054 342 1103 ad
355 1056 441 1103 stema
455 1052 609 1117 disponitur.)

149 1125 284 1189 Respondeo
295 1124 425 1187 dicendum,
435 1126 495 1187 quod
508 1123 565 1175 ratio
578 1122 681 1189 superior
691 1128 715 1174 el
724 1122 829 1188 interior,
841 1140 937 1179 secun-
985 1160 986 1169 2

118 1199 171 1246 dum
184 1196 245 1258 quod
256 1196 285 1246 ab
296 1196 421 1258 Augustino
431 1194 583 1259 accipiuntur,
593 1198 656 1245 nullo
670 1197 738 1247 modo
749 1198 800 1247 duan
813 1201 938 1261 polenum

117 1266 199 1319 minu
214 1280 265 1317 esse
279 1271 382 1330 possunt.
393 1266 454 1316 llicit
464 1266 527 1317 enim
538 1267 585 1331 (lib.
598 1268 648 1317 llll.
662 1267 695 1317 rie
704 1268 785 1327 Trio,
798 1282 852 1334 cap.
866 1266 893 1335 7,
907 1278 938 1323 ut
985 1270 986 1317 l

118 1338 204 1403 supra),
215 1340 275 1402 quod
289 1340 372 1389 oratio
382 1339 485 1403 superior
498 1344 533 1389 est
545 1354 596 1403 qno
605 1340 705 1391 intendit
718 1340 810 1391 uternis
828 1346 932 1410 couspi-

120 1409 221 1471 ciendis,
232 1415 273 1460 aut
289 1410 442 1461 consulendis.
456 1411 654 1477 »conspiciendis
671 1412 776 1475 pidem
792 1416 933 1467 secundnm
985 1424 986 1487 )

119 1484 180 1545 qnod
188 1496 217 1535 ea
226 1483 250 1533 in
261 1482 343 1547 seipsis
350 1484 490 1547 speculatum
501 1484 646 1535 consulendis
655 1484 722 1545 vend,
729 1486 855 1539 secuudum
864 1488 937 1551 qudd
985 1500 986 1505 ’

119 1568 149 1605 er
164 1554 197 1604 eis
209 1554 294 1618 accipit
305 1555 397 1617 regulas
410 1555 558 1616 agendorum.
571 1554 636 1607 Ratio
651 1554 705 1607 vend
719 1556 814 1607 interior
828 1559 858 1610 ab
875 1559 935 1625 ipso
985 1560 986 1611 ἲ

120 1626 216 1687 dicitm,
228 1644 241 1673 u
254 1640 305 1691 que
314 1626 413 1677 intendit
423 1628 585 1691 temporalibus
596 1629 671 1678 rebus.
687 1644 700 1675 o
709 1628 764 1679 Hae
775 1633 854 1679 numm
865 1632 927 1692 duo,
985 1620 986 1681 l

120 1698 205 1750 scilicet
226 1698 372 1762 temporalia,
391 1700 415 1747 et
431 1702 530 1759 emuna,
545 1704 702 1765 comparantur
723 1700 752 1750 ad
767 1701 932 1763 cognitionem
985 1722 986 1741 2

120 1774 231 1839 nostram,
245 1771 288 1819 boe
299 1769 380 1831 modo,
394 1770 453 1833 qrrod
463 1784 535 1820 uuum
544 1784 622 1821 eorum
631 1774 667 1821 est
676 1771 775 1821 medium
787 1772 816 1821 ud
826 1786 933 1837 eognos-
985 1768 986 1839 i

119 1843 216 1893 cendum
225 1842 398 1899 alterumanum
407 1843 531 1891 seeundum
540 1842 601 1893 viam
613 1842 755 1905 intentionis,
767 1856 808 1907 per
818 1858 857 1897 res
865 1849 930 1896 tem-

120 1915 210 1978 porales
219 1914 245 1963 iu
257 1913 412 1975 coguitionem
422 1914 558 1965 devenimus
568 1919 718 1975 eternorum,
730 1914 856 1968 secundim
868 1917 930 1969 illud
985 1916 986 1973 l

120 1986 237 2050 Apostoli,
247 1986 275 2035 ud
288 1987 373 2045 Rom„
381 1986 399 2034 l.
413 2002 428 2033 u
439 1985 565 2035 invisibilia
576 1985 620 2037 Dei
632 2000 672 2049 per
684 2000 711 2035 ea
721 2000 772 2049 quae
787 1986 929 2053 factasunt,
985 1986 986 2063 ,

120 2057 235 2109 intellecta
246 2055 424 2121 conspiciuntm.
436 2074 451 2103 ν
465 2058 492 2107 ln
500 2057 539 2107 vla
547 2070 606 2107 ¹vero
619 2056 712 2121 judieii,
726 2070 767 2121 pen
779 2061 867 2109 eterna
876 2060 931 2124 jam
985 2066 986 2119 ξ

119 2130 211 2193 cognita
220 2132 249 2180 de
259 2129 421 2192 temporalibus
429 2129 570 2193 judicamus,
581 2132 603 2179 et
616 2130 741 2179 senodum
750 2129 852 2181 rabones
859 2135 932 2183 aeter-
985 2126 986 2137 ²

120 2215 206 2256 norom,
213 2200 347 2265 temporalia
360 2200 512 2265 disponimus.
525 2202 599 2249 Potest
612 2203 687 2249 utitem
701 2198 851 2264 contingere,
865 2204 929 2265 quod
985 2204 986 2266 l

120 2272 233 2333 medium,
244 2276 269 2321 et
283 2271 307 2321 id
325 2272 355 2321 ad
367 2273 428 2334 quod
441 2285 482 2335 per
497 2270 597 2320 medium
609 2270 758 2335 peruenitur,
775 2272 807 2321 ad'
820 2272 929 2324 diversos

120 2342 364 2406 babituspertineant:
379 2342 438 2394 sicul
445 2340 557 2410 principia
567 2342 641 2405 prima
652 2342 863 2394 indemonstrabilia
872 2358 928 2409 per·
985 2350 986 2427 )

155 2460 185 2523 (t)
198 2462 273 2508 error
282 2460 385 2507 isidorus
394 2463 534 2508 sensatus.
546 2462 586 2517 xr,
597 2461 807 2519 numeraremus
819 2462 859 2507 vu
873 2465 928 2509 orr-
985 2442 986 2521 l

121 2528 219 2584 uiuum,
235 2538 287 2582 cap.
308 2523 337 2581 i,
350 2526 389 2569 ubi
401 2527 447 2584 ait,
461 2528 562 2569 mentem
574 2528 683 2568 nocetum
696 2524 759 2581 qudd
777 2526 884 2571 eminent
896 2528 928 2571 io
985 2532 986 2541 ¹

122 2590 216 2637 noima,
224 2588 262 2633 oei
276 2587 340 2645 quod
352 2590 464 2634 missit
476 2588 538 2633 :Sed
549 2586 701 2643 undecunque
714 2587 831 2633 derivetur
841 2588 925 2645 latine,
985 2596 986 2625 t

122 2652 179 2697 nibil
193 2652 222 2696 ad
234 2650 373 2699 senwntlnm
383 2650 519 2697 Damascenl
536 2647 575 2705 qui
586 2648 660 2704 grece
675 2651 778 2695 scribens
787 2650 858 2695 ullam
873 2652 927 2697 inde

123 2715 266 2759 uotau'onem
285 2712 355 2758 inient
374 2719 421 2761 sure
442 2715 524 2770 lingum
544 2710 686 2757 conformem
705 2729 711 2755 :
729 2712 796 2757 Uodo
812 2709 923 2773 (inquit)

123 2777 235 2821 dioooco
247 2776 344 2821 dicitur
357 2771 482 2839 (διάνοια)
495 2774 567 2832 quusi
585 2772 613 2815 od
628 2786 654 2817 eo
668 2775 731 2830 quod
748 2772 873 2821 discernat
889 2778 926 2823 oet

122 2848 244 2905 dijudicet
267 2847 330 2911 (ἀπο
343 2852 383 2896 τοῦ
402 2842 500 2897 druensis
518 2860 558 2893 sm
579 2837 731 2909 διακρίνειν).
754 2846 824 2901 Quod
846 2852 926 2895 ouum

121 2918 261 2964 indicorum
273 2931 302 2963 or
312 2917 442 2975 definitum
454 2917 510 2962 cord
521 2914 618 2961 dicitur·
629 2915 776 2965 neuturus.
