1984 3309
153 201 185 244 D!
200 201 387 245 mmmm!
404 203 436 244 ln
451 205 553 246 ttdmts
568 205 698 246 mim.
783 197 830 246 618

51 281 90 331 td
103 281 233 332 reundum
246 283 379 347 dissutum,
394 283 455 347 qudd
468 283 546 334 doctu
559 296 604 334 non
617 288 696 335 ramat
709 285 829 335 seientiam

23 353 43 402 in
54 353 176 418 discipulo
189 368 229 419 per
238 356 331 406 niodum
341 355 430 420 agentis
440 355 561 418 naturalis,
571 360 598 406 ut
610 358 737 408 trenhoes
747 357 830 421 objicit

23 426 76 489 (tib.
90 425 131 476 tlt.
143 425 182 474 De
194 429 295 484 sotem,
305 429 363 477 text.
375 427 412 488 tl,
426 427 490 477 Unde
505 439 550 478 non
559 432 649 492 oportet
659 427 719 492 quiid
735 428 830 480 seientia

23 497 51 545 sit
60 497 167 562 qualitas
176 498 264 562 uotiua,
278 500 318 549 sed
326 501 363 549 est
373 497 512 562 principium
518 535 527 561 ,
537 513 583 562 quo
596 499 678 563 aliquis
688 499 792 564 dirigitur
804 500 830 550 in

23 571 155 632 operando.

51 643 86 692 td
100 640 197 692 tertium
208 641 345 706 dicendum,
360 642 420 706 qudd
433 641 539 705 magister
553 652 600 693 non
613 645 691 694 musal
705 644 782 693 lumen
794 643 829 694 in-

22 713 144 778 telligibile
163 713 186 761 in
199 711 325 778 dissipato,
341 727 383 764 nee
402 713 487 764 directe
501 713 589 778 speeies
604 714 775 779 intelligibiles,
790 715 831 766 sed

24 789 100 837 novet
116 783 255 848 &sepulum
273 797 315 848 per
326 797 390 836 suam
405 785 529 836 doetrlnaru
544 786 573 835 ed
588 787 634 835 troc
648 785 710 849 qudd
727 785 830 851 ipseper

23 857 134 906 rinuteur
160 855 196 904 sui
217 856 348 906 iutelteutals
375 857 456 906 tornet
470 855 631 919 ‘intelligrltiles
653 857 828 922 conceptiones,

23 937 120 988 quarum*
133 927 201 989 signu
212 925 258 976 elui
275 927 383 991 proponit
397 927 506 980 exortu.

53 999 86 1048 td
101 1001 211 1062 quartum
227 997 361 1060 dicendum,
376 997 437 1062 qrrdd
449 998 515 1062 signa
528 1013 580 1064 quoe
595 999 704 1063 magister
716 998 830 1064 discipulo
862 1012 865 1016 ·

23 1069 145 1134 proponit,
163 1072 218 1118 sent
231 1080 307 1120 rerum
320 1072 423 1119 notarum
438 1069 462 1118 in
477 1071 617 1134 adiumnti,
635 1075 659 1120 et
672 1071 716 1120 sub
732 1073 829 1134 quidm

25 1141 177 1202 confusione,
192 1141 235 1190 sed
246 1141 373 1206 ignotarum
385 1141 410 1190 in
423 1142 568 1206 particulari,
583 1146 607 1193 el
620 1143 662 1192 sat
675 1142 772 1207 quadam
783 1142 828 1193 dis-

25 1210 317 1274 instimularentur
325 1213 424 1275 quisque
432 1225 474 1277 pen
482 1214 584 1278 seipsum
594 1213 714 1264 seientiam
724 1214 828 1278 acquirit,

24 1297 67 1333 riou
83 1286 166 1348 potest
177 1283 223 1332 diei
233 1284 314 1334 donne
329 1282 446 1347 seipsum,
459 1285 498 1334 ret
509 1297 562 1335 esse
574 1285 694 1350 suiipsius
709 1286 828 1349 magister,

25 1354 73 1416 quia
87 1367 139 1405 nou
152 1353 281 1418 praexistit
293 1354 319 1404 in
333 1367 363 1405 eo
377 1354 472 1406 edentia
484 1357 610 1421 eompleta,
623 1355 696 1421 qualis
708 1356 829 1420 requiritur

26 1428 47 1476 in
57 1427 181 1492 maffeus.
300 1427 303 1435 “

330 1537 487 1592 anamotus
501 1538 530 1590 u.

175 1659 260 1704 Utrdm
271 1659 377 1705 homines
385 1661 475 1718 possint
484 1661 567 1708 dooere
576 1640 679 1718 unqelor.

56 1791 88 1839 td
99 1789 229 1840 secuudum
243 1789 278 1839 sic
294 1789 433 1854 proceditur.
445 1788 539 1838 Videtur
553 1788 612 1852 qudd
625 1789 731 1839 homiues
740 1788 830 1853 possint

28 1860 107 1929 docere
123 1861 228 1924 angelos.
243 1859 303 1910 ttirtt
321 1860 382 1910 euim
398 1859 533 1922 Apostolus,
547 1859 583 1908 ud
593 1859 695 1923 Epiros„
708 1859 758 1909 tn:
777 1861 831 1910 «Ut

27 1935 157 1982 innotescet
170 1930 321 1996 Principibus·
329 1935 353 1981 et
366 1931 519 1982 potestatibus
528 1932 553 1981 in
563 1931 693 1982 ooelestitrus
703 1945 745 1996 per
754 1932 830 1982 Erote-

27 2004 80 2053 siam
96 2003 246 2054 multiformis
257 2002 370 2066 sapientia
382 2002 455 2052 liei.»
467 2003 513 2052 Sed
522 2003 625 2052 Ecclesia
638 2005 674 2052 est
686 2001 832 2065 congregatio

29 2076 148 2126 troruinunu
164 2073 274 2126 tideliuur.
289 2074 348 2138 Ergo
361 2073 449 2138 angelis
461 2087 504 2137 per
518 2072 623 2123 homines
636 2072 713 2136 aliqua
728 2072 832 2122 innotes-

29 2153 87 2198 runt.

58 2224 81 2269 a.
96 2221 230 2282 praterea,
241 2217 318 2282 angeli
332 2217 475 2282 superiores,
486 2214 526 2279 qui
536 2214 666 2265 immediate
682 2215 709 2265 de
722 2215 803 2266 diuinis
816 2215 830 2266 a

30 2290 72 2340 tteo
93 2291 267 2354 illuminantur,
288 2289 408 2340 interiores
430 2288 522 2350 angelos
543 2287 654 2336 instruere
673 2290 782 2351 possunt,
804 2292 830 2338 ut

31 2361 194 2426 supradictum
208 2365 250 2412 est.
265 2359 309 2412 Sed
321 2359 391 2424 atqui
402 2359 506 2410 tornines
515 2357 645 2408 immediate
655 2357 683 2408 de
695 2357 779 2408 divinis
789 2372 831 2423 per

32 2434 67 2482 ltei
81 2433 179 2483 uerbum
194 2437 247 2482 sunt
263 2432 382 2494 instructi3
398 2429 456 2480 sirit
470 2429 570 2480 marinae
583 2434 647 2494 patet
664 2429 691 2480 de
705 2431 832 2496 apostolis,

32 2503 156 2554 secundent
167 2500 222 2553 iilud
235 2503 271 2552 od
283 2502 389 2562 iledr.,t
406 2517 412 2551 z
425 2519 438 2549 rr
448 2500 576 2552 Novissime
588 2500 668 2551 diebus
678 2499 729 2551 istis
742 2499 831 2553 locutus

33 2578 63 2623 ost
84 2573 154 2626 uobis
172 2574 196 2623 in
210 2573 278 2624 liiiio
299 2573 392 2637 »Ergo
417 2571 486 2636 aliqui
509 2571 614 2623 homines
635 2570 722 2636 aliquos
739 2573 832 2636 angelos

33 2647 111 2697 «terere
126 2648 260 2708 potuerunt.

63 2722 85 2767 ³.
95 2717 220 2780 Praeterea,
230 2715 349 2766 inferiores
360 2713 434 2779 augeli
443 2713 456 2764 ir
466 2714 619 2780 superioribus
628 2716 778 2765 instruuntur.
787 2713 832 2764 Sed

36 2790 124 2850 quidam
142 2788 246 2838 homines
265 2786 394 2852 superiores
410 2790 463 2836 sunt
484 2785 597 2850 aliquibus
619 2785 719 2848 augelis,
736 2784 833 2835 eumad

36 2869 151 2922 superios
168 2859 259 2910 ordines
276 2859 408 2922 angelorum
424 2857 494 2922 aliqui
513 2857 618 2908 homiues
632 2859 788 2915 mutantur,
808 2859 833 2904 ut

36 2929 156 2995 Gregorius
174 2930 227 2982 dioit
248 2931 274 2982 in
297 2931 393 2993 quadani
414 2925 509 2980 tortitia
527 2927 630 2992 (scilieet
645 2924 744 2977 itomitia
760 2923 791 2973 ΙΙΙ
806 2925 834 2973 io
