1984 3309
132 112 180 161 aba
374 117 435 158 raas
449 118 474 167 s,
490 116 583 162 ennea.
600 114 688 155 suns.

132 198 243 263 apparent
254 196 429 259 phantasmata,
441 194 482 245 sed
490 193 585 245 distorta
595 195 619 243 et
627 190 769 255 inmdinala3
779 190 843 243 siml
853 194 949 244 aedidit

132 268 158 319 in
173 265 361 319 febricitantibus.
378 265 404 315 Si
416 263 472 316 nard
484 264 560 315 adhue
572 262 644 326 magis
657 264 733 313 moins
744 262 853 326 sedetur,
870 278 950 329 appa·

134 343 186 391 rent
197 340 355 405 phantasmata
370 336 488 399 ordinata3
503 335 561 385 sient
577 332 674 385 mmimd
689 334 749 385 solet
764 334 909 400 wntingere
926 338 950 387 in

133 411 179 463 flue
193 410 344 473 dormitionis,
358 414 382 461 et
390 410 413 458 in
427 408 558 461 hominibus
569 406 659 468 sobriis,
670 409 694 457 et
704 406 847 459 habentibus
858 410 948 460 lortenn

132 481 318 546 imaginationem
334 485 378 547 (1).
391 481 417 530 Si
428 484 506 531 antem
520 482 594 533 motus
608 490 720 541 vaporum
735 477 805 527 luerit
819 481 949 539 medidus,

135 568 180 605 non
194 554 267 605 solnm
277 553 409 616 imaginatio
426 555 529 603 reananel
545 551 632 609 libera,
652 548 775 599 sedetiam
789 549 843 614 ipse
862 565 949 603 sensns

135 627 263 679 eommunis
280 640 310 680 ex
322 629 387 690 parte
398 625 493 675 solvitur
497 660 506 687 ,
520 624 550 673 its
565 622 626 686 qnod
641 622 709 673 hono
722 620 814 684 judiees
824 622 907 673 interd

135 700 159 750 in
169 699 300 751 dormiendo
309 710 337 748 ea
345 711 396 760 qua
405 697 481 755 videt,
492 694 581 747 somnia
594 706 659 753 esse,
668 692 734 757 qnasi
741 692 869 756 dijudicare

135 784 173 823 res
186 774 211 821 et
223 785 297 822 rerum
309 767 477 822 similitudines.
487 767 533 817 Sed
544 770 622 817 nmen
636 778 666 815 ex
676 764 750 828 aliqua
759 768 823 829 parte
836 780 848 813 r

136 856 218 893 sensns
235 840 364 894 murmuris
379 840 471 903 heatus.
490 841 519 889 Et
537 839 588 889 ideo
604 837 656 889 licet
674 836 762 900 aliqum
777 836 828 887 sint

136 915 249 967 thema
261 913 276 963 a
288 913 372 975 rebns;
383 916 462 963 tamen
476 924 566 975 semper
582 910 606 979 in
626 908 739 973 aliquibus
758 908 816 972 doeip

137 987 206 1049 igitur
223 1000 263 1049 per
282 986 374 1035 modum
389 998 435 1048 qno
451 997 533 1035 sensns
548 982 643 1033 solvitur
657 984 680 1031 sl
697 980 815 1042 imaginati

137 1057 242 1120 mendo,
263 1057 372 1109 liberatur
386 1056 498 1120 judicium
517 1054 657 1117 intellectus,
676 1056 816 1103 nontamen

138 1130 203 1179 Unde
215 1128 249 1179 illi
262 1129 302 1193 qui
315 1127 447 1179 dormiendo
461 1128 609 1192 syllogisant,
623 1138 675 1177 eum
688 1122 828 1189 assunto,

137 1206 278 1267 cognoscunt
290 1214 316 1254 ss
328 1200 353 1251 in
366 1200 441 1264 ιιιιιιιο
455 1199 573 1253 descisse

480 1380 594 1399 *ayn-uq—

366 1534 535 1609 QUAESTIU
553 1534 707 1601 LXXXV.

61 1668 67 1683 '
159 1679 403 1729 nomannorum
414 1679 586 1739 cenotaphia,
597 1680 626 1725 ab
638 1680 688 1724 oco
699 1676 818 1723 ursaceus
831 1676 925 1725 asena.

172 1834 257 1886 Ueinde
270 1831 460 1883 considerandum
474 1833 510 1881 est
523 1830 551 1879 de
573 1828 639 1879 modo
657 1832 681 1879 et
693 1826 772 1877 ordino
786 1826 943 1891 intelligendi.

141 1909 169 1959 Et
182 1907 241 1957 eirea
254 1907 297 1955 hoo
310 1908 441 1970 quaninlur
452 1905 503 1953 ooto
517 1917 524 1951 ;
540 1905 566 1950 10
579 1901 658 1951 Utrum
673 1899 804 1949 intellectus
814 1904 894 1953 noster
906 1901 946 1951 in-

140 1980 228 2043 telligat
245 1977 395 2029 abstrahendo
412 1974 500 2039 speeies
512 1971 740 2039 aphantasmatibus.
755 1976 781 2021 2⁰
799 1973 880 2023 Ulnnn
891 1988 946 2037 spe-

140 2052 188 2103 eies
207 2049 360 2113 intelligibiles
376 2048 494 2097 absumta
506 2044 520 2095 a
533 2043 728 2109 phantasmatibus
747 2057 772 2094 se
793 2044 896 2095 habeant
918 2048 947 2097 sd

140 2126 280 2176 intellectum
292 2125 395 2173 noslrnrn
402 2158 411 2183 ,
421 2123 447 2168 nl
459 2118 528 2183 quod
543 2116 715 2181 inlellipa'lnr,
727 2116 764 2165 vel
777 2115 837 2167 sicud
851 2116 881 2165 td
896 2134 946 2181 que

142 2196 308 2260 intellipitur.
323 2199 348 2243 3⁰
355 2195 434 2243 Utrum
446 2190 580 2239 intellectus
588 2191 666 2238 noster
679 2186 812 2237 naturaliter
829 2188 947 2253 intelligat

142 2268 207 2334 prids
229 2268 303 2329 magis
325 2264 462 2316 universale.
482 2266 509 2311 l⁰
529 2261 608 2311 Utrum
625 2258 754 2309 intellectus
775 2262 855 2310 noster
872 2262 948 2323 possit

141 2343 214 2393 multa
227 2340 295 2391 simul
312 2337 449 2401 inteligere.
464 2340 490 2383 50
507 2334 586 2384 Utrum
598 2331 727 2383 intellectus
740 2336 817 2381 noster
830 2332 947 2394 intelligat

142 2411 300 2477 mmponendo
313 2413 338 2459 et
350 2407 479 2460 dividendo.
493 2410 520 2455 60
530 2406 609 2455 Utrum
622 2404 753 2455 intellectus
764 2402 840 2468 possit
858 2416 945 2455 errare.
984 2438 985 2503 p

175 2547 207 2611 (1)
218 2547 277 2595 limo
285 2547 353 2605 porro
365 2558 416 2604 quaa
424 2546 453 2591 ad
461 2542 549 2591 uariam
560 2544 701 2592 somniorum
712 2540 870 2588 conditionem
878 2555 946 2599 speo-

144 2618 206 2667 tant‚
225 2624 272 2655 non
286 2623 316 2654 ex
326 2610 369 2655 lib.
387 2610 422 2653 Do
437 2621 519 2653 nomano
530 2610 551 2651 et
567 2606 658 2663 elpidio
672 2605 777 2663 superius
793 2610 890 2663 notato,
905 2608 946 2651 sed

144 2688 172 2720 ex
182 2675 226 2719 lib.
240 2674 274 2718 Do
284 2673 415 2717 insomniis
425 2672 572 2727 colliguntur,
583 2668 622 2724 qui
639 2668 783 2725 subiungitur
794 2669 945 2723 praecedenti.

145 2743 171 2783 ut
183 2742 208 2780 et
218 2750 247 2781 eu
255 2736 297 2781 lib.
308 2736 343 2780 De
353 2735 507 2779 divinatione
516 2744 562 2790 por
574 2731 750 2786 semanimem
761 2735 814 2785 post
823 2736 946 2787 utrumque

146 2799 304 2852 subnectitur;
318 2802 342 2842 et
352 2796 410 2842 lertd
421 2797 475 2842 olim
485 2798 529 2841 sub
537 2792 618 2840 eadem
630 2794 778 2851 inseriptione
789 2805 844 2839 oum
856 2795 947 2840 esteris

146 2864 236 2912 dnobus
248 2862 381 2909 notabatur.
