1984 3309
218 218 252 253 nn
267 216 332 254 nono
347 216 378 253 rr
392 215 480 254 ornum
495 208 670 255 rumcnrcsunl.
803 208 861 264 itti,

45 294 87 344 Sed
103 292 243 359 compositio
256 296 279 343 et
292 292 374 344 divisio
387 292 445 343 nihil
455 296 491 344 est
503 292 528 343 in
544 294 624 357 rebns3
638 292 697 344 nihil
711 293 774 345 enim
786 294 851 345 inve·

45 366 104 415 nitur
117 365 144 414 in
158 366 245 426 rebus,
261 364 305 415 nisi
323 378 362 415 res
375 379 427 428 puae
447 365 588 429 significator
606 379 647 429 per
665 365 813 429 praedicatum
828 371 851 417 et

44 438 254 501 subjectumque
271 440 308 487 est
320 450 366 486 uno
385 439 409 487 et
421 438 514 500 cadem,
529 438 548 487 si
568 437 703 501 compositio
721 441 757 488 est
776 450 846 502 vera3

44 510 108 559 homo
123 508 187 559 enim
201 511 240 558 est
250 507 304 559 verb
316 507 341 558 id
352 509 412 570 quod
426 512 460 558 est
472 507 566 558 animal.
585 508 644 573 Ergo
656 507 784 559 intellectus
801 522 850 560 non

44 580 159 644 componit
178 583 203 629 et
216 578 307 629 diuidit.

72 652 117 701 Sed
136 655 218 701 contra
235 666 241 698 ι
257 660 329 700 uoces·
341 647 471 713 significant
485 649 644 715 conceptiones
664 650 809 713 intellectis,
826 656 851 702 ut

44 724 96 772 dicit
109 723 271 787 Philosophus
283 722 309 771 in
322 722 342 770 l·.
357 722 412 794 Περὶ
421 722 492 794 Ἐρμ.
508 722 552 771 Sed
562 722 586 771 in
597 722 691 773 vocibus
707 726 744 775 est
754 738 851 790 compo-

44 795 94 845 sitio
103 797 127 845 et
139 793 235 856 divisio,
250 797 277 841 nt
286 794 349 855 patet
361 792 384 841 iu
395 793 586 857 propositionibus
594 794 773 847 affirmativiset
782 810 852 861 nega·

45 865 103 917 liris.
113 865 174 929 Ergo
189 864 325 915 intellectus
337 864 454 928 componit
466 869 490 915 et
500 865 590 916 dividit.

77 931 590 1001 (dorensium-'Cimintellectnshumanns
598 950 645 988 non
654 938 731 989 statim
739 939 765 989 in
774 938 851 1004 prima

48 1010 226 1071 apprehensione
241 1008 319 1071 capiat
336 1007 459 1071 perfectam
473 1008 507 1058 rei
519 1009 675 1073 cognitionem
688 1009 747 1060 siem
760 1010 851 1063 divinus

47 1084 69 1129 et
81 1082 203 1143 angelicus,
217 1091 339 1129 necessum
352 1080 388 1127 est
401 1091 453 1127 cum
465 1078 595 1143 intelligere
609 1083 780 1146 componendo,
793 1083 850 1133 divi-

46 1152 116 1202 dendo
129 1155 152 1201 ct
164 1148 354 1216 ratiocinando.)

74 1224 210 1289 despondeo
232 1220 449 1285 dicendum,un
468 1221 596 1273 intellectus
618 1224 732 1273 humanus
756 1236 850 1277 neccsse

46 1296 111 1346 hahet
120 1294 252 1357 intelligere
271 1293 427 1355 componendo
440 1294 610 1344 et-dividendo.
629 1292 686 1343 Cim
705 1294 767 1345 eninr
780 1295 849 1347 intel-

45 1366 246 1417 lectus·humanns
256 1364 366 1415 exeat‘de
379 1366 479 1429 potentia
494 1366 519 1417 in
533 1370 626 1429 actum,
641 1369 664 1416 et
679 1366 849 1419 similitudinem

45 1440 161 1499 quamdam
174 1438 245 1487 habet
256 1449 309 1485 cum
320 1436 388 1485 rebus
401 1436 644 1499 generalibusque
655 1448 701 1487 non
712 1436 788 1487 statim
798 1452 850 1503 per-

45 1509 165 1560 lectionem
175 1521 242 1559 suam
253 1507 352 1570 hahent,
364 1507 403 1557 sed
413 1520 464 1556 eam
473 1506 601 1558 successive
612 1509 775 1571 acquiruntllt
788 1508 850 1559 simi·

44 1579 91 1629 liter
105 1580 242 1630 intellectus
262 1580 377 1627 humanus
393 1592 439 1629 non
450 1578 530 1628 ‘stetim
547 1579 571 1628 in
584 1578 658 1643 prima
671 1580 850 1643 apprehensione

45 1652 102 1715 capit
115 1651 244 1716 perlectam
264 1649 298 1699 rei
310 1649 477 1712 cognitionem3
492 1652 533 1701 sed
551 1648 626 1715 primo
643 1650 793 1715 apprehendit
809 1652 850 1701 nli·

44 1723 93 1786 qnid
109 1725 138 1774 de
152 1723 222 1787 ipsa,
232 1721 289 1785 putd
299 1720 447 1785 puidditatem
461 1721 534 1785 ipsius
547 1722 594 1785 rei,
606 1736 657 1785 quo
668 1726 703 1773 cst
715 1726 818 1787 primum
826 1729 850 1775 et

45 1796 157 1859 proprioru
173 1794 289 1857 obiectum
302 1792 440 1855 intellectis,
454 1796 478 1842 et
490 1792 572 1843 deinde
582 1792 689 1857 intelligit
699 1795 848 1859 proprietates

45 1872 66 1915 et
77 1866 222 1925 accidentia,
236 1869 259 1915 et
271 1863 417 1914 habitudines
430 1865 602 1917 circumstantes
616 1865 648 1915 rei
661 1866 798 1916 essentiam.
820 1868 849 1917 ct

44 1939 167 1989 secundirm
183 1939 243 1998 hoc,
255 1948 349 1985 necesse
359 1936 429 1985 habel
444 1950 515 1985 unum
526 1939 693 2001 apprehensum
706 1937 743 1987 alli
754 1932 846 2003 compo-

46 2023 94 2060 nere
104 2014 128 2061 et
138 2008 256 2070 diuidere,
268 2010 292 2057 et
304 2020 333 2056 ex
345 2018 392 2055 nna
404 2008 569 2070 compositione
580 2012 604 2058 et
615 2008 727 2059 diuisione
738 2010 766 2058 ad
780 2008 852 2059 aliam·

44 2083 177 2144 premiere,
196 2079 257 2143 quod
278 2083 315 2128 est
331 2077 469 2128 ratiocinari.
488 2079 620 2129 intellectus
638 2083 716 2131 autem
733 2080 849 2143 angelicus

45 2157 65 2202 et
84 2152 179 2203 divinus
198 2164 224 2201 se
241 2150 312 2199 hahet
326 2149 387 2198 sicut
401 2163 439 2199 res
455 2148 653 2213 incorruptibiles,
672 2163 723 2213 qum
741 2150 847 2203 stutimd

45 2224 154 2288 principio
175 2220 263 2273 habent
283 2234 348 2271 suam
362 2220 618 2284 totam'periectionem.
636 2222 699 2272 Unde
718 2221 847 2276 intellectus

45 2296 158 2358 angelicus
173 2297 197 2345 et
206 2292 299 2343 diuinus
310 2290 389 2342 statim
401 2292 502 2355 perfecte
514 2296 585 2342 totam
598 2292 631 2343 rei
641 2292 793 2357 coguitionem
808 2294 848 2345 lra-

46 2366 79 2416 bet
92 2381 98 2418 ε
112 2368 179 2417 unde
192 2364 218 2414 in
237 2364 393 2428 cognoscendo
407 2364 556 2428 quidditatcm
572 2364 621 2420 rei.
640 2364 756 2427 cognoscit
775 2366 803 2417 de
821 2380 847 2417 re

47 2438 108 2489 simul
120 2436 232 2503 quicquid
246 2449 289 2486 nos
303 2447 440 2498 cognoscere
453 2448 576 2499 possumus
590 2437 761 2500 componendo,
774 2441 798 2488 ct
812 2437 848 2488 di-

47 2509 138 2561 ridendo
152 2513 178 2560 et
187 2507 355 2557 ratiocinando.
367 2507 395 2555 Et
405 2506 456 2556 ideo
465 2506 595 2557 intellectus
605 2508 718 2559 humanus
729 2508 848 2572 cognoscit

48 2582 200 2645 componendo
219 2582 244 2629 et
259 2578 400 2639 dividendo,
418 2578 476 2627 sicut
497 2581 524 2628 et
542 2577 703 2633 ratiocinando.
719 2580 850 2631 intellectus

48 2656 116 2702 autem
125 2652 221 2702 diuinus
231 2653 255 2701 el
266 2648 385 2712 angelicus
398 2652 539 2712 cognoscunt
546 2650 640 2713 quidem
647 2650 846 2713 compositionem,

49 2721 180 2774 diuisionem
193 2728 217 2773 et
230 2721 439 2784 ratiocinationem,
450 2734 497 2771 non
508 2721 678 2785 componendo,
688 2726 714 2771 et
727 2722 850 2773 dividendo

49 2798 68 2841 et
82 2796 246 2857 ratiocinando,
259 2794 301 2843 sed
314 2806 356 2857 per
369 2790 513 2843 intellectum
528 2792 638 2857 simplicis
646 2794 786 2857 quidditatis.

77 2869 106 2916 hd
116 2869 217 2931 primum
226 2879 283 2929 erpo
292 2865 422 2927 dicendum,
432 2864 492 2929 qnod
506 2864 643 2928 compositio
657 2868 680 2915 et
690 2864 771 2915 dirimo
781 2863 850 2913 intel-

51 2936 115 2989 lectis
127 2953 168 3003 per
177 2940 302 3004 quamdam
317 2937 467 2987 differentiam
481 2937 519 2987 vel
531 2935 725 3001 comparationem
738 2934 771 2983 llt.
784 2931 849 2982 Unde
