1984 3309
150 204 198 253 aad
328 212 390 251 raso
406 214 429 263 r,
443 212 536 259 ouaesr⁴
551 212 646 262 unrr,
662 211 716 251 ann.
735 213 770 251 ιε.

150 292 234 341 actum
248 289 277 339 lit
290 288 394 342 similiter
404 290 509 345 edonias
523 289 643 353 dupliciter
654 288 794 341 considerari
803 290 887 355 potest.
897 290 939 340 lluo

151 361 218 411 modo
231 362 356 413 secundum
369 362 554 413 communitatem
568 361 604 411 sui
618 360 716 425 objecti,
730 366 798 426 prout
815 362 900 413 seilicet
914 365 944 410 εει

150 432 276 497 appetitiva
285 433 340 485 honi
348 433 485 485 communis.
497 433 547 485 Alio
559 433 626 485 modo
640 434 764 485 secundum
774 434 835 498 qnod
846 436 881 485 est
889 447 941 497 qua-

149 505 202 555 dam
210 505 357 557 determinata
365 506 446 557 omme
455 505 572 570 potentis,
582 504 668 557 hahens
679 504 856 556 determinatum
864 510 940 556 actum.

150 575 174 624 Si
185 588 239 640 erqo
249 580 406 641 comparentur
415 577 559 639 intellectus,
576 580 599 627 ει
610 577 729 637 uoluntas,
744 578 870 627 secandum
880 578 940 627 ralio-

149 661 205 697 nem
218 648 386 699 communitatis
397 648 538 713 objectorum
548 648 675 712 utriusque,
686 648 719 699 sic
733 648 819 699 dictum
833 652 869 701 εει
878 647 939 713 sopri

149 721 209 785 quod
222 720 351 771 intellectus
363 724 400 772 est
410 721 545 785 simpliciter
559 719 633 784 altior,
645 724 668 771 ει
682 720 777 774 uohilior
789 719 941 771 voluntalem

149 795 225 843 autem
240 793 394 844 consideretur
415 793 545 844 intellectus
565 793 689 842 secuudum
703 792 890 846 communitatem
911 791 940 841 sui

149 864 250 928 objecti,
264 869 287 916 et
302 866 407 915 uoluntas
418 865 543 916 mundum
559 864 619 928 quod
632 868 668 915 εει
680 865 784 928 quaedam
796 863 938 915 determinata

149 937 264 1001 potentia,
276 936 311 987 sic
328 937 411 989 iterum
424 936 554 987 intellectus
568 939 604 987 est
616 935 691 997 altior,
708 940 731 986 et
744 935 804 999 prior
816 936 939 998 uoluntate;
974 950 975 1013 q

149 1008 204 1072 quia
217 1008 259 1059 suh
270 1009 358 1060 ratione
373 1009 433 1059 entis
448 1013 472 1059 et
486 1008 551 1069 ueri,
563 1020 632 1071 quam
646 1004 797 1072 apprehendit
814 1005 943 1067 intellectus,

149 1081 294 1131 contimniur
306 1078 412 1131 uoluntas
427 1080 479 1145 ipsa
494 1082 518 1131 ot
533 1082 596 1130 actus
612 1078 679 1143 ejus,
694 1081 718 1129 et
735 1077 854 1143 objectum
872 1078 943 1143 ipsius.

150 1151 617 1214 Undeintellectusintelligitvoluntatem‚
626 1153 650 1201 ει
658 1148 942 1215 actumejus,etohjectuor
974 1196 975 1211 p

150 1224 232 1287 ipsius,
239 1224 299 1274 sicut
309 1228 333 1275 et
344 1225 390 1274 alia
399 1223 505 1290 specialia
515 1223 643 1285 intellecta,
654 1225 680 1271 ut
692 1221 790 1286 lapidem
802 1226 844 1273 aut
855 1223 941 1287 liguum

149 1308 200 1359 qum
216 1296 361 1354 continentur
380 1296 422 1348 suh
438 1294 552 1346 communi
566 1294 652 1345 ratione
668 1292 727 1344 culis
743 1294 840 1345 elueri.
858 1294 883 1345 Si
896 1291 942 1343 ueri

150 1367 305 1419 consideretur
317 1369 422 1419 uoluntas
433 1368 558 1420 seeundum
573 1378 715 1417 commotum
724 1365 840 1417 rationem
856 1367 892 1418 sui
905 1364 943 1414 oh-

146 1439 204 1503 jecti
222 1440 282 1503 quod
295 1444 331 1491 est
343 1441 442 1504 honam,
458 1439 587 1491 iutelecius
600 1440 675 1489 autem
689 1438 813 1487 meandum
835 1439 896 1503 quod
914 1438 942 1487 εει

149 1514 251 1576 quaedam
261 1525 298 1563 res
307 1515 331 1563 et
338 1512 439 1577 potentia
449 1511 567 1576 specialia,
576 1511 610 1562 sic
620 1510 661 1561 suh
673 1508 788 1559 communi
798 1511 890 1561 ratione
896 1506 943 1561 honi

150 1584 280 1637 continetur
302 1585 376 1649 (uelut
390 1582 502 1647 quoddam
520 1581 634 1648 speciale)
654 1585 676 1633 ει
695 1582 827 1633 intellecius
845 1583 911 1649 ipse,
925 1584 944 1631 et

149 1655 225 1719 ipsum
237 1656 391 1717 intempore,
401 1658 425 1706 et
432 1656 548 1720 objectum
559 1656 619 1721 ejus,
628 1656 687 1719 quod
701 1658 737 1705 εει
748 1668 850 1717 verum,
859 1667 946 1721 quorun

150 1726 267 1791 quodlibet
276 1730 311 1777 est
319 1728 432 1792 quoddam
446 1728 543 1791 speciale
554 1728 647 1779 honum.
661 1728 688 1777 ιιι
701 1727 827 1777 secundum
840 1729 893 1789 hoc,
906 1739 945 1775 uo-

149 1798 225 1849 luntas
242 1800 279 1848 est
295 1799 361 1849 altior
373 1799 503 1863 intellectu,
519 1803 544 1851 et
559 1802 636 1865 potest
650 1798 727 1863 ipsum
740 1812 843 1851 movere.
861 1800 896 1850 lix
912 1797 943 1847 his

150 1882 204 1932 ergo
217 1873 312 1934 apparot
324 1870 382 1921 ratio
395 1883 464 1935 quare
476 1872 513 1923 hee
528 1871 638 1937 polentiae
653 1871 701 1921 suis
712 1870 800 1921 actibus
811 1870 912 1925 inuicem
925 1884 945 1921 se

150 1941 286 2006 excludunt3
296 1943 350 2006 quia
363 1943 491 1993 intellectus
505 1943 614 2008 iutelligit
630 1943 773 1993 voluntalem
785 1944 862 2009 uelle,
880 1948 903 1995 ει
912 1956 947 1992 uo·

149 2014 226 2064 luntas
243 2014 293 2065 urdt
304 2014 444 2065 intellochrm
463 2013 599 2079 intelligere.
614 2016 643 2066 dt
663 2014 731 2067 simili
747 2014 854 2081 ratione,
868 2018 946 2069 honum
974 2064 975 2079 ἶ

150 2086 279 2137 continetur
293 2088 334 2138 suh
350 2100 418 2148 uero,
433 2087 585 2151 inquantum
601 2092 637 2139 est
649 2088 761 2152 quoddam
779 2103 871 2141 oerum
884 2089 947 2141 intel·
974 2080 975 2173 l

150 2158 363 2220 lectum‚etuerum
372 2159 502 2210 moriretur
512 2161 553 2213 suh
562 2160 631 2224 bono,
640 2158 783 2224 inquantum
793 2164 831 2212 est
840 2163 947 2227 quoddam
974 2174 975 2253 q

151 2229 241 2280 bonum
254 2232 414 2284 desideratum.
974 2256 975 2301 p

181 2303 214 2352 ld
232 2305 355 2353 seeundum
367 2304 497 2367 dicendum,
514 2304 574 2370 qudd
588 2305 718 2355 intellectus
732 2304 775 2355 alio
791 2307 861 2357 modo
877 2307 948 2366 mouet
974 2304 975 2363 l

150 2373 288 2423 volantatem
302 2373 369 2436 qulam
383 2375 488 2426 uoluntas
499 2376 647 2440 intellectum,
660 2379 686 2425 ut
697 2376 746 2441 jam
758 2376 845 2428 dictum
859 2382 902 2429 εει.
974 2364 975 2455 l

181 2446 215 2495 lid
225 2445 318 2495 tertium
331 2446 460 2511 dicendum,
470 2448 530 2511 qu'od
543 2462 589 2499 non
600 2451 689 2513 oportet
701 2450 823 2513 procedere
833 2450 859 2500 in
873 2449 947 2501 inlini·

152 2521 217 2580 tum,
234 2517 275 2568 sed
295 2519 367 2565 statue
379 2516 404 2566 in
420 2517 550 2583 intellectu,
566 2520 627 2569 siout
641 2520 759 2585 imprimo.
777 2522 874 2573 Omnem
889 2522 945 2571 enim

151 2588 275 2638 uoluntatis
287 2590 372 2643 motum
388 2603 481 2642 necesse
489 2594 526 2642 est
538 2592 598 2655 quod
613 2592 727 2655 precedat
737 2592 900 2657 apprehensio,
911 2592 948 2642 sed
974 2592 975 2649 i

151 2674 197 2711 uon
216 2672 307 2710 omnem
322 2662 526 2723 apprehensionem
539 2663 647 2727 praecedit
665 2669 740 2716 motus
753 2666 894 2731 uoluntatis;
915 2666 949 2715 sed
974 2680 975 2693 ι

150 2730 287 2798 principium
295 2732 450 2784 considerandi
460 2739 483 2786 ει
491 2735 632 2799 intelligendi
641 2740 675 2787 εει
686 2738 775 2801 aliquod
784 2736 946 2789 intellectivam

151 2802 287 2870 principium
306 2802 373 2851 altius
386 2802 502 2857 intellectu
515 2809 605 2870 nostro,
623 2809 682 2871 quod
701 2812 737 2859 est
749 2814 823 2871 Deus,
836 2814 864 2860 ut
881 2812 946 2861 etiam

150 2875 284 2928 Aristoteles
298 2873 354 2925 dicit
368 2874 394 2926 iu
405 2876 453 2926 Vll.
472 2879 558 2929 Eitis.
570 2878 599 2928 Et
614 2893 656 2944 per
671 2882 732 2933 huno
742 2880 836 2934 modum
849 2881 947 2951 ostendit
974 2888 975 2897 ³

153 2949 212 3014 qudd
227 2961 275 3000 non
287 2949 323 2998 εει
334 2948 629 3011 procedercmindnitum.
974 2984 975 2993 κ
