1984 3309
119 121 164 169 444
326 131 387 170 rma
402 132 427 180 r,
442 130 533 176 onasr.
549 129 595 180 cu,
611 129 665 168 aar.
684 129 710 168 u.

417 269 577 320 humcuuus
591 269 619 320 ll.

168 385 253 431 Utritm
266 385 394 442 paradisos
401 385 481 492 saer?
496 387 560 430 locus
573 385 711 430 convenicus
726 386 869 432 habitationi

478 461 580 493 noman.

152 567 186 618 hd
201 567 325 617 monadum
341 565 375 616 sic
392 567 529 631 proceditur.
545 567 639 617 Videtur
656 567 716 630 qudd
738 569 856 632 paradisus
875 583 919 620 nou

119 639 189 690 luorit
206 638 269 693 locus
286 638 425 690 conveniens
442 638 577 689 habitationi
596 639 711 690 hamana.
723 639 797 690 Homo
817 641 879 692 anim
897 645 919 692 et

120 711 215 773 angelus
222 710 326 761 similiter
332 711 362 761 ad
367 708 529 762 beatudinem
537 709 678 761 ordinantur.
685 711 731 761 Sed
739 713 836 774 augelus
843 713 920 763 stabm

121 782 135 834 l
150 782 261 846 principio
278 783 352 833 factus
369 785 405 833 ost
419 782 532 832 habitator
548 782 593 833 loci
610 783 743 846 beatorum,
759 784 851 835 scilicet
871 785 922 836 cccli

121 853 231 919 aruppmi.
243 855 302 916 Ergo
315 852 384 904 etiam
397 853 430 904 ibi
445 853 523 904 debuit
537 853 627 905 institui
639 855 751 906 habitatio
760 857 874 908 hominis.

152 931 176 976 2.
191 928 313 989 Pratarea,
326 927 420 978 siloaus
432 927 513 990 aliquis
521 927 615 977 debetur
623 927 726 992 homiui,
738 933 778 978 aut
791 928 889 980 debctm
902 931 922 980 ri

121 999 208 1050 ratione
217 999 308 1062 animm,
319 1002 357 1049 aut
367 999 454 1050 rationo
464 998 573 1063 corporis.
585 999 609 1048 Si
618 999 705 1050 rabono
714 1000 814 1061 animm,
827 1002 922 1053 debetur

121 1070 143 1122 ei
152 1084 193 1134 pro
200 1071 251 1120 loco
261 1071 360 1134 cmlum3
371 1071 411 1135 qui
420 1071 511 1120 uidotru
520 1083 569 1122 esse
579 1070 642 1122 locus
651 1072 760 1122 naturalis
769 1073 861 1136 animm,
871 1072 922 1124 cium

121 1143 227 1193 omnibus
235 1141 319 1192 inaltus
330 1141 360 1193 sit
370 1142 552 1206 appetituscmli.
566 1143 662 1194 Ratione
676 1147 753 1194 autem
767 1145 871 1208 corporis
879 1158 923 1195 nou

123 1214 218 1264 debatur
227 1212 321 1264 cintius
334 1215 399 1264 locus
409 1253 415 1275 ,
427 1214 496 1278 quim
509 1213 560 1264 aliis
573 1213 715 1265 animalibus.
732 1216 792 1279 Ergo
805 1216 924 1280 paradisus

123 1286 186 1336 nullo
197 1287 264 1336 modo
277 1284 321 1335 luit
333 1286 397 1336 locus
412 1285 551 1338 couveniens
564 1286 700 1337 habitationi
710 1288 827 1345 humana.

155 1362 178 1406 a.
193 1359 314 1421 Pratoma,
328 1358 457 1409 frustrabat
469 1358 533 1408 locus
546 1358 571 1407 ia
582 1372 626 1422 quo
637 1359 724 1410 nulum
735 1360 838 1410 locatum
851 1361 923 1412 conh-

122 1433 198 1481 natnr.
213 1431 258 1481 Sed
272 1433 324 1494 post
336 1434 456 1494 peccatum
465 1429 582 1494 paradisus
592 1443 639 1481 nou
650 1433 686 1480 est
698 1431 762 1482 locus
774 1431 924 1483 habitationis

123 1501 238 1552 humanm.
255 1501 314 1562 Ergo
327 1499 347 1550 si
358 1503 394 1550 ast
407 1500 470 1551 locrus
484 1500 619 1552 habitationi
633 1502 739 1560 bumana
754 1514 885 1566 congruus,
901 1502 925 1552 in

123 1585 209 1623 uanum
218 1571 308 1622 uidetur
321 1570 335 1621 d
347 1573 394 1622 heo
407 1571 526 1623 institutus
538 1572 617 1624 luisse.

155 1647 178 1693 4.
189 1646 315 1705 proterea,
324 1644 409 1694 bomini
415 1682 424 1708 ,
434 1659 486 1694 cum
496 1645 526 1695 sit
538 1647 668 1710 temperata
678 1644 843 1709 complexionis
849 1684 858 1711 ,
873 1661 926 1698 cou-

124 1728 193 1779 grnus
208 1719 243 1764 est
259 1715 323 1765 locus
341 1719 487 1780 temperatus.
502 1717 544 1767 Sad
557 1716 620 1768 locus
637 1715 736 1782 paradisi
750 1728 797 1766 uon
813 1723 851 1768 ost
864 1719 926 1769 locas

123 1790 278 1850 temporatns3
292 1787 374 1836 dicitur
392 1788 454 1838 euim
473 1801 525 1839 csso
541 1790 582 1840 sub
600 1787 750 1852 aquinoctiali
769 1787 873 1852 circulo,
888 1789 926 1854 qui

123 1859 187 1909 locus
204 1857 294 1908 uidetur
306 1872 357 1910 csso
373 1859 537 1924 calidissimus,
554 1859 604 1910 ciam
617 1860 653 1911 bis
667 1860 691 1910 iu
704 1873 765 1910 anuo
778 1859 813 1910 sol
825 1863 926 1912 transcat

124 1944 194 1995 super
206 1931 360 1982 summitatem
373 1932 567 1996 capitaneorum
579 1932 620 1996 qui
632 1931 665 1982 ibi
677 1931 789 1982 habitant.
806 1933 868 1996 Ergo
880 1947 926 1998 pa-

124 2002 211 2053 radisus
220 2015 268 2054 uon
281 2006 316 2054 cst
332 2003 395 2054 locus
408 2017 521 2067 congruus
533 2003 667 2055 habitationi
681 2005 796 2055 humanm.

155 2075 200 2125 Sed
220 2078 297 2126 contra
317 2080 367 2141 ast,
388 2075 448 2140 qrrdd
463 2077 615 2126 Damascenis
631 2076 690 2140 (lib.
717 2077 744 2126 ll.
769 2075 842 2126 Orth.
867 2077 923 2141 fid„

125 2158 176 2210 cap,
188 2147 232 2212 tl)
239 2185 248 2211 ‚
261 2147 314 2198 dicit
327 2148 355 2198 da
368 2148 487 2212 paradiso,
504 2143 563 2211 quod
577 2150 613 2198 est
623 2165 637 2196 «
646 2147 722 2198 lirina
732 2146 808 2211 regio,
820 2150 846 2196 at
858 2148 926 2212 digua

126 2218 227 2283 ejusqui
244 2221 367 2270 secundum
380 2221 503 2283 imaginem
517 2219 561 2272 Dei
574 2223 636 2284 erat,
647 2220 797 2271 conversatio.
808 2235 822 2266 u

160 2291 313 2355 [Concursum
333 2318 364 2329 —
381 2292 503 2342 Paradisus
521 2295 557 2343 est
576 2292 641 2343 locus
659 2291 798 2343 munenibus
819 2293 926 2342 humanm

125 2362 261 2414 habitationi
274 2365 399 2415 secuudum
416 2365 515 2430 primmn
528 2365 608 2430 primm
624 2361 800 2415 immortalitatis
815 2362 926 2424 statum.)

157 2435 292 2499 Respondeo
304 2436 441 2499 dicandum,
454 2436 513 2501 qubd
525 2437 583 2488 34334
593 2450 661 2502 supra
675 2435 761 2486 dictum
772 2439 809 2486 334
819 2436 870 2500 (qu.
885 2439 923 2498 97,

125 2511 169 2558 nrt.
185 2506 227 2574 4),
239 2510 307 2559 bomo
322 2509 355 2558 sic
369 2514 418 2560 erat
431 2508 606 2574 incorruptibilis
617 2515 641 2561 et
652 2509 800 2570 immortalis,
816 2520 863 2559 nou
873 2507 925 2572 quia

126 2593 208 2646 corpus
221 2580 271 2644 ejus
284 2579 456 2645 dispositionem
469 2581 689 2646 incorruptibilitatis
702 2582 798 2632 haberat
805 2582 862 2644 ‚sad
873 2579 926 2644 quia

126 2652 201 2702 inerat
220 2651 301 2702 anima,
315 2653 350 2702 uis
364 2655 466 2718 quadam
481 2657 508 2705 ad
519 2655 705 2720 praserrandum
717 2651 822 2718 corpusa
833 2666 925 2716 corrup

79 2751 108 2782 u
126 2724 196 2776 tione.
208 2724 326 2788 corrumpi
342 2729 418 2777 autem
432 2731 508 2792 potest
526 2740 608 2791 corpus
626 2729 769 2790 humanum,
786 2728 810 2784 ct
823 2725 852 2776 ab
865 2725 925 2774 iute-

125 2795 195 2860 riori‚
210 2800 234 2846 at
254 2795 281 2845 ab
300 2799 417 2848 exteriori.
437 2800 469 2849 hh
487 2797 590 2850 interiori
608 2799 698 2863 quidem
717 2797 869 2862 corrumpitur
884 2809 925 2860 per

127 2866 323 2932 consumptionem
335 2869 438 2933 humidi,
453 2874 478 2922 ct
490 2883 531 2935 per
550 2874 705 2933 senectutem,
717 2873 742 2922 ut
759 2882 828 2933 supra
841 2867 924 2920 (1434333
980 2839 981 2902 i
