1984 3309
165 189 210 236 teo
373 195 433 234 niro
449 195 471 247 1,
487 195 579 241 ouusr.
597 195 667 246 xcix,
686 194 740 234 rur.
755 196 773 233 1.
976 179 977 224 t

110 339 113 346 Ι
163 277 232 326 homo
239 272 371 324 naturaliter
379 273 448 324 iubet
459 272 576 324 cerebrum
587 271 661 336 meins
671 272 695 322 in
702 271 830 336 muntitete
838 272 960 326 secuudum

164 345 333 413 proportionem
343 343 379 395 sui
388 343 502 409 corporis,
516 343 583 408 quim
594 347 678 394 cetere
690 343 807 395 animalia.
820 345 885 397 Unde
899 349 961 396 mtu-

164 420 211 470 rale
223 421 259 469 est
267 417 425 481 quodpropter
434 415 558 468 maximam
567 415 727 479 humiditatem
737 417 837 480 cerebri,
847 417 963 482 iupueris,

165 491 231 544 nerui
242 490 344 555 quisunt
358 489 507 540 instrumente
516 493 592 540 motus
601 527 608 550 ,
617 501 664 538 non
675 492 728 538 suni
737 488 816 560 idonei
829 491 860 540 nd
874 503 964 542 moven-

166 565 219 616 dum
235 563 343 614 membra.
356 563 391 612 Ex
407 561 453 612 elin
467 559 520 612 verd
533 564 597 624 parte
614 560 671 610 nulli
689 561 803 611 catholico
819 561 915 612 dubium
930 566 963 612 est

166 635 223 699 quin
240 634 318 689 diuino
335 632 419 684 virtute
433 633 484 685 ieri
496 632 567 697 possit
583 636 608 682 ut
627 632 692 696 pueri
709 645 763 683 mox
775 633 825 682 nuti
841 634 963 698 perfectum

166 706 273 758 nouom
286 706 384 757 habeant
397 705 426 756 ud
439 708 527 754 motum
544 705 703 756 membromm.
716 704 811 755 Constet
831 711 912 756 antem
929 719 963 769 per

166 778 323 830 auctoritatem
336 777 473 841 scripture,
487 775 548 840 quod
564 777 645 828 «Deus
659 776 712 829 tecit
726 775 844 828 hominem
858 782 962 828 rectum»
978 779 979 830 t

170 849 270 915 (Ecoli,
280 849 327 913 vil)
342 865 348 899 ι
363 850 392 899 Et
403 850 452 898 baeo
463 847 574 899 rectitudo
585 848 697 910 consistit,
709 850 735 897 ut
746 849 891 911 Augustinus
907 849 961 911 dicit,

167 921 192 972 in
201 921 302 986 perfectu
312 921 455 985 subjectione
465 919 564 985 eorporis
572 921 599 970 ad
610 920 718 970 unimam.
726 918 855 982 Sicutorgo
865 921 963 986 inprime

167 997 229 1044 stetu
244 1007 288 1044 non
304 997 391 1058 poteret
407 1006 458 1044 esse
476 991 501 1042 in
515 991 622 1043 membris
637 990 737 1041 hominis
750 990 837 1054 aliquid
854 993 918 1056 quod
931 1006 964 1042 re·
979 976 980 1038 i

168 1069 281 1129 pugnaret
300 1065 410 1115 ordinate
431 1063 531 1114 hominis
549 1063 673 1122 uoluntati,
695 1062 728 1112 itu
747 1063 852 1117 membra
871 1063 965 1115 hominis

169 1137 263 1199 deiicere
277 1151 323 1188 non
338 1139 444 1201 poteraut
459 1137 565 1188 humano
577 1134 699 1186 uoluntati.
713 1135 826 1184 Voluntas
840 1139 919 1186 autem
932 1139 967 1186 ho·

168 1206 237 1259 minis
250 1208 352 1259 ordinata
361 1212 409 1271 est,
419 1221 470 1270 quoe
483 1205 589 1260 tenditin
601 1209 665 1256 actus
675 1204 719 1256 sibi
731 1206 916 1271 convenientes3
927 1222 967 1258 nou

168 1284 222 1330 sunt
231 1283 307 1331 autem
320 1279 390 1331 iidem
400 1282 465 1329 actus
476 1277 642 1330 conuenientes
652 1276 737 1328 homiui
753 1278 883 1330 seeundum
895 1294 968 1345 quum

167 1352 224 1404 tibet
239 1356 339 1404 etatem,
356 1351 480 1402 Dicendum
499 1354 535 1402 est
552 1363 624 1417 ergo,
639 1351 697 1414 quod
714 1347 781 1413 pueri
793 1363 850 1402 mox
863 1353 913 1402 nati
927 1367 981 1408 uon

168 1425 300 1476 hnbmssent
320 1424 469 1474 sufficientem
489 1422 599 1473 uirtutem
617 1423 645 1480 ad
663 1421 802 1472 movendum
823 1425 930 1474 membra
946 1425 968 1472 ud

168 1496 281 1560 quoslibet
296 1499 376 1557 ectus,
387 1495 428 1546 sed
442 1495 472 1546 ad
485 1497 550 1544 aetus
561 1493 664 1558 pueritie
675 1491 856 1557 conuenientes,
875 1500 933 1560 putu
947 1497 968 1544 ad

167 1568 294 1632 sugendum
307 1567 389 1629 ubera,
404 1571 428 1618 et
440 1568 468 1617 ad
480 1567 527 1618 eliu
539 1565 678 1630 hujusmodi.

198 1641 233 1690 Ad
244 1639 344 1704 primum
353 1653 406 1702 ergo
416 1639 547 1702 dicendum,
555 1637 616 1702 qudd
627 1637 768 1702 Augustinus
776 1637 884 1704 loquitur
895 1643 925 1693 de
933 1643 969 1692 istu
981 1642 982 1682 t

168 1711 301 1762 infirmitate
317 1725 368 1774 qum
389 1725 449 1762 nunc
461 1711 486 1762 in
505 1709 581 1776 pueris
599 1714 707 1776 apparet,
722 1711 791 1762 etiem
812 1715 930 1775 quantum
949 1715 970 1762 ad

169 1787 234 1833 actus
247 1796 325 1833 eorum
334 1782 437 1847 pueritie
451 1782 628 1846 conuenientes,
643 1787 668 1833 ut
682 1785 746 1847 putet
755 1796 796 1846 per
809 1796 839 1832 ea
850 1799 907 1848 qum
919 1801 971 1852 pro·

170 1854 239 1905 mittit
248 1854 295 1918 (1),
313 1853 373 1919 qudd
387 1873 401 1904 u
409 1856 476 1921 juxta
489 1869 515 1906 se
527 1855 656 1920 jacentibus
671 1853 776 1905 mammis
792 1855 869 1918 uirgis
879 1863 972 1922 possum

171 1927 297 1980 esurientes
306 1929 374 1990 flere,
390 1926 457 1992 quim
468 1941 558 1991 sugere.
570 1944 584 1974 o

202 2000 238 2050 Ad
252 2000 374 2051 secundum
391 1999 524 2061 dicendum,
541 1997 656 2064 quidhoc
673 1998 735 2062 quod
747 1999 856 2062 quaedum
869 2002 972 2054 annualia

172 2072 248 2122 statim
258 2076 310 2123 netu
320 2072 407 2123 habent
421 2086 489 2122 usum
502 2071 670 2134 membrorum,
685 2073 780 2122 nonest
794 2085 824 2122 ex
839 2086 923 2126 eorum
938 2088 972 2124 uo-

171 2144 276 2205 hilitete‚
289 2143 340 2194 cium
354 2144 456 2208 quedam
468 2143 576 2194 ammaim
587 2142 723 2208 perfectiora
740 2145 843 2194 huonon
862 2147 971 2196 habeant:

174 2217 214 2266 sed
230 2217 275 2268 hoo
290 2215 325 2266 eis
342 2216 454 2280 contingit
464 2229 494 2269 ex
510 2215 610 2266 siccitate
621 2214 726 2282 cerebri,
738 2220 761 2266 et
774 2215 830 2279 quia
844 2222 914 2269 actus
928 2231 974 2282 pro-

173 2285 219 2351 prii
230 2286 309 2336 talium
322 2287 454 2337 animalium
471 2292 526 2338 sunt
542 2286 682 2352 imperfecti,
700 2287 729 2338 ud
743 2301 801 2352 quos
819 2289 894 2340 eiiam
909 2302 973 2354 parm

175 2359 246 2410 uirtus
261 2359 364 2410 sufficere
374 2362 458 2424 potest.

204 2431 343 2480 intertium
355 2435 419 2496 petet
435 2430 518 2485 solutio
529 2444 570 2494 per
586 2444 613 2482 eu
626 2445 676 2496 quae
688 2431 748 2482 dictu
761 2433 815 2482 sunt
828 2432 855 2482 iu
872 2448 972 2498 corpore.

174 2502 216 2553 Vel
229 2506 303 2567 potest
316 2503 375 2567 dici,
389 2502 450 2568 qudd
459 2503 518 2552 nihil
532 2503 704 2569 appetivissent,
713 2503 757 2556 nisi
770 2503 877 2558 ordinata
890 2507 974 2558 volun·

174 2577 220 2624 tete
235 2573 378 2626 conuenisset
391 2574 424 2626 eis
435 2574 562 2626 secundum
573 2578 654 2628 statum
665 2590 738 2628 suum.

209 2743 241 2807 (t)
255 2746 348 2792 Plenius
363 2746 432 2802 quim
452 2744 490 2794 tric
508 2753 532 2793 et
544 2748 688 2805 expressius,
705 2748 756 2794 cum
776 2749 810 2795 sio
824 2751 973 2809 nitmquiue·

176 2812 249 2855 tenter
261 2825 267 2852 z
279 2810 397 2854 Pecorrtm
404 2810 483 2866 potii,
493 2812 603 2868 quamvis
609 2812 728 2868 parvoli,
736 2818 846 2858 currunt
855 2818 878 2859 ct
887 2819 973 2860 moires

176 2875 324 2930 aamercort,
337 2884 380 2916 nec
395 2873 513 2930 respondis
527 2872 641 2920 odoribus
651 2877 714 2920 cord
727 2878 748 2920 ct
757 2887 802 2934 opo
814 2877 974 2924 admonentur

176 2935 275 2984 odient,
288 2932 329 2979 red
342 2946 370 2978 co
382 2933 433 2991 ipro·
442 2935 471 2979 ic
487 2938 604 2982 materni·
616 2936 759 2996 corporibus
772 2937 825 2984 ioco
837 2937 921 2988 obdito
929 2953 974 2999 po-
