1984 3309
130 180 176 228 toa
322 186 381 224 rana
394 187 417 237 1,
431 185 526 231 onaan.
542 186 599 234 um,
614 185 669 224 aar.
685 187 737 226 aru.

129 265 182 315 sitie
197 264 255 326 cibi,
268 274 336 327 quam
349 274 442 314 neceme
458 265 493 313 cst
506 263 614 312 reducere
624 262 650 312 in
661 263 729 314 adam
740 276 848 330 cansam;
863 269 889 316 et
897 267 929 316 sic

129 350 201 400 usqne
221 336 250 385 ad
269 347 361 384 caueam
375 333 472 398 numam
490 332 651 384 universalem.
670 333 726 385 cnm
739 334 811 398 igitur
828 337 889 387 Dens
904 337 932 388 sit

130 407 203 472 prima
215 419 284 458 canusa
299 405 434 456 universalis
447 419 494 456 uon
512 405 580 455 unius
596 405 686 468 generis
704 405 809 470 mutim,
826 409 867 458 sed
882 410 932 460 uni-

131 476 332 529 1erealitertotins
347 477 421 538 eutis,
434 475 576 541 impossibile
595 480 629 527 est
644 477 703 541 qubd
718 477 805 542 aliquid
817 481 934 546 contingat

130 554 215 615 praeter
230 549 332 600 ordinem
351 549 434 600 divina
449 548 635 613 gubematiouis3
649 550 687 600 sed
701 560 730 600 ex
748 551 793 600 hoc
811 551 864 615 ipso
877 553 935 617 qubd

130 621 214 686 aliquid
225 635 254 672 ex
263 634 309 670 nna
319 624 384 684 parte
397 619 487 672 uidetur
500 619 563 670 exire
578 621 606 670 ab
620 620 699 672 ordine
713 621 797 674 divine
810 623 936 686 providen-

131 693 183 757 tie,
194 693 234 757 qui
247 692 402 743 consideratur
415 691 539 743 secundirm
549 691 648 757 aliquam
662 692 821 756 particularem
830 709 933 761 eausam,

131 778 226 816 necesse
235 768 269 815 est
277 762 336 828 qnbd
344 762 369 814 iu
380 765 485 814 cumdem
493 763 595 814 ordinem
604 765 719 815 relabatur
729 765 857 817 secundum
869 769 934 818 aliam

131 851 225 896 causam
237 837 281 903 (1).
464 851 468 858 ’

163 911 196 960 dd
206 909 305 974 primum
319 922 372 973 ergo
386 909 521 972 dicendum,
535 909 594 974 qubd
608 909 665 960 nihil
678 909 795 962 invenitur
807 911 833 961 in
848 915 934 965 mundo

78 1013 101 1036 v
132 983 193 1048 quud
204 982 235 1032 sit
244 981 343 1032 totaliter
351 981 447 1043 mulum3
456 981 510 1044 quia
519 982 604 1032 malum
615 995 704 1045 semper
714 982 825 1032 fundatur
833 983 858 1034 in
866 986 935 1051 bono,

132 1057 158 1104 nt
171 1052 240 1118 suprd
254 1056 370 1105 osmnsum
381 1056 416 1104 est
431 1053 484 1117 (gn.
496 1055 539 1115 44,
555 1058 597 1104 art.
614 1058 637 1116 a,
652 1057 675 1104 et
687 1068 726 1118 qu.
741 1057 781 1114 49,
793 1059 838 1106 art.
851 1057 894 1120 3).
910 1060 938 1108 Et

134 1125 186 1176 ideo
203 1138 241 1176 res
254 1125 331 1189 aliqua
343 1124 425 1175 dicitur
435 1126 495 1174 mala
508 1139 549 1190 per
565 1127 610 1176 hoc
626 1124 687 1190 qnod
702 1124 749 1176 exit
759 1125 788 1175 ab
803 1127 884 1179 ordire
897 1130 939 1180 ali·

135 1198 201 1262 cujus
222 1196 364 1260 canicularis
382 1196 445 1247 boni.
467 1196 493 1245 si
509 1201 584 1248 autem
603 1195 703 1248 totaliter
720 1197 793 1248 exiret
813 1199 843 1250 ab
860 1200 940 1253 ordine

135 1267 305 1334 gubernationis
316 1267 416 1332 divina,
429 1267 529 1318 totaliter
540 1267 598 1318 nihil
611 1271 678 1320 esset.

167 1344 201 1393 dd
214 1344 336 1394 secundum
346 1341 476 1401 dicendum,
493 1340 555 1405 qndd
568 1341 642 1404 aliqua
656 1338 761 1391 dicuutur
772 1355 825 1392 csse
837 1345 938 1394 casualia
983 1367 984 1402 ι

135 1415 160 1466 in
179 1415 248 1466 rebus
269 1428 310 1479 per
325 1413 427 1465 ordinem
443 1413 471 1464 ad
488 1426 569 1463 causas
582 1412 743 1478 caniculares,
761 1416 826 1464 extra
844 1428 940 1478 quamn
983 1403 984 1460 l

135 1487 237 1539 ordinem
249 1486 314 1537 dunt.
325 1485 370 1537 Sed
378 1489 488 1550 quantum
499 1486 527 1535 ad
537 1485 636 1536 diluam
647 1484 815 1549 providentiam
827 1487 938 1551 pertinet,

135 1559 193 1610 nibil
205 1560 231 1609 fit
242 1572 297 1609 casu
314 1558 339 1608 in
351 1558 450 1622 mundo,
463 1561 487 1608 nt
500 1557 640 1620 Augustinus
656 1555 711 1608 dicit
721 1556 747 1607 in
760 1557 801 1607 lib.
825 1559 937 1610 LXXlllll

137 1632 273 1693 Quaestione.

168 1703 201 1753 dd
212 1702 306 1752 tertium
320 1702 455 1765 dicendum,
465 1699 527 1765 uubd
537 1701 642 1752 dicuntur
655 1700 725 1766 aliqui
735 1700 834 1753 effectus
850 1703 941 1764 contin-

136 1778 231 1838 gentes,
245 1788 288 1838 per
303 1773 493 1839 comparationem
510 1773 538 1823 ad
551 1773 665 1838 proximas
680 1785 760 1823 causas
770 1812 777 1834 ,
787 1788 841 1836 qum
851 1775 877 1825 in
894 1777 941 1826 suis

137 1845 256 1896 ellectibus
268 1845 365 1896 deficere
378 1849 489 1910 possunt,
506 1858 551 1896 con
561 1847 654 1909 propter
664 1845 709 1895 lroc
717 1844 779 1908 qubd
789 1846 878 1910 aliquid
890 1849 941 1898 lieri

137 1916 210 1983 possit
223 1921 288 1968 extra
306 1921 377 1967 totum
400 1917 502 1967 ordinem
520 1915 689 1979 gubernationis
707 1916 805 1982 diuinae;
822 1919 877 1982 quia
897 1920 941 1970 troc

137 1991 212 2056 ipsum
227 1989 288 2055 qubd
299 1989 385 2054 aliquid
395 1989 508 2052 contingit
522 1993 605 2054 praeter
614 1987 717 2040 ordinem
730 2002 804 2041 causae
816 1992 937 2056 proximae,
982 2027 983 2046 ι

138 2068 173 2116 est
188 2078 219 2115 ex
231 2062 306 2128 alium
321 2076 389 2114 cansa
404 2062 507 2127 subjecta
516 2059 674 2126 gubernationi
685 2059 778 2114 diuina.
982 2063 983 2136 ζ

421 2206 581 2258 autrannus
596 2206 655 2256 Vlll.

170 2316 255 2361 narem
264 2315 358 2373 oliqreid
365 2315 437 2373 ouant
447 2315 520 2423 religi
529 2319 613 2388 contro
622 2313 729 2360 ordinem
735 2315 915 2371 gubernationis

509 2391 588 2423 eornm.

171 2479 204 2527 nd
220 2480 325 2527 namnum
336 2477 370 2528 sic
382 2477 518 2542 'proeedbnr
533 2477 577 2542 (2).
593 2475 685 2528 Videtur
695 2478 754 2543 qurbd
769 2479 853 2544 aliquid
870 2483 942 2546 possit

139 2549 207 2600 reniti
217 2552 297 2599 contra
308 2540 409 2600 ordinem
419 2549 589 2613 gubernationis
599 2549 691 2602 divine.
701 2551 786 2601 llicitur
795 2551 857 2602 enim
867 2555 941 2617 Iani,

173 2657 206 2721 (1)
221 2659 277 2706 Putd
290 2666 317 2704 nt
332 2673 375 2717 per
384 2662 476 2717 culpam
491 2661 572 2706 exiens
583 2641 700 2708 relabatur
712 2675 754 2719 per
764 2675 871 2719 paenam
886 2665 944 2710 sicut

140 2723 173 2767 illi
184 2723 224 2779 qui
231 2723 337 2781 fugitivi
342 2729 467 2782 perpetem
472 2724 636 2780 providentio
643 2725 694 2789 (τῆς
705 2725 797 2776 olosma
811 2726 941 2792 προνοίας),

140 2794 295 2913 ξῖἐίιιιιὶἃιῖῗῶο
312 2793 465 2840 tenebricosis
486 2795 628 2852 compediti,
649 2796 720 2855 Sum,
733 2799 812 2856 XVII,
833 2811 894 2846 vcro.
912 2800 941 2859 2,

176 2923 206 2986 (2)
222 2929 254 2971 lle
269 2926 304 2972 tric
313 2927 384 2973 etiam
399 2926 490 2987 contre
502 2929 582 2982 Geni„
595 2930 636 2977 lib.
648 2932 693 2993 111,
708 2941 761 2988 cap.
772 2929 812 2976 64.
