1984 3309
154 194 200 240 588
368 198 428 236 anus
444 201 466 249 1,
483 197 575 242 ounsr.
593 197 637 249 dx,
655 197 709 235 aar.
729 199 745 234 ι.

152 278 268 330 sensibilia
277 289 387 340 corpora,
402 279 426 325 et
439 274 539 324 diuersas
547 273 608 324 circa
619 273 719 325 diversa.
733 275 868 325 Aristoteles
879 278 943 324 antem
971 255 975 338 ³

152 351 229 414 posuit
246 347 306 412 qubd
326 346 459 397 substantia
476 345 636 396 immateriales
655 359 703 396 aon
725 350 780 396 sunt
800 345 890 410 species
907 360 947 396 cor-

151 435 231 487 porum
244 419 397 480 seusibilium‚
408 419 448 469 sed
464 417 551 481 aliquid
567 417 636 467 altius
648 419 672 468 el
682 417 850 482 universalius;
866 422 891 468 et
904 419 947 467 ideo

152 507 198 544 mou
215 491 317 541 attribuit
329 491 363 541 eis
373 489 527 540 immediatam
541 488 709 554 presidentium
723 503 790 554 supra
802 490 897 554 singula
910 504 948 540 cor-

152 577 216 628 pora,
231 564 271 613 sed
285 562 359 613 sollum
378 575 446 625 supra
456 560 596 611 universalia
610 561 715 624 agentia,
728 573 779 625 quae
794 565 849 610 sunt
865 574 949 626 corpora
974 561 975 586 ³

152 636 260 687 coelestia.
282 635 397 684 avicenna
417 632 473 682 uerd
492 633 589 683 medium
612 632 672 681 uiam
698 637 791 682 secutus
812 637 857 684 est.
881 633 948 683 Posuit

152 707 213 759 enlm
223 721 274 756 cum
284 707 379 756 Platone
388 705 486 769 aliquam
497 703 949 768 substantiamspiritualcmpresidentem

153 778 285 830 immediate
303 779 398 842 spherae
411 777 537 827 activorum
551 780 575 826 et
596 775 750 840 passivorum3
766 788 794 826 co
815 777 891 839 quod,
904 778 949 827 siout

154 852 219 902 Plato
240 852 340 916 ponebat
361 849 519 913 quod-forme
537 850 620 898 honam
637 846 777 898 sensibilium
796 846 947 898 derivanturi

153 923 290 974 substantiis
302 921 503 983 immaterialibus,
512 920 545 970 ita
555 919 624 970 edam
636 917 751 968 ducenda
759 921 805 968 boc
815 921 904 982 posuit.
915 919 949 970 Sed

153 995 178 1046 iu
193 997 237 1045 boc
247 993 262 1044 b
272 996 366 1044 Platone
381 992 474 1055 diflert,
492 990 554 1056 qubd
570 990 647 1056 posuit
663 1003 731 1039 unam
743 989 834 1039 tautum
851 992 948 1042 substan-

151 1067 209 1116 tiam
226 1066 399 1116 immaterialem
412 1064 570 1128 presidentem
589 1061 694 1112 omuibus
713 1061 847 1126 corporibus
862 1063 948 1113 interio-

154 1137 227 1199 ribus,
238 1149 306 1200 quam
318 1135 409 1185 vocarit
421 1135 618 1200 intetttpentr‘cm
628 1137 752 1197 aperilem.
764 1135 874 1186 Ductores
886 1141 950 1184 autem

155 1208 229 1258 sancti
249 1210 387 1272 posueruut,
397 1207 456 1256 siem
471 1211 495 1257 et
508 1205 629 1270 platonici,
646 1205 742 1256 diversis
755 1206 826 1256 rebus
846 1207 951 1271 eorpords

155 1278 257 1328 diversas
279 1277 418 1329 substantias
440 1277 569 1341 spirituales
591 1289 641 1326 esse
662 1277 806 1341 prepositus.
825 1278 886 1328 llicit
901 1281 952 1329 enim

154 1350 294 1413 Augustinus
305 1349 329 1398 in
341 1350 381 1400 lib.
398 1350 510 1400 Lilillllll
520 1349 654 1410 Qaoesltoo.
662 1350 710 1412 (qu.
722 1351 762 1411 ’19)
772 1364 779 1398 :
792 1351 952 1413 «Unaquaeque

153 1421 189 1471 les
207 1421 306 1472 risibilis
325 1422 350 1470 iu
368 1423 412 1472 hoc
426 1421 511 1470 mundo
528 1421 598 1470 babet
614 1420 739 1484 angelicam
758 1422 952 1484 potestatemi
918 1419 952 1470 sibi

151 1493 305 1558 praepositam
317 1494 374 1542 alit
384 1494 537 1542 [tamassanus
552 1491 599 1556 (lib
610 1493 639 1541 11.
653 1491 776 1540 Fidei
734 1503 765 1540 or
766 1489 848 1548 tbod„
861 1507 951 1557 cap,
925 1493 943 1540 tt

153 1563 224 1613 dicit:
239 1581 252 1612 ι
263 1564 370 1614 diabolus
380 1568 429 1614 erat
438 1563 508 1614 exiis
523 1563 631 1627 angelicis
645 1561 768 1613 virtutibus
779 1575 833 1638 quaa
847 1570 952 1628 praeeant

153 1635 255 1685 terrestri
266 1635 351 1699 ordini3
362 1652 376 1682 n
387 1640 411 1686 ct
420 1635 528 1698 Origenes
537 1634 592 1684 dicit
604 1647 672 1698 super
681 1633 736 1682 illud
748 1623 855 1683 Numer.
858 1637 949 1697 ,zxxit

154 1705 235 1755 «Cum
247 1705 345 1757 uidisset
358 1708 421 1756 asina
435 1719 464 1755 ιι
466 1707 556 1770 gelum,¹
570 1722 583 1752 ι
598 1705 659 1770 qubd
671 1717 752 1769 «opus
766 1705 803 1756 est
817 1708 906 1758 mundo
920 1721 953 1756 an

154 1777 210 1838 gelis
224 1777 262 1839 qui
278 1783 379 1840 presunt
394 1793 462 1842 super
476 1779 575 1841 bestias,
590 1781 613 1828 et
630 1780 732 1840 praesuut
747 1777 880 1828 animalium
901 1780 955 1828 uati·

154 1845 233 1910 vitati,
247 1851 270 1898 et
284 1849 446 1913 uirgultorum,
460 1853 484 1900 et
499 1850 682 1913 plantationum,
700 1851 723 1898 et
739 1853 871 1898 ceterarum
885 1865 956 1900 rerum

156 1918 312 1970 incrementis.
328 1937 342 1967 n
358 1922 403 1971 Sed
420 1924 464 1972 hoc
476 1935 524 1972 non
537 1925 572 1971 est
588 1921 721 1986 ponendum
734 1925 828 1984 propter
841 1922 885 1969 boc
902 1922 957 1984 quial

155 1990 280 2041 moundiam
297 2005 361 2041 suam
379 1996 484 2042 naturam
505 2005 564 2043 unias
583 1993 677 2058 angelus
696 1991 769 2056 magis
789 2005 813 2042 se
830 1992 916 2044 babeat
934 1995 957 2041 ad

155 2062 324 2126 presidentium
336 2063 471 2114 animalibus
484 2064 551 2127 qarbm
566 2064 663 2128 plautis3
679 2063 732 2126 quia
746 2062 845 2126 quilibet
856 2065 958 2126 augelus,

154 2135 222 2186 etiam
233 2134 349 2197 minimus,
355 2136 425 2186 habet
432 2136 535 2186 altiorem
543 2135 652 2186 sidrutem
662 2139 686 2185 et
693 2135 881 2185 universaliorem
892 2137 958 2200 quain

155 2207 245 2269 abquod
256 2219 329 2268 genus
346 2208 511 2272 corporalium3
531 2208 572 2258 scd
586 2221 616 2258 eu
631 2206 710 2257 ordine
727 2201 811 2264 diviua
825 2206 959 2272 sapientia.

154 2291 205 2340 qua
225 2277 320 2328 dirersis
337 2280 408 2329 rebus
422 2279 525 2330 diuersos
547 2283 645 2330 rectores
663 2277 791 2344 proposuit
813 2279 861 2329 Nec
882 2283 959 2329 tamen

155 2353 247 2414 propter
260 2352 304 2400 hoe
321 2351 424 2414 sequitur
430 2351 494 2416 quod
501 2352 547 2402 sint
559 2352 636 2416 plures
645 2351 879 2414 ordinesangeloruut
892 2352 959 2416 quim

153 2431 249 2482 udrem3
263 2422 331 2485 qnia,
345 2422 404 2472 sicut
414 2423 485 2486 suprl
505 2423 591 2472 dictum
605 2427 656 2484 est,
674 2421 767 2473 ordines
786 2421 959 2485 distinguuntur

152 2491 277 2541 secuudum
299 2494 413 2556 generalia
429 2494 514 2544 officia.
527 2495 591 2545 Unde
610 2494 669 2544 sicut
683 2494 808 2544 secuudum
822 2495 958 2557 Gregorium

153 2563 182 2611 ad
198 2563 299 2614 ordinem
317 2567 401 2614 Potest
390 2569 473 2615 totum
488 2566 603 2630 pertiueul
623 2579 703 2617 omues
722 2567 796 2630 angeli
814 2566 854 2630 qni
873 2568 959 2616 babent

153 2634 244 2697 proprie
257 2635 424 2698 presidentium
440 2648 508 2702 super
524 2639 650 2698 daemonem
666 2639 697 2688 ita
716 2640 745 2688 ad
762 2638 867 2690 ordinem
881 2638 960 2687 Virtu-

155 2707 204 2753 tum
214 2705 334 2777 pertinere
341 2707 447 2758 ridentur
459 2722 540 2760 omues
554 2709 629 2772 angeli
637 2709 678 2773 qui
691 2710 777 2760 hubent
789 2703 957 2774 praesidentiam

154 2787 224 2836 super
241 2787 276 2824 res
289 2770 346 2837 pirre
361 2791 494 2845 corporeas3
514 2781 595 2830 borum
616 2780 677 2832 euim
699 2781 826 2832 ministerio
843 2780 959 2831 interdum

155 2844 225 2893 etiam
241 2844 349 2896 miracula
362 2848 427 2900 dunt.
