1984 3309
130 236 175 281 als
313 238 373 277 rans
390 240 411 289 ι,
429 236 520 284 onem.
538 236 639 286 aum,
657 234 711 273 aar.
728 236 747 272 r.

129 326 207 372 amen
220 318 299 369 eadem
315 317 395 367 ammae
407 317 501 379 natura;
515 326 562 365 nou
573 312 606 363 ita
618 311 679 376 quod
691 310 753 362 uniri
763 313 854 378 corpon'
865 314 894 363 sit
906 314 928 363 ei

129 392 280 455 accidentale,
302 391 342 440 sed
362 402 403 453 per
421 386 534 437 rationem
554 399 601 435 sue
620 388 707 435 naturae
721 386 813 449 corpori
833 386 926 437 unitur:

131 465 190 515 sicut
202 477 245 514 nee
264 463 321 514 levis
331 464 412 512 natura
425 462 524 508 mutatur
537 456 590 506 ciun
603 460 641 505 εει
654 456 681 505 in
692 456 742 507 loco
755 457 852 522 proprio
866 458 929 523 (quod

131 537 199 587 esici
215 534 323 599 naturale)
335 572 340 594 ,
354 536 376 583 ει
391 534 443 581 clim
462 533 497 581 est
514 532 578 580 extra
591 528 709 593 proprium
723 528 813 595 locum,
828 532 885 594 quod
898 534 929 581 est

131 610 152 658 ei
170 612 254 673 praeter
271 611 381 657 naturam.
406 602 492 653 llnimae
511 600 583 665 igitur
603 600 728 651 secunddm
750 601 823 651 istum
844 604 930 653 modum

131 682 222 733 essendi
236 693 280 745 qrro
293 677 381 744 corpori
393 680 429 727 est
441 675 514 734 unita,
524 673 633 738 competit
644 674 724 723 modus
735 673 882 738 intelligendi
893 689 931 739 per

132 754 302 806 conversionem
314 752 340 801 ad
353 748 513 815 phantasmata
522 758 710 810 corporumque
722 748 776 795 sunt
785 746 808 795 in
822 748 931 812 corporeis

132 828 232 891 organis.
248 822 305 875 Cdrn
324 826 397 873 auteur
418 819 514 871 fueriti
534 830 628 882 corpore
648 820 767 881 separata,
787 818 896 883 competit
911 824 932 868 et

131 900 213 949 modus
223 894 365 959 intelligendi
378 906 418 959 per
429 890 603 943 conversionem
614 891 642 939 ad
655 902 682 940 ea
694 903 746 954 qun
760 895 815 940 sunt
828 890 932 955 iutelligi-

131 971 185 1021 bilia
200 968 343 1033 simpliciter,
361 966 421 1016 sicut
434 969 457 1016 ει
469 963 519 1013 ειὶιε
532 961 687 1012 ειιειιιιιιιει
701 974 797 1027 corpore
816 963 932 1027 separatis.

133 1044 196 1093 Unde
214 1042 295 1091 modus
313 1038 455 1101 intelligendi
471 1049 513 1101 per
528 1034 699 1085 conversionem
716 1034 744 1083 ad
759 1034 933 1097 phantasmata,

132 1118 167 1165 est
178 1112 260 1163 anime
271 1110 393 1173 naturalis,
406 1109 463 1159 sicut
473 1112 496 1158 et
507 1106 597 1171 corpori
609 1106 679 1170 uniri3
691 1106 731 1155 sed
745 1118 797 1155 esse
808 1112 935 1172 separatam

132 1186 146 1235 l
163 1198 271 1249 corpore,
288 1186 323 1233 εει
341 1185 422 1247 prater
437 1180 550 1230 rationem
564 1192 612 1228 suae
630 1182 731 1239 natura,
744 1181 768 1227 et
784 1178 892 1230 slmiliter
903 1181 936 1229 in-

133 1257 234 1321 telligere
248 1256 296 1306 sine
313 1252 459 1305 conversione
473 1253 501 1302 ad
516 1252 725 1327 phantasmataest
739 1248 760 1300 ei
774 1253 934 1313 preteream

132 1342 189 1379 rani.
207 1330 237 1379 El
250 1329 301 1379 ideo
317 1328 344 1378 ad
358 1328 401 1377 hoc
414 1324 492 1375 unitur
505 1322 593 1387 corpori
603 1326 628 1372 ut
639 1322 673 1374 sie
685 1324 800 1389 operetur,
813 1323 935 1375 seeundirm

189 1416 199 1449 v
277 1413 321 1449 am.

133 1403 274 1523 natqrreprpmsp
283 1484 361 1521 rursus
373 1469 443 1521 habel
456 1465 629 1519 dubitationem.
642 1464 701 1515 Cdm
715 1464 779 1515 cuim
796 1478 836 1517 res
848 1480 937 1533 semper

134 1545 251 1597 ordinetur
267 1544 295 1593 ad
310 1542 334 1593 id
351 1540 412 1606 qnod
425 1539 507 1591 melius
520 1542 555 1589 εει
568 1538 617 1603 (εει
630 1541 706 1588 autem
718 1536 801 1588 melior
809 1540 894 1591 modus
904 1542 937 1589 in-

133 1616 249 1681 telligendi
260 1628 301 1679 per
316 1612 486 1664 conversionem
501 1612 529 1660 ad
543 1608 693 1673 intelligibilia
709 1608 858 1675 simpliciter,
872 1610 938 1677 quini

133 1703 174 1753 per
188 1687 361 1739 conversionem
375 1685 402 1733 ad
418 1682 610 1749 phantasmata),
624 1682 701 1732 debuit
712 1682 746 1731 sie
761 1680 835 1732 ibeo
848 1684 940 1735 institui

133 1759 216 1810 animae
228 1762 318 1820 natura,
328 1762 355 1807 ut
363 1757 443 1807 niodus
453 1754 597 1818 intelligendi
608 1753 707 1804 nobilior
718 1753 740 1803 ei
748 1757 811 1805 esset
819 1756 937 1818 naturalis

132 1835 157 1882 et
168 1843 214 1880 non
224 1830 336 1893 indigeret
350 1828 439 1893 corpori
450 1831 544 1893 propter
553 1829 598 1877 boc
615 1826 685 1876 uniri.
698 1825 897 1879 Considerandum
908 1833 939 1879 εει

132 1903 201 1967 igitur
212 1901 271 1967 qudd
286 1900 329 1951 etsi
343 1900 469 1963 intelligere
482 1914 525 1965 per
536 1899 706 1950 conversionem
718 1899 746 1949 ad
759 1900 894 1964 superiora,
913 1903 941 1951 sit

134 1975 265 2041 simpliciter
275 1974 446 2038 nobiliusquim
455 1972 583 2037 intelligere
594 1987 637 2038 per
648 1971 821 2023 conversionem
830 1976 859 2023 ad
866 1977 940 2039 plran-

132 2052 243 2109 tasmata‚
257 2056 333 2097 tamen
347 2044 385 2097 ille
402 2046 483 2095 modus
497 2044 656 2109 intelligendi,
670 2047 739 2108 prout
753 2048 802 2094 erat
822 2048 941 2109 possibilis

133 2121 230 2183 anima,
245 2122 294 2170 erat
308 2118 476 2183 imperfectior3
491 2118 552 2182 quod
567 2117 601 2167 sic
615 2120 685 2181 patet.
701 2117 728 2166 ln
749 2116 857 2167 omnbius
880 2120 941 2169 enim

96 2188 98 2191 ’
135 2192 268 2245 substantiis
283 2188 473 2241 intellectualibus
486 2188 684 2239 inveniturvirtns
696 2188 838 2240 intedectiva
850 2203 895 2255 per
908 2191 941 2239 in·

134 2264 252 2316 fluentiam
264 2264 336 2314 divini
350 2262 450 2312 luminis.
465 2262 529 2320 Quod
545 2260 637 2325 quidem
654 2261 678 2310 iu
688 2260 763 2325 primo
775 2262 892 2327 principio
907 2268 941 2313 εει

134 2341 239 2403 rrnumet
253 2335 362 2403 simplem
376 2338 399 2385 ει
408 2333 492 2399 quantb
504 2335 578 2398 magis
592 2336 699 2384 creatura
713 2333 880 2386 intellectuales
896 2338 941 2386 dis

135 2413 184 2459 tant
199 2408 211 2458 ι
226 2408 299 2475 primo
313 2404 443 2473 principio,
456 2404 519 2457 tautd
531 2406 605 2469 magis
620 2405 729 2456 dividitur
746 2404 803 2456 illud
819 2406 900 2459 lumen
920 2412 941 2459 ει

136 2480 312 2543 diversificatur,
327 2480 386 2529 sicut
402 2478 485 2529 accidit
496 2482 520 2527 in
529 2478 597 2528 lineis
607 2473 621 2529 i
631 2481 709 2528 centro
721 2477 903 2541 egredientibus.
914 2481 941 2529 ιιι

135 2552 188 2602 inde
199 2557 232 2602 εει
245 2552 305 2615 qudd
316 2552 374 2601 Deus
388 2564 507 2615 peonnam
518 2564 581 2600 suam
595 2550 716 2599 essentiam
730 2549 807 2600 omnia
822 2550 939 2617 intelligit.

136 2624 269 2689 Superiores
280 2628 355 2673 antem
365 2624 552 2673 intellectualium
562 2623 748 2686 substantiarum,
758 2623 803 2672 elsi
816 2626 941 2689 perplures

135 2698 219 2747 formas
234 2695 376 2759 intelligant,
395 2701 473 2747 tanuen
488 2695 619 2759 intelligunt
631 2708 673 2758 per
686 2693 806 2759 pauciores
813 2733 822 2759 ,
835 2702 860 2745 ει
870 2696 942 2759 magis

135 2767 278 2818 universales
288 2766 466 2818 etviriuosiorcs
475 2768 503 2818 ad
511 2766 740 2831 comprehensionem
748 2780 835 2830 rernm,
849 2774 942 2833 propter

135 2840 259 2891 efficaciam
273 2838 365 2888 virtutis
383 2840 527 2891 intellectiva
545 2853 595 2903 quae
608 2842 644 2889 cst
656 2838 681 2888 in
694 2838 737 2889 eis.
752 2838 779 2888 ln
790 2837 939 2889 inferioribus

135 2916 210 2962 autem
227 2915 279 2961 suut
290 2912 367 2961 ionnae
381 2913 473 2976 plures,
488 2916 512 2961 et
525 2911 601 2960 minis
612 2910 753 2961 universales
764 2913 789 2961 ει
801 2906 880 2962 minis
888 2914 941 2961 elli-

137 2996 200 3035 caces
215 2984 242 3033 ad
251 2983 479 3048 comprehensionem
489 2996 578 3047 remu,
590 2983 616 3033 in
627 2986 739 3047 quantum
747 2982 858 3035 deliciunt
868 2985 881 3035 l
890 2985 941 3034 vir-
