1984 3309
296 183 327 221 nr
342 180 434 222 nocivo
449 182 608 223 voummrms.
809 154 855 224 7⁴15

77 263 114 312 dd
124 259 253 313 secundum
266 260 400 325 dicendum,
414 260 474 324 qnod
486 265 563 312 moins
575 263 703 326 corporales
710 263 805 314 hmuoui
818 279 854 316 re-

46 335 165 383 ducuntur
171 330 197 380 in
204 334 292 382 motum
300 331 400 382 coelestis
409 332 510 396 corporis
521 331 579 384 sicut
587 333 612 384 in
624 347 702 398 causa,
713 333 855 398 inquantum

47 404 99 468 ipsa
109 399 232 467 dispositio
244 413 380 468 organorum
392 416 492 467 congma
505 407 540 456 est
551 405 580 455 ad
590 408 676 456 motum
687 405 814 470 aliqualiter
826 419 855 458 ex

45 474 200 540 impressione
213 475 339 526 celestium
351 488 486 540 corporum,
501 479 524 526 et
536 475 681 540 inquantum
695 477 765 527 etium
777 490 854 542 appe·

47 547 103 596 titus
117 545 244 596 seusitirns
258 549 413 597 commoretur
424 559 453 597 cx
464 544 615 611 impressione
627 547 752 598 coeicsiium
771 561 854 614 cmpo-

48 632 99 668 rum
105 653 115 681 ,
130 621 155 668 et
169 616 266 668 uicerim
270 655 279 682 ,
293 618 318 668 in
332 623 440 683 pnanmnr
453 631 546 683 corpora
560 619 671 670 exteriore
684 623 805 672 moventur
818 635 855 672 se-

48 689 150 740 cundum
172 692 260 740 motum
279 689 408 741 coelestium
428 703 560 755 corporum,
576 703 604 742 cx
625 703 722 755 quornm
745 705 856 744 concursu

48 761 166 811 rolunms·
173 760 257 824 incipit
269 761 354 825 aliquid
368 761 429 812 rollo
444 761 481 812 uei
494 774 542 812 nou
555 761 627 824 vetio,
646 761 705 811 sicut
722 761 856 814 adveniente
890 785 893 792 ⁴

48 831 137 894 frigore
149 830 231 894 incipit
247 831 330 902 adnuis
341 833 401 883 uelle
417 832 492 883 iacere
507 833 593 896 ignom.
612 831 714 884 Sedisca
730 832 801 882 motio
817 845 857 884 vo·

48 902 148 953 luntatis
161 905 198 952 est
207 916 235 952 cx
245 906 310 968 parte
323 904 406 968 objecti
418 903 519 955 crudus
531 903 678 968 presentati,
692 916 741 953 nou
751 913 778 953 ex
791 907 857 967 parte

50 973 168 1025 interioris
181 973 313 1025 instinctis.

82 1046 117 1095 dd
126 1045 223 1096 tertium
236 1044 444 1110 dicendum,qndd
457 1045 518 1097 dont
527 1046 612 1098 nuum
624 1049 673 1112 est,
685 1046 797 1113 appetitus
807 1057 860 1097 son·

49 1115 191 1166 sitiruscsi
210 1119 277 1166 actus
295 1117 374 1181 organi
394 1117 524 1182 corporalis.
544 1117 609 1169 Unde
628 1118 686 1168 nihil
704 1117 809 1182 prohibet
829 1131 858 1169 ex

52 1187 205 1252 impressione
216 1201 336 1252 corporum
350 1189 477 1239 cmlestiurn
491 1189 582 1253 aliquos
596 1202 646 1240 csse
658 1189 747 1240 habiles
757 1189 786 1239 ad
802 1188 859 1241 iras·

53 1259 154 1311 ccudmu
166 1259 205 1309 uei
216 1258 443 1323 'concupiscendum
456 1259 494 1309 uei
511 1259 610 1324 aliquam
621 1259 752 1324 hujusmodi
767 1261 858 1324 passio-

52 1343 121 1393 ncm;
133 1329 195 1380 sicut
209 1343 239 1381 ex
247 1330 405 1394 complexione
417 1330 515 1381 naturali
522 1330 599 1394 plures
607 1329 724 1380 hominnm
733 1333 860 1394 sequuntur

56 1400 187 1465 passiones,
203 1400 285 1465 quibus
299 1401 341 1452 soii
358 1401 474 1466 sapientes
493 1400 612 1452 resistunt.
625 1401 655 1450 Et
667 1401 719 1451 idco
733 1403 757 1450 nt
770 1401 795 1451 iu
807 1401 860 1465 pln-

56 1472 119 1524 ribus
129 1473 280 1523 ueriiicuntur·
290 1486 343 1536 qun
356 1473 533 1538 pronuntiantur
546 1473 573 1524 de
588 1472 676 1523 actibus
693 1471 812 1522 hominum
825 1485 860 1522 se-

56 1543 159 1612 cundnm
174 1545 379 1596 considerationem
391 1544 519 1596 celestium
534 1555 661 1608 corporum.
674 1543 718 1594 Sed
731 1546 823 1606 nmen,
836 1545 862 1593 ut

56 1615 197 1666 Ptolomeus
211 1615 267 1666 dicit
276 1615 302 1666 in
312 1615 482 1680 concitoque,
491 1631 506 1664 u
515 1613 607 1678 sapiens
619 1613 833 1675 dominaturcstris,
844 1629 858 1660 u

55 1686 155 1747 scincet,
170 1685 224 1749 qnia
237 1687 346 1739 resistens
363 1686 524 1751 passionibus,
544 1685 642 1750 impedit
661 1699 703 1752 por
720 1686 861 1736 uoluntatem

57 1757 152 1807 diorum
171 1760 195 1806 et
212 1770 356 1821 nequequam
377 1757 449 1809 motui
465 1757 553 1809 coelesti
569 1757 710 1822 sth'ectam,
730 1755 862 1820 hrrjnsmodi

58 1829 185 1880 celestium
204 1842 322 1893 corporum
344 1829 448 1880 commu.
467 1828 524 1892 Vel',
539 1833 565 1880 nt
584 1829 721 1894 Augustinus
744 1827 810 1892 dicit,
831 1829 859 1878 11.

59 1905 141 1964 snper
153 1901 214 1950 Gen.
234 1901 270 1949 ud
287 1900 333 1948 lit.-
346 1900 414 1965 (cup.
432 1900 490 1964 27),
511 1917 524 1947 u
541 1897 658 1952 iciendum
674 1904 709 1952 est
724 1901 814 1964 quondo
833 1900 861 1949 nb

59 1972 178 2036 ustrciogis
191 1986 245 2024 vore
262 1972 382 2036 dicuntur,
395 1972 505 2023 instinctu
522 1971 621 2036 mudum
637 1970 789 2022 occultissimo
803 1970 847 2020 dici
852 2007 861 2033 ‚

57 2055 124 2105 quom
143 2042 274 2094 nescientes
291 2044 397 2094 humaniue
409 2046 499 2095 mentes
515 2043 649 2108 patiuntur3
665 2043 741 2106 quod,
758 2041 810 2090 cim
833 2042 862 2090 ad

60 2113 222 2179 decipiendum
231 2113 383 2178 hominesdt,
393 2114 515 2179 spirituum
525 2116 668 2165 seductorum
682 2111 783 2177 operatio
797 2113 861 2162 estu

356 2275 566 2329 recredidisset.
633 2311 636 2316 ι

88 2393 176 2438 Utrum
190 2393 302 2438 voluutas
315 2393 463 2464 moveatur&
473 2393 522 2466 .⁰‘.³⁰
536 2392 597 2447 solu,
611 2391 674 2436 sicut
687 2390 716 2435 ab
726 2390 836 2436 nteriori

400 2467 528 2512 pnrrctpro.

93 2573 126 2623 nd
140 2574 230 2623 sextum
245 2573 279 2623 sic
289 2573 416 2638 proceditur
430 2572 473 2637 (1).
491 2571 585 2624 Videtur
598 2571 659 2635 qnod
673 2571 778 2622 voluntas
790 2583 837 2621 nou
849 2569 865 2620 d

64 2645 110 2696 solo
121 2645 170 2696 Boo
183 2648 310 2709 moneamur,
319 2645 422 2696 sicut-ah
438 2643 546 2695 exteriori
556 2643 676 2709 principio.
693 2643 792 2694 Interius
804 2642 865 2692 enim

64 2720 141 2768 natum
156 2720 192 2768 est
206 2716 292 2769 moveri
304 2715 318 2767 d
332 2730 373 2769 suo
395 2715 521 2780 superiori,
538 2713 597 2766 sient
613 2727 708 2780 corpora
727 2712 836 2764 inferiora
852 2711 866 2762 d

92 2844 124 2908 (1)
139 2849 173 2894 Ite
188 2847 226 2893 iris
243 2845 403 2904 etiamtum,
424 2857 464 2903 pu.
486 2843 530 2904 dd,
550 2850 593 2891 nrt.
617 2842 643 2898 1;
663 2849 688 2890 ut
708 2845 807 2901 iperi„
823 2853 866 2899 qu.

65 2906 120 2972 iot,
133 2915 178 2958 ert.
199 2910 224 2965 ιι
241 2915 266 2956 et
281 2921 322 2967 qu.
343 2907 403 2969 111,
417 2913 462 2956 nrt.
480 2908 511 2963 ῆι
526 2913 551 2954 ot
562 2910 654 2958 contro
669 2907 751 2958 Gom„
763 2905 805 2951 lib.
818 2905 865 2964 111,
971 2905 972 2940 ἐ
