1984 3309
146 173 192 221 too
348 179 408 219 raus
423 182 445 228 1,
462 179 553 226 onnon
571 179 630 231 cru,
648 179 703 218 aur.
721 182 738 218 1.

175 261 219 311 Sed
234 261 312 309 contra
327 260 372 320 est,
382 257 441 320 qnod
456 255 538 307 dicitur
551 257 625 321 Sep„
633 257 684 307 XIV
696 273 724 306 :n
733 257 767 308 Tu
784 261 856 310 annm
869 259 939 310 Pater

144 332 256 396 gubernas
273 328 350 380 orouia
368 327 546 392 providentie.»
562 329 694 380 ntnmtus
710 329 764 380 dicit
784 331 809 380 iu
828 330 886 381 lilrro
905 332 940 380 De

144 402 233 455 consol.
245 402 294 468 (tib.
307 401 351 462 111,
365 403 438 451 metro
451 400 486 465 t),
501 417 514 447 u
527 399 541 450 d
553 399 591 464 qui
605 404 717 465 perpetua
731 403 840 453 muudum
851 402 940 453 radone

144 475 264 537 gubernas.
279 490 294 520 u
797 529 801 534 g

177 540 331 607 (Consumto.
339 569 370 581 -
380 542 438 593 (idm
451 543 529 594 omnia
539 583 545 604 ‚
556 558 606 608 que
618 549 670 595 sunt
679 544 704 595 in
718 547 818 610 inundo,
830 549 905 597 certos
918 550 941 596 et

143 617 304 669 determinatos
319 617 377 667 fines
391 619 573 680 consequantur,
588 615 602 666 t
615 617 691 668 diviua
708 618 823 683 sapientia
838 622 943 684 regentur

144 703 239 741 necesse
251 689 310 752 cst.)

174 763 309 826 Respondeo
324 760 461 823 dicendum,
476 759 536 824 qnod
548 761 640 825 quidam
661 761 750 826 antiqui
761 761 894 827 philosophi
906 778 945 827 gu-

143 834 300 885 bernationem
310 833 394 884 mundo
405 831 573 891 subtraxerunt,
588 831 689 884 diceutes
703 833 780 884 omnia
791 833 886 885 fortuito
900 835 944 899 agi.

144 906 190 956 Sed
205 907 254 957 lraeo
262 905 345 970 positio
356 903 483 956 ostenditur
496 917 547 954 esse
559 903 706 970 impossibilis
719 919 747 954 ex
757 905 855 956 duobus.
869 907 944 956 Primo

143 977 234 1042 qruidern
250 991 279 1028 ex
293 991 320 1029 eo
331 978 391 1042 quod
406 978 500 1042 apparet
512 975 535 1025 in
556 974 613 1040 ipsis
623 976 699 1027 rohos.
717 977 826 1028 Videmus
844 978 908 1028 enim
924 979 944 1027 iu

144 1049 364 1103 rebusuuturaliltus
373 1047 492 1112 provenire
506 1047 565 1110 quod
580 1046 662 1098 melius
674 1050 724 1110 est,
739 1051 780 1098 ant
793 1062 894 1114 seraper,
909 1053 946 1099 aut

143 1123 170 1173 in
179 1121 294 1186 pluribus3
309 1123 369 1186 quod
381 1135 427 1172 non
439 1120 594 1184 contingeret,
607 1119 653 1170 nisi
663 1135 704 1186 per
715 1121 814 1184 aliquam
823 1123 946 1186 prouiden-

143 1195 200 1244 tiam
211 1207 249 1244 res
259 1193 373 1253 naturales
383 1191 533 1256 dirigerentur
546 1191 574 1242 ad
585 1189 656 1242 finem
667 1189 721 1243 boni
731 1231 737 1252 ,
749 1195 809 1257 quod
819 1197 854 1245 est
864 1196 946 1257 guber·

144 1280 208 1317 nare.
223 1266 287 1316 Unde
300 1263 350 1328 ipse
362 1265 417 1315 ordo
433 1267 510 1314 certus
524 1277 598 1314 reruur
612 1263 732 1314 manifeste
744 1265 888 1316 demonstrat
904 1281 946 1330 gu-

144 1337 301 1388 bernationem
315 1335 410 1400 mundi;
424 1335 484 1386 sicut
496 1335 516 1386 si
529 1335 580 1400 quis
592 1335 688 1388 intraret
700 1337 793 1386 domum
807 1337 866 1388 hene
884 1339 946 1389 ordi-

145 1414 237 1472 natam,
254 1423 283 1460 ex
296 1409 347 1473 ipsa
356 1410 437 1460 domus
453 1408 605 1472 ordinatione,
616 1408 750 1458 ordinatoris
765 1411 878 1460 rationem
896 1425 946 1474 per·

144 1483 253 1546 penderet
263 1517 270 1541 ,
282 1484 308 1530 at
320 1481 349 1530 ab
360 1479 481 1530 Aristotele
492 1479 578 1530 dictum
589 1479 675 1529 Tullius
688 1478 811 1530 introducit
822 1481 848 1530 in
857 1481 900 1532 lib.
912 1485 947 1531 De

143 1556 237 1602 notura
248 1553 363 1602 deornm.
379 1550 482 1601 Secundo
496 1554 571 1601 autem
588 1554 682 1614 apparet
698 1551 759 1601 idem
772 1563 801 1600 ex
815 1553 947 1604 considera-

144 1624 205 1674 tione
224 1623 307 1674 divine
322 1621 445 1685 honnus,
458 1635 500 1686 per
515 1635 582 1685 quarn
596 1623 671 1672 resin
688 1637 738 1672 esre
751 1623 868 1686 productae
882 1631 945 1686 suut,

144 1699 208 1746 utcu
220 1693 355 1758 supradictis
367 1697 429 1758 patet
443 1694 595 1759 (qn.19,art.
607 1698 713 1758 l,ctqu.
730 1697 769 1756 tt,
783 1699 827 1746 art.
847 1700 898 1748 let
911 1700 946 1760 t).

146 1765 205 1818 Cinn
226 1765 288 1815 eninr
310 1763 418 1829 «optimi
436 1765 466 1816 sit
481 1765 567 1830 optima
585 1765 724 1830 producere,
739 1781 753 1812 n
772 1779 820 1818 uon
838 1771 948 1820 convenit

143 1851 237 1890 nmine
250 1837 295 1887 Dei
311 1837 423 1902 bonitati,
437 1839 498 1903 quod
517 1853 554 1889 res
571 1837 692 1902 productas
712 1837 741 1894 ad
760 1839 890 1904 perfectum
905 1857 949 1894 nou

144 1909 263 1976 perducat.
278 1906 361 1962 Ultima
370 1916 448 1962 autem
460 1911 570 1976 perfectio
583 1911 763 1976 uniuscuiusque
777 1916 813 1962 est
825 1912 851 1962 in
865 1927 949 1966 conse-

145 1983 235 2034 cutione
254 1981 306 2034 duis
319 2000 324 2034 ι
336 1984 396 2034 unde
413 1986 441 2034 ed
460 1982 561 2034 divinam
579 1983 702 2034 bonitnern
718 1983 832 2048 pertinet,
848 1987 875 2036 ut
890 1986 951 2038 sicut

145 2054 251 2120 produxit
260 2069 297 2106 res
308 2055 333 2106 in
343 2071 401 2112 erse,
412 2055 445 2108 ita
456 2054 525 2105 etiarn
537 2067 576 2106 eas
585 2056 613 2106 ad
624 2056 693 2106 finem
701 2057 824 2121 perducat;
835 2059 899 2121 quod
914 2061 949 2110 est

147 2128 282 2192 gubernare.

176 2199 209 2248 nd
223 2198 322 2262 primum
334 2212 387 2264 ergo
398 2197 536 2262 dicendum,
551 2197 611 2262 qudd
627 2197 712 2262 aliquid
726 2203 832 2250 monetur
844 2201 883 2251 uel
894 2215 949 2266 ope-

144 2275 207 2320 ratur
220 2273 313 2335 propter
326 2271 394 2320 finem
404 2269 533 2334 dupliciter.
544 2269 594 2320 lluo
606 2271 686 2332 modo,
696 2271 754 2321 slcut
765 2271 949 2336 agensseipsunu

146 2342 170 2392 ln
186 2342 270 2404 finem,
287 2346 314 2392 nt
327 2343 395 2392 homo
409 2344 432 2391 et
443 2341 494 2391 atie
512 2345 619 2392 creaturae
635 2342 770 2406 rationales3
783 2346 805 2393 et
816 2343 898 2396 talium
914 2349 949 2395 est

145 2426 280 2476 cognoscere
294 2413 404 2464 rationem
417 2411 487 2475 linis,
504 2415 527 2462 et
541 2426 619 2464 eorum
632 2427 682 2477 que
696 2417 748 2464 snut
763 2415 792 2465 ad
802 2415 882 2466 tinem.
897 2415 948 2466 dlio

146 2485 213 2534 modo
226 2484 310 2547 aliquid
320 2484 401 2534 dicitur
411 2484 499 2548 operari
509 2483 546 2534 uel
557 2484 642 2536 moveri
653 2489 744 2550 propter
753 2486 833 2550 finem,
841 2487 909 2550 quasi
921 2487 947 2538 ab

145 2555 219 2618 aliquo
232 2560 308 2605 actum
326 2557 364 2606 uel
377 2555 487 2606 directum
504 2554 529 2605 in
553 2555 621 2606 finem
637 2573 643 2606 ε
662 2557 720 2607 sicut
741 2559 823 2621 sagitte
843 2563 948 2610 mouetur

148 2627 234 2677 directa
254 2629 281 2677 ad
305 2628 395 2690 signum
413 2626 427 2677 t
442 2627 578 2690 sagittante,
597 2629 636 2691 qui
659 2629 774 2691 cognoscit
796 2629 865 2680 tinem
874 2669 883 2694 ‚
901 2644 947 2680 nou
983 2641 984 2694 t

146 2702 221 2749 autem
230 2699 319 2762 sagitta.
332 2700 396 2749 Unde
407 2699 466 2750 sicut
473 2703 547 2750 motus
558 2699 646 2761 sagitte
657 2703 685 2751 ad
695 2701 871 2752 determinatum
879 2701 946 2753 finem
983 2697 984 2738 ἓ

146 2770 287 2821 demonstret
310 2770 386 2835 aperte
404 2770 465 2834 quod
482 2771 564 2834 sagitta
582 2770 684 2836 dirigitur
703 2771 731 2824 oh
753 2771 829 2836 aliquo
850 2785 945 2837 cognos-

147 2845 213 2892 cente
221 2859 229 2905 3
237 2841 270 2892 ita
278 2846 441 2894 certuscertus
451 2842 587 2893 naturalium
596 2855 672 2897 rerum
682 2843 811 2907 cognitone
820 2845 946 2897 namatium

147 2912 268 2964 manifeste
280 2914 377 2965 declarat
394 2915 503 2966 mnndum
516 2914 603 2968 ratione
618 2916 693 2980 aliqua
709 2916 840 2980 gubernent.
