1984 3309
32 117 36 121 ’
133 126 181 187 tto
287 145 361 186 aaran
377 137 791 196 monron,onnsr.rn',aar.1.

133 224 216 291 aliquis
234 222 354 288 notitiam,
365 235 434 289 quam
450 221 632 284 demtionem,
648 235 696 274 non
713 227 783 274 curat
796 225 932 290 acqmraro:

133 299 159 348 et
172 295 300 348 munitm
314 295 375 346 hunc
387 295 480 347 motum
494 295 641 360 ignorantia
651 295 847 346 universalium
856 297 933 361 juris,

133 381 186 434 gua
198 368 251 433 quia
266 367 324 418 aciro
336 369 442 432 muctar,
457 365 588 418 voluntaria
605 365 703 428 matur,
723 370 794 432 quasi
810 382 854 434 per
869 368 935 432 negti-

133 438 234 503 gontiam
247 437 393 502 proveniens.
404 437 462 489 cum
471 441 548 489 autem
559 437 609 503 ipsa
620 435 754 502 ignorantia
769 443 801 491 sit
814 440 935 491 noluntaria

133 512 210 576 aliquo
221 510 316 561 istorum
330 511 462 575 motorum,
473 523 520 562 non
527 512 604 575 potest
616 523 712 562 caumas
723 511 864 577 simpliciter
877 514 936 561 ioco

134 581 296 645 lactariam,
311 583 390 632 masat
404 585 484 633 amen
502 581 626 633 secantium
644 580 699 646 quin
719 583 934 643 involuntariam,

134 651 280 716 inquantum
299 652 411 716 prount
421 656 508 704 motum
522 652 645 704 voluntatis
661 653 689 704 ad
708 652 798 718 aliquid
809 655 935 718 agendum,

134 723 175 786 qui
192 727 313 774 uocasset
326 723 555 791 sciontitprasente
571 724 735 776 noreienter
749 727 829 776 autem
844 725 937 776 sehabet

134 794 163 843 ad
174 793 318 862 uoluntatem
325 795 467 860 ignorantia,
477 797 568 860 quando
581 807 627 846 uou
636 797 672 847 cat
680 796 821 859 voluntaria,
832 800 859 847 et
869 800 937 846 umen

132 866 170 914 eat
186 877 255 916 «ansa
273 867 366 918 volendi
382 867 443 932 quod
459 867 520 918 'aliia
533 879 580 920 non
595 867 664 920 uellet
680 881 685 917 :
707 867 769 918 siout
788 867 845 917 cium
863 867 936 931 mium

135 937 204 988 horno
222 936 313 1002 ignorat
326 939 424 1005 mcum
443 938 635 990 circumstantiam
648 939 713 990 actis
729 952 800 1004 quarn
816 953 867 992 nou
879 944 936 990 tene

134 1007 201 1058 natur
214 1007 284 1074 aona,
297 1013 322 1061 at
331 1012 414 1062 euhoe
426 1011 512 1075 aliquid
525 1010 585 1074 agit,
595 1011 657 1075 qnod
668 1023 715 1063 non
726 1010 818 1064 irroret
833 1011 855 1062 si
868 1011 935 1072 sciret,

134 1077 191 1144 pati
206 1079 260 1130 ctm
271 1081 354 1146 aliquia
366 1081 485 1147 Quum
497 1081 599 1133 adhibita
611 1081 717 1134 nesciens
732 1083 836 1148 aiiquom
846 1083 936 1134 mammo

134 1161 176 1214 nor
196 1150 272 1215 mam,
292 1152 387 1218 pmjioit
404 1153 511 1217 sagittam
529 1167 576 1218 qua
593 1153 700 1205 intartioit
717 1157 878 1206 transeuntem
898 1157 935 1204 :et

135 1221 188 1272 talis
195 1221 325 1287 ignorantia
339 1228 419 1276 causat
433 1225 633 1286 timolaotorium
648 1226 794 1292 simpliciter.

104 1306 108 1313 ·
167 1294 197 1344 Et
215 1307 258 1359 por
275 1297 319 1348 hoo
339 1299 402 1362 patet
418 1298 538 1362 responsio
553 1297 583 1348 ad
603 1297 701 1362 objecta.
718 1299 779 1350 Num
796 1300 872 1364 prim
885 1300 935 1350 ratio

136 1365 238 1430 uocant
251 1367 280 1419 ‹ie
295 1367 422 1432 ignorantia
437 1379 517 1420 eornm
528 1381 580 1434 qua
591 1369 643 1432 quia
654 1370 830 1436 tonetmmiro3
844 1372 935 1423 saconia

112 1473 120 1484 .
137 1441 214 1489 autom
232 1439 260 1490 dc
277 1439 406 1503 ignorantia
422 1440 541 1492 elacionis
553 1455 606 1507 quaa
625 1442 793 1505 quodammodo
811 1447 849 1494 cst
863 1445 934 1495 rotun·

137 1507 209 1572 tatia,
224 1513 251 1560 ut
262 1510 347 1562 tisim
358 1514 406 1576 eat;
423 1511 493 1562 tortia
505 1510 561 1564 reri
575 1513 604 1564 de
618 1513 748 1577 ignorantia
763 1529 818 1578 quaa
828 1513 935 1569 concomi-

137 1582 214 1631 tanter
226 1593 252 1632 so
263 1582 334 1634 hahet
346 1583 376 1634 ad
389 1583 537 1636 voluntatem.

408 1918 579 1990 QUAESTIO
597 1921 661 1987 VII.

186 2072 225 2119 Da·
233 2073 425 2118 mammon
440 2071 607 2118 bononorum
619 2075 733 2126 catasta,
748 2075 779 2120 io
792 2079 896 2134 quotuor

425 2144 545 2190 orticotoa
559 2143 651 2192 dicito.

170 2283 256 2335 Deinde
280 2283 469 2336 considerandum
490 2288 530 2336 est
545 2285 573 2336 da
592 2284 772 2336 cncumsturtiis
792 2287 934 2338 hrrmauorum

139 2357 270 2478 aot{turnines
284 2429 328 2478 hoc
340 2432 470 2493 quaruntur
481 2432 578 2491 quatuor
590 2445 596 2479 :
609 2433 635 2480 1⁰
645 2428 703 2488 Quid
717 2429 748 2480 sit
761 2429 933 2480 circumstantia.

140 2499 167 2543 aa
183 2495 263 2546 Uirium
273 2498 450 2551 cicumsiantio
464 2499 511 2551 sint
526 2501 585 2551 circa
595 2502 707 2552 humanos
717 2504 783 2552 astos
794 2501 935 2554 attendenda

139 2563 279 2633 atheoiogo.
294 2573 319 2619 ³·
332 2570 391 2629 Quot
408 2575 462 2622 aaut
480 2569 669 2624 circumstantia.
687 2575 714 2622 4⁰
727 2573 784 2634 Qum
804 2576 858 2624 sunt
874 2570 937 2622 ineis

140 2637 318 2706 commodiores.
