1984 3309
264 186 295 222 nn
308 185 440 224 namneus
454 186 635 226 smarrunrrers«
797 179 845 226 'itt

36 260 263 384 potegretiamdpossit
275 262 406 326 pertingere
423 263 450 312 ad
469 264 623 328 operationem
640 265 845 329 perlectumque

38 339 75 384 est
121 333 180 382 atitn
195 346 221 384 o.
889 328 899 342 ⁴

70 405 119 456 Sed
127 407 221 466 contra,
231 406 300 454 bomo
313 408 348 456 est
357 405 494 470 principium
507 408 638 460 naturaliter
651 413 742 458 actuum
754 421 846 460 suorum

36 494 79 544 per
98 476 244 527 intellectum
263 480 285 526 et
299 476 454 541 uoluntatem
472 479 512 528 sed
531 479 610 530 ultima
623 480 740 532 beatitudo
761 481 847 532 sanctis

37 551 173 614 praeparata
190 547 279 598 excedit
300 547 440 598 intellectum
460 548 558 600 bominis
575 554 598 600 et
618 551 772 614 vuluntatem3
790 551 846 604 dicit

36 624 106 672 enim
123 620 247 683 Apostolus
262 619 280 669 l.
298 619 471 680 adliminat„
485 615 506 670 ll
520 637 525 670 :
545 638 558 669 u
573 623 656 672 Oculus
672 636 718 675 non
733 622 803 684 vidit,
822 628 846 675 et

38 695 104 744 auris
124 689 291 754 nonaudivit,
307 696 332 741 et
348 691 372 741 in
392 705 429 741 cor
442 692 543 743 bominis
561 705 606 742 non
627 696 776 746 escenderunt
793 709 845 759 que

37 762 184 830 preparavit
195 763 254 813 bens
267 761 412 826 diligentibus
423 776 447 814 se
465 764 510 828 lt).
521 779 535 811 u
547 765 606 828 Ergo
619 766 687 816 bomo
697 779 737 830 per
750 781 791 817 sna
805 781 843 818 na·

35 837 122 887 laralia
135 847 183 889 nou
198 837 274 898 potest
287 832 450 885 beatitudinem
461 835 581 900 consequi.

71 910 241 974 (Conmusro.
251 933 281 943 -
292 906 343 956 Non
361 909 435 970 potest
451 908 520 958 bomo
539 907 587 958 suis
605 909 745 959 naturalibus
759 909 844 962 uiribus

35 979 210 1031 beatitudinem
228 979 289 1028 illam
303 992 353 1042 qum
365 978 391 1028 in
404 978 493 1030 visione
509 979 592 1032 divine
609 982 712 1032 essentie
723 981 842 1046 consistit,

35 1051 150 1117 adipisci,
170 1051 229 1101 siem
242 1049 305 1102 illam
317 1064 367 1114 quae
381 1050 405 1099 in
417 1051 460 1100 bac
473 1051 520 1102 uita
534 1051 612 1105 baberi
624 1056 708 1116 potest.
717 1057 726 1116 l

66 1123 209 1187 Respondeo
219 1121 339 1172 dicendum
343 1159 352 1185 ,
361 1121 423 1186 qnod
430 1123 547 1175 beatitudo
557 1123 698 1188 imperfecta,
707 1139 758 1189 qum
767 1125 791 1176 in
800 1127 843 1176 trac

35 1197 83 1246 eila
95 1193 180 1245 baberi
192 1197 283 1257 potest,
292 1195 368 1256 potest
380 1191 408 1242 ab
418 1191 511 1243 bomine
523 1193 609 1257 acquiri
619 1209 660 1258 per
671 1209 712 1246 sua
722 1196 842 1260 naturalia,

35 1283 62 1319 eo
77 1266 212 1328 modoque
228 1269 251 1315 et
264 1262 335 1326 virtum
352 1263 376 1314 in
390 1264 457 1328 cujus
474 1264 605 1328 operatione
618 1266 735 1330 consistit,
756 1268 783 1318 dc
800 1282 845 1331 qno

35 1339 95 1390 intra
107 1338 199 1390 dicetur
215 1336 358 1401 (quaestione
373 1339 402 1385 ta
411 1334 430 1400 l.
445 1335 491 1386 Sed
504 1336 619 1386 beatitudo
630 1338 730 1404 hominis
745 1338 845 1401 perlecta

37 1412 114 1475 (sicut
125 1408 196 1474 supet
211 1408 294 1458 dictum
306 1409 354 1470 est)
364 1407 419 1473 (qu.
439 1411 467 1470 3,
480 1411 522 1457 art.
539 1407 586 1472 8),
599 1406 703 1460 consistit
718 1407 742 1457 in
755 1408 843 1460 visione

36 1481 124 1532 divium
137 1479 256 1531 essentiae.
267 1479 349 1530 Videre
364 1483 438 1529 autem
448 1478 519 1528 iteum
529 1491 571 1543 per
583 1477 714 1543 essentiam,
729 1483 765 1530 est
776 1493 845 1542 supra

34 1558 145 1604 naturam
160 1565 208 1602 non
225 1552 298 1602 solum
315 1550 430 1613 hominis,
444 1550 485 1602 sed
499 1549 566 1600 ctiam
585 1550 660 1600 omnis
677 1554 801 1614 creatura,
817 1554 843 1601 ut

35 1627 59 1676 in
74 1624 155 1690 primo
164 1628 281 1675 ostensum
290 1625 326 1682 est
336 1621 371 1687 (Ι.
382 1625 441 1686 part.
455 1636 495 1685 qn.
508 1627 537 1685 2,
549 1625 592 1672 ert.
608 1621 647 1686 t).
659 1623 773 1674 Naturalis
782 1623 842 1673 enim

35 1693 142 1761 cognitio
157 1695 279 1759 cujuslibet
292 1698 400 1747 creatorae
415 1696 451 1744 cst
463 1695 587 1744 meandum
600 1695 691 1744 modum
712 1694 842 1746 substantie

37 1771 105 1832 ejus,
127 1767 188 1818 sicut
201 1767 230 1816 de
243 1764 393 1828 intelligentia
409 1764 490 1816 dicitur
503 1765 527 1814 in
540 1763 580 1815 lib.
602 1769 636 1814 lte
656 1766 760 1822 Caucis,
781 1765 840 1829 quod

36 1838 185 1903 «cognoscit
197 1849 226 1888 ea
237 1850 288 1901 qum
303 1841 356 1886 sunt
366 1850 434 1902 snpra
446 1850 485 1898 se,
497 1840 521 1886 et
532 1849 559 1887 ea
570 1850 619 1900 qum
632 1840 685 1888 sunt
698 1835 758 1888 inira
771 1849 795 1888 se
807 1849 842 1886 se·

36 1912 142 1962 cundum
153 1910 246 1960 moduni
258 1908 390 1959 substantiae
401 1921 456 1959 suae.
467 1925 481 1959 u
490 1908 569 1958 Omnis
580 1911 655 1958 antem
667 1908 780 1971 cognitio,
791 1921 842 1972 qum

35 1987 71 2033 cst
87 1981 219 2035 seeundum
237 1980 329 2031 modum
339 1979 470 2030 substantia
483 1983 577 2042 create,
592 1978 668 2030 deficit
683 1978 696 2028 i
710 1978 797 2028 visione
809 1979 843 2028 dl·

36 2055 100 2106 viuae
115 2053 225 2104 essentia
235 2091 242 2116 ,
254 2065 306 2116 qum
322 2051 347 2101 in
360 2051 470 2101 infinitum
484 2051 572 2101 excedit
591 2064 680 2101 omnem
694 2049 842 2100 substantiam

36 2130 154 2175 creatam.
166 2124 231 2174 Unde
244 2137 287 2174 nec
297 2124 380 2186 bomo,
395 2136 438 2173 nee
448 2122 524 2186 aliqui
537 2125 638 2172 creatura
648 2124 723 2186 potest
733 2119 842 2184 consequi

36 2196 210 2246 beatitudinem
223 2195 326 2245 ultimam
339 2207 380 2259 per
392 2207 433 2245 sua
444 2193 563 2244 naturalia.

68 2269 107 2318 ud
122 2267 222 2332 primum
235 2280 290 2330 engo
308 2266 444 2330 dicendum,
458 2264 519 2329 qnbd
533 2264 591 2314 sicut
610 2266 689 2313 natura
707 2275 753 2313 non
767 2264 843 2314 delicit

35 2337 132 2389 bomini
141 2337 165 2388 in
178 2337 323 2401 necessariis,
335 2337 440 2401 quamuis
454 2349 500 2386 non
512 2333 597 2384 dederit
612 2333 655 2384 sibi
670 2346 731 2385 arma
742 2338 764 2385 et
778 2338 842 2400 tegu-

36 2415 123 2462 menta
138 2410 198 2460 sicut
210 2410 259 2460 aliis
272 2409 419 2472 animalibus,
434 2407 487 2472 qnia
496 2406 557 2457 dedit
566 2406 588 2456 ei
603 2405 712 2457 rationem
725 2409 748 2456 et
760 2420 840 2458 manus

35 2484 127 2546 quibus
139 2481 214 2544 possit
224 2483 273 2531 baec
289 2479 332 2532 sibi
343 2479 472 2544 acquirere,
481 2478 513 2530 ita
525 2489 566 2528 nec
576 2477 652 2528 delicit
665 2477 752 2528 bomini
765 2478 789 2528 in
802 2492 842 2529 ue-

33 2548 164 2615 cesseriis,
183 2552 285 2616 quamde
304 2565 351 2603 non
372 2552 435 2603 daret
457 2550 500 2601 sibi
523 2549 612 2614 aliqumt
639 2549 842 2614 principiumque

36 2628 122 2689 posset
135 2620 300 2674 beatitudinem
312 2623 420 2688 consequi
429 2643 436 2684 3
445 2625 489 2674 hoc
502 2621 564 2673 enim
576 2624 624 2674 emt
638 2621 782 2686 impossibile.
795 2621 841 2672 Sed

73 2789 108 2852 lt)
124 2792 246 2846 sumptuum
260 2788 386 2838 andeolo,
406 2789 494 2841 cxlv,
512 2801 574 2834 vers.
587 2787 615 2848 d,
631 2788 708 2834 uerbis
727 2786 843 2844 paulatim

36 2853 169 2902 immutatis
183 2869 190 2895 :
206 2851 298 2896 Oculum
308 2863 359 2896 asoa
374 2849 455 2900 uidit,
472 2851 537 2896 Deos
550 2849 635 2908 odaeum
646 2855 667 2896 te
676 2848 684 2911 (
693 2851 742 2898 sivo
751 2852 842 2908 preter

38 2921 73 2965 te,
85 2915 149 2972 niis
160 2911 229 2984 uui),
244 2925 297 2972 coc
307 2910 457 2974 preparasti
469 2913 651 2974 expectantibus
666 2917 696 2958 te.
