1984 3309
244 132 275 171 DE
288 128 381 173 cuorus
391 130 527 173 suasionum
544 132 576 170 Ab
588 130 697 172 limm-
824 125 870 172 949

102 216 127 261 ³.
141 208 338 273 murenulas
352 209 448 259 occurrit
459 208 485 258 in
494 211 557 259 motu
570 210 599 259 ad
609 208 676 259 ιὶεεει
686 209 815 261 ηεεεειιεε
825 215 872 261 ter-

67 281 146 344 mino,
166 280 235 345 qubus
250 292 354 331 accessus
365 280 400 330 ad
419 280 551 331 terminum.
566 281 610 331 Sed
623 281 691 331 timor
704 284 728 331 et
741 281 871 346 desperatio

68 352 196 417 important
205 364 320 401 recessum
330 351 358 401 ab
368 350 455 414 aliquo;
467 352 561 402 audacia
572 354 647 408 autem
656 356 681 402 et
689 365 740 416 spes
747 352 872 416 important

68 436 189 474 accessum
200 421 228 472 ad
241 422 336 487 aliquid.
347 423 406 487 Erga
415 421 485 473 timor
495 425 521 473 et
530 422 658 487 damnatio
671 424 801 487 precedunt
808 436 871 488 spen

68 498 93 545 ει
111 494 240 544 audaciam.

99 566 145 617 Sed
161 568 261 615 contra:
276 564 361 629 parab
383 565 469 629 aliquid
487 568 523 615 est
540 566 690 630 propinquius
702 566 790 631 primo,
807 567 873 618 tantb

69 641 105 689 est
118 638 194 701 prins.
207 638 252 688 Sed
266 651 319 701 spes
327 641 364 688 est
381 638 529 701 propinquior
542 638 626 698 alnou,
640 638 681 701 qni
689 643 726 689 est
736 639 809 703 primu
820 652 872 703 pas-

69 709 170 759 sionum.
181 708 242 771 Ergo
255 720 307 771 spes
321 718 356 757 est
369 708 431 772 prior
445 710 504 759 inter
517 721 597 759 omnes
609 709 730 772 passiones
743 710 871 761 irasclbuis.

102 780 264 844 (Concussae.
274 804 304 817 —
314 779 371 843 Spes
386 777 439 829 cim
453 779 513 829 inter
524 792 603 830 omnes
616 778 736 830 irascibilis
754 782 873 845 passiones

69 852 146 915 maqis
160 856 185 901 ει
194 850 258 915 pulis
272 851 356 901 boum
373 850 482 915 respiciat
501 850 564 915 prior
572 864 661 915 quoque
674 852 781 903 omnibus
793 866 873 905 neces·

69 922 130 973 sarib
142 923 205 983 εει.)

101 993 240 1057 Respondes
255 992 458 1056 claudiopol
476 992 535 1044 sicut
545 995 594 1058 jam
611 994 696 1045 ιιειειε
707 998 743 1045 εει
755 995 814 1059 (art.
828 995 871 1059 ι),

69 1078 152 1117 omnes
165 1064 284 1128 passiones
298 1062 418 1114 irascibilis
428 1063 551 1128 inportant
562 1068 649 1116 notum
658 1066 682 1115 iu
693 1065 786 1128 aliquid.
800 1066 874 1117 Motus

69 1140 148 1187 autern
163 1135 191 1185 ad
202 1134 292 1197 aliquid
303 1133 327 1183 in
340 1133 447 1183 irascibili
464 1138 540 1198 potest
552 1136 640 1187 causan
656 1149 686 1187 ex
698 1137 787 1187 duabu
802 1152 808 1186 :
825 1150 873 1188 uno

69 1208 140 1258 modo
156 1221 185 1258 ex
198 1206 246 1256 sula
265 1205 391 1269 aptitudine
402 1218 444 1256 seu
456 1207 603 1269 proportione
616 1209 645 1257 al
660 1208 729 1258 inam
737 1222 809 1271 ‚qua
822 1222 874 1272 per-

69 1279 131 1329 tinet
148 1279 177 1329 aul
197 1288 297 1327 amorem
312 1276 348 1327 uel
368 1275 458 1341 odium
474 1276 518 1327 alio
533 1278 602 1328 molo
615 1291 645 1329 ex
662 1278 784 1341 prasentia
803 1278 874 1342 ipsius

69 1349 128 1401 boni
141 1348 181 1399 uel
197 1347 265 1408 noui,
285 1361 335 1411 qua
353 1346 452 1411 pertinet
471 1349 501 1399 aul
523 1348 638 1399 tristitiam
653 1348 691 1399 rel
711 1349 827 1412 gaudium.
846 1351 875 1399 lat

69 1420 164 1485 quidem
176 1433 206 1471 ex
222 1418 344 1483 praesentia
355 1419 410 1469 boui
421 1432 465 1472 nou
475 1424 581 1470 causatur
588 1419 663 1485 aliqua
676 1420 752 1484 passio
763 1420 788 1470 io
797 1420 874 1470 irasci·

69 1491 126 1551 bili,
146 1492 172 1539 nt
185 1489 272 1539 ‹licuuu
288 1494 325 1543 est
341 1490 398 1553 (qu.
412 1494 442 1541 ει
449 1526 458 1553 ,
469 1494 513 1540 art.
525 1490 571 1554 a),
589 1492 630 1541 sed
646 1504 675 1541 er
687 1490 810 1555 presentia
820 1492 874 1541 mali

69 1563 180 1613 causatu
192 1560 269 1625 passio
283 1560 331 1612 ira.
343 1560 400 1621 Quia
412 1560 481 1624 igitar
491 1560 516 1610 'ru
527 1562 565 1611 ria
578 1562 730 1625 generationis
742 1575 785 1612 sen
796 1575 875 1613 conse

71 1631 173 1685 cutiouis
186 1631 301 1696 proportio
313 1632 350 1681 uel
364 1631 467 1695 aptitudo
481 1634 509 1681 ad
525 1632 594 1682 finem
607 1632 715 1696 precedit
729 1631 873 1684 εεεεεεειίε·

70 1714 126 1753 uem
137 1702 205 1765 linis,
219 1702 273 1753 inule
288 1704 323 1754 est
336 1702 397 1765 quoa
411 1703 446 1752 ira
458 1702 518 1753 inter
529 1716 609 1753 omnes
620 1703 740 1767 passiones
754 1702 875 1754 irascibilis

71 1777 110 1825 εει
122 1774 203 1824 altura
213 1774 291 1825 ordine
304 1773 463 1837 generationis.
472 1775 536 1826 lnter
545 1774 601 1825 alias
609 1779 685 1825 autem
692 1775 810 1838 passiones
818 1775 874 1825 iras·

73 1844 152 1897 cibilis
159 1860 209 1908 qua
221 1844 346 1909 important
356 1848 443 1895 motum
453 1850 632 1909 consequentem
642 1859 742 1895 aurowm
750 1846 788 1895 uel
797 1845 875 1896 olium

71 1916 129 1967 beni
147 1916 184 1965 vel
196 1916 264 1978 mab,
284 1918 374 1980 oportet
389 1914 449 1978 qnod
463 1916 582 1979 passiones
598 1928 692 1977 qualum
709 1916 823 1978 objectum
839 1920 875 1966 εει

71 1988 174 2050 bonuau,
196 1988 284 2038 scilcet
303 2000 356 2051 spes
376 1985 558 2051 etiesperatio,
573 1985 618 2034 sint
636 1986 768 2035 εειεεειιιει·
786 1985 874 2048 priores

72 2058 222 2125 passionibus
235 2071 330 2122 quarum
345 2056 459 2121 obiectum
475 2059 511 2107 εει
527 2056 625 2118 mnam,
635 2055 723 2105 scilicet
738 2056 833 2105 audacia
851 2061 876 2108 ει

72 2131 170 2191 ιίεεεεες
182 2129 216 2180 ita
227 2132 305 2181 amen
316 2128 377 2192 qnbd
389 2141 443 2191 spes
456 2131 491 2179 εει
502 2128 564 2192 prior
574 2127 748 2191 dementibus,
759 2126 812 2191 quia
822 2141 876 2191 spes

74 2205 111 2253 est
124 2204 200 2251 mouns
218 2199 243 2250 in
259 2201 343 2251 bmum
362 2199 486 2251 secrrndium
502 2198 617 2251 rationem
636 2199 702 2259 boui,
716 2198 775 2261 quod
790 2198 818 2248 de
834 2212 876 2250 sua

74 2271 164 2323 ratione
179 2274 213 2322 est
231 2270 374 2321 attractirunr
385 2272 417 2335 (l)
436 2286 442 2319 ε
458 2274 480 2321 ει
492 2269 544 2321 ideo
558 2273 594 2321 est
609 2269 723 2320 motusic
737 2269 822 2319 bonum
834 2282 876 2333 per

74 2356 111 2395 se.
127 2342 259 2406 Desperatio
273 2347 348 2393 auteur
363 2346 399 2392 εει
416 2354 520 2394 recessus
537 2341 637 2404 abono,
654 2339 694 2403 qui
707 2353 754 2390 non
768 2340 877 2404 εοειρειὶι

75 2415 137 2465 bono
147 2413 272 2465 εεεειιιὺει
284 2413 495 2478 quaestionum,
507 2413 547 2464 sel
557 2412 681 2463 nonullam
691 2411 773 2475 aliquid
793 2411 851 2461 aliud
868 2426 873 2461 :

75 2484 138 2535 uude
153 2488 189 2534 est
200 2484 265 2547 quasi
277 2498 318 2549 per
328 2484 441 2536 accidens.
456 2486 485 2535 Et
495 2487 574 2537 eaden
585 2483 685 2548 ratione,
699 2483 767 2535 timor
779 2482 831 2533 cim
845 2483 876 2532 sil

74 2568 181 2607 recessus
196 2554 210 2605 a
223 2556 291 2615 malo,
302 2559 336 2607 εει
348 2555 410 2620 prior
420 2555 488 2621 quarn
500 2554 602 2607 audacia.
616 2554 682 2614 ssubd
698 2557 775 2605 autem
786 2565 838 2617 spes
853 2556 876 2603 et

112 2689 144 2753 (1)
160 2693 211 2739 Siue
226 2692 360 2739 allicitiuunr
372 2691 400 2736 acl
411 2704 451 2749 se,
466 2699 577 2750 tanquam
587 2692 643 2738 illud
654 2691 715 2748 quod
726 2690 756 2735 ab
768 2689 875 2735 omnibus

78 2755 203 2813 appetitur.
218 2757 278 2801 Hinc
290 2754 377 2800 dictum
395 2753 467 2811 graeco
481 2754 565 2817 καλὸν,
578 2755 643 2811 quasi
655 2753 738 2797 omnic
747 2764 834 2797 coccos
846 2749 875 2813 (a

77 2826 150 2875 rubo
164 2827 267 2893 καλεῖν),
284 2825 346 2882 quod
354 2824 449 2883 pennae
459 2831 495 2873 εει
506 2838 533 2873 ac
544 2826 657 2873 alliciam
669 2825 706 2871 rel
715 2822 846 2871 ειιεειεει.
