1984 3309
147 201 176 245 60
337 208 397 245 unns
413 209 435 257 1,
456 208 548 253 onum.
565 208 627 257 un,
644 208 699 247 nnn.
716 206 752 244 ιιι.

176 284 210 333 id
219 286 324 347 quartum
333 283 460 346 dicendum,
468 283 529 347 quod
535 283 560 334 iu
568 283 735 333 illuminatione
740 286 806 335 terre
812 284 965 353 intelligitur

146 354 232 404 utilitas
244 353 357 413 bominis,
370 354 410 417 qui
421 355 545 405 seeundum
563 354 662 405 enimam
677 354 797 419 prefertur
812 361 966 421 corporibus

146 424 301 475 luminaribus
317 424 378 474 Nihil
389 430 467 477 lumen
477 426 585 489 probibet
596 425 654 487 dici,
667 427 728 489 quod
740 426 831 490 dignior
843 437 965 486 creatura

146 495 205 546 luctu
218 499 253 545 est
267 501 359 560 propter
369 496 513 559 inferiorem,
528 511 574 548 non
588 496 712 548 secundum
727 499 786 561 quud
797 498 822 547 in
836 513 863 550 se
875 506 965 556 consi-

145 567 251 627 derntur‚
261 568 300 619 sed
307 566 431 617 secuudum
440 567 501 631 quod
511 568 628 619 ordinetur
635 569 664 617 nd
671 568 825 630 integritatem
834 573 963 626 universi.

176 639 210 687 rid
221 638 324 701 quintum
333 640 462 702 dicendum,
472 638 534 703 quod
543 640 598 690 luna
606 640 697 703 qundo
708 644 744 689 est
752 641 865 704 perlecta,
877 645 964 698 oritur

146 722 248 773 vespere,
258 714 281 759 et
294 710 375 760 occidit
383 724 462 773 maue3
472 715 497 761 et
508 712 541 761 sic
549 716 631 775 preest
640 710 710 760 noeti.
723 712 751 760 Et
761 711 817 762 selis
828 714 963 775 probabile

145 784 193 843 est,
204 782 263 843 quod
276 782 331 832 luna
343 782 414 831 luerit
423 784 480 833 lacta
491 783 572 846 plene,
583 781 642 833 siem
652 785 676 831 ei
687 782 763 832 berbu
779 784 846 833 lacte
856 791 921 836 suut
931 790 962 839 in

145 867 186 903 suu
203 852 360 917 perfectione,
378 855 487 905 iacientes
505 868 599 917 semen3
618 857 643 904 et
660 852 765 904 similiter
782 854 916 918 enimnlin,
936 866 963 911 et

145 927 223 977 horno.
235 924 297 975 Licet
306 925 367 977 eninr
381 926 479 991 naturali
486 940 595 989 processu
603 926 633 976 nb
639 926 772 989 imperfecto
781 927 810 975 nd
818 928 961 991 perfectum

145 996 291 1053 deveniutur,
307 996 439 1061 simpliciter
453 1002 530 1047 tumen
540 998 666 1061 perfectum
677 996 741 1061 prius
750 1001 786 1046 est
795 999 959 1065 imperfecto,

145 1069 282 1131 Augustinus
295 1072 374 1123 tumen
384 1072 428 1121 hoe
439 1084 485 1121 nou
499 1070 592 1133 asserit,
605 1069 659 1134 quin
675 1068 730 1119 dicit
740 1082 787 1119 nou
799 1083 850 1119 esse
861 1071 961 1124 incon-

145 1139 240 1259 venfieus
258 1142 318 1204 quod
331 1142 390 1192 Deus
410 1142 545 1205 imperfecte
561 1142 657 1204 lecerit,
675 1156 725 1206 qne
738 1143 887 1208 postmodum
900 1146 961 1212 ipse

144 1224 186 1275 per
197 1211 250 1261 ecit.

439 1295 600 1345 ARTICULUS
614 1295 655 1345 lli.

313 1410 398 1456 Uirium
408 1410 540 1456 luminario
549 1409 601 1454 conii
610 1410 659 1454 sint
667 1411 783 1454 animato.

177 1519 209 1568 rid
224 1520 317 1569 tertium
330 1519 362 1569 sie
374 1518 504 1581 proceditur
521 1518 564 1581 (ll.
578 1517 672 1567 Videtur
685 1517 745 1581 quod
760 1517 884 1572 luminaria
895 1526 956 1575 curli

145 1594 198 1639 sunt
211 1591 319 1640 animula.
336 1589 444 1654 Superius
463 1589 525 1639 euim
543 1601 625 1653 corpus
645 1590 794 1639 nobilioribus
807 1598 957 1647 ornamentis

146 1662 222 1713 ornari
235 1663 311 1713 debet.
325 1662 369 1713 Sed
378 1674 405 1712 en
415 1676 466 1725 que
474 1661 589 1724 pertinent
603 1662 746 1711 adornatum
756 1661 890 1713 inleriomm
900 1680 958 1717 cor-

145 1745 239 1796 porum,
254 1737 308 1783 sunt
321 1733 433 1796 animale,
447 1732 535 1783 scilieet
550 1732 640 1796 pisces,
653 1746 707 1783 aves
723 1736 747 1781 et
763 1734 881 1783 terrestria
900 1739 958 1787 aui·

147 1804 223 1853 melia.
241 1806 300 1867 Ergo
313 1808 337 1855 el
352 1804 485 1867 luminaria,
497 1816 548 1866 qne
562 1805 678 1866 pertinent
687 1806 714 1853 ed
723 1808 829 1853 omutum
839 1806 904 1856 coeli

177 1880 201 1924 2.
214 1877 342 1939 creterra,
356 1876 474 1927 nobilioris
482 1876 584 1939 corporis
597 1876 694 1926 nobilior
707 1880 743 1925 est
756 1876 837 1926 formu.
854 1878 902 1928 Sed
919 1884 957 1931 sol

146 1952 169 1997 et
177 1948 240 2007 luna,
249 1952 273 1997 et
281 1947 325 1998 alin
331 1947 454 1999 luminaria
464 1951 517 1997 sunt
526 1947 638 1997 nobiliora
642 1960 710 2010 quum
718 1959 812 2009 corpora
819 1948 957 2009 plantarum

146 2023 170 2067 el
188 2018 327 2069 animalium.
350 2020 407 2082 Ergo
425 2019 510 2069 hubent
530 2018 663 2069 nobiliorem
682 2018 786 2068 formam,
804 2018 957 2073 Nobilissimu

146 2093 221 2141 autem
237 2090 309 2141 iorum
328 2094 363 2140 est
376 2090 466 2153 anima,
481 2104 532 2154 que
548 2094 585 2140 est
600 2089 737 2154 principium
754 2088 817 2139 ritu.
830 2090 906 2152 onia,
929 2100 958 2143 nt

146 2160 287 2224 Augustinus
302 2160 357 2210 dicit
371 2160 395 2210 iu
413 2161 453 2211 lib.
467 2163 505 2211 De
519 2176 578 2221 vero
592 2162 667 2225 reliq.
680 2160 730 2223 (1),
744 2176 758 2207 «
772 2160 882 2222 quelibet
895 2165 956 2213 sub-

147 2231 229 2281 stantia
237 2232 319 2282 vivens
328 2235 414 2283 uelnrae
421 2234 499 2283 ordine
508 2232 627 2297 praeiertur
634 2232 765 2282 substantioe
771 2244 819 2281 non
827 2231 931 2284 virenti.
940 2252 956 2282 n

145 2304 205 2365 Ergo
217 2302 337 2353 luminaria
352 2304 404 2353 coeli
417 2308 471 2354 sunt
484 2304 593 2354 animata.

181 2420 211 2484 (ll
224 2422 388 2479 Dementiam,
400 2422 467 2469 Ceut.
480 2422 562 2473 Geni„
573 2424 614 2467 lib.
624 2424 655 2478 Il,
667 2434 719 2478 cup.
728 2420 768 2475 693
779 2427 803 2467 et
811 2430 896 2478 quest.
908 2424 956 2484 61,

145 2486 173 2531 de
191 2491 290 2546 potent,
301 2490 344 2530 nrt.
357 2484 383 2539 o;
395 2492 418 2531 et
429 2486 517 2541 Quodl.
530 2485 576 2540 12,
587 2489 630 2530 ert.
643 2484 673 2537 5;
689 2491 714 2529 et
723 2484 758 2529 De
770 2485 957 2542 spiritualiter

146 2550 282 2597 creaturis,
297 2554 340 2593 nrt.
352 2547 379 2601 93
395 2554 419 2593 et
430 2550 466 2606 ΙΙ,
480 2548 516 2593 De
530 2548 667 2597 coe10,lect.
682 2546 710 2605 3,
722 2548 768 2591 ool.
781 2546 794 2591 1
807 2552 831 2591 et
845 2548 874 2606 Ξ,
890 2555 918 2593 ut
931 2558 958 2596 et

145 2612 199 2656 lect.
222 2610 264 2667 13,
279 2612 324 2655 col.
341 2610 393 2655 bet
413 2610 443 2667 3,
458 2622 583 2665 rursusque
603 2612 658 2655 leet.
679 2607 721 2661 lo;
743 2615 767 2653 et
785 2610 839 2655 lect.
863 2609 913 2671 lo,
930 2614 957 2658 in

145 2685 266 2730 prrncrpro.

180 2741 210 2805 (2)
223 2744 274 2789 Sive
283 2744 351 2801 peulb
361 2742 412 2788 eliis
421 2743 498 2787 verbis
507 2759 513 2787 z
523 2744 579 2789 Non
587 2743 763 2800 qualiscunque
772 2742 860 2792 molena
868 2756 955 2800 quorr-

146 2820 218 2864 qonm
228 2809 276 2853 islo
288 2804 384 2851 visibili
394 2802 448 2849 loce
459 2806 608 2864 praesnlpeol
616 2839 626 2856 ,
635 2806 659 2849 ei
669 2806 745 2849 vitam
753 2809 850 2854 curent,
861 2811 955 2864 mopere·

147 2870 289 2915 estimando
304 2872 337 2913 eet
352 2885 359 2911 :
375 2867 601 2925 quolibetcumque
617 2869 676 2913 oioo
691 2867 828 2912 subelectio
847 2870 956 2916 cuilibet

146 2946 197 2979 non
210 2934 272 2977 ulcu
285 2930 423 2975 substantioe
441 2927 552 2988 (colore
566 2927 629 2989 leue)
646 2932 810 2988 proponitur.
