1984 3309
332 211 364 249 urs
379 212 566 252 snusuumrnrs.
802 206 848 255 sta

39 292 82 341 tie.
100 291 167 351 Una,
177 302 223 354 per
243 299 315 353 quam
334 289 410 341 anima
425 290 560 355 simpliciter
577 292 701 343 inclinetur
718 294 745 344 ad
764 306 849 359 prose-

38 363 152 424 qeunitum
166 375 197 411 ea
210 374 266 425 quar
277 364 333 411 snut
347 362 508 413 conuenientia
520 362 647 415 seeundum
663 378 771 431 sensum,
785 370 810 418 et
820 370 849 421 ad

38 434 195 497 refugiendum
205 432 295 483 nociva
306 448 312 481 :
322 436 346 483 et
354 434 405 485 hec
412 433 496 484 dicitur
503 436 714 500 concupiscibilis.
724 439 774 489 lliu
781 441 847 505 verb,

38 521 76 568 per
90 519 159 569 quarn
180 503 269 554 animal
288 503 377 555 resistit
394 505 596 571 impugnantibus,
616 522 667 573 que
688 511 848 563 conuenientia

40 579 174 642 impugnant
190 580 217 627 et
234 581 378 640 nocumenta
387 578 508 628 inierunt:
524 583 548 629 et
560 581 610 634 bue
622 578 657 631 vis
673 585 767 631 vocatur
782 583 849 633 irus-

39 646 128 697 rr'tilis.
149 648 218 701 Unde
235 646 322 697 dicium
335 647 396 712 quon
416 649 468 714 ejus
482 650 597 714 objectum
617 655 653 703 ost
667 654 777 715 amuum,
795 654 848 717 quia

41 720 123 771 scilieet
138 720 218 771 tendit
231 719 262 769 ad
275 720 321 769 hoc
339 719 398 783 quod
413 725 505 785 superet
519 723 631 773 contraria
645 726 668 773 et
680 724 848 787 superemineat

41 792 79 841 eis.
89 792 128 843 flu
136 795 218 842 autem
229 792 283 843 duae
292 789 453 843 inclinationes
461 806 509 844 nou
520 795 660 847 reducuntur
671 795 696 845 iu
704 809 774 845 uuum
785 796 849 861 priu-

41 863 130 927 cipium,
144 863 198 929 quia
214 862 334 913 interilum
346 863 424 916 ruina
435 864 537 915 tristibus
551 878 576 919 se
588 864 673 931 ingerit
685 869 765 922 muira
781 867 849 919 incli-

43 934 149 985 nationem
157 933 367 997 concupiscibilis,
378 934 534 985 utsecuurlbm
544 936 718 989 inclinationem
727 936 848 989 irascibilis

43 1005 156 1067 impugno
164 1003 297 1057 contraria.
311 1006 376 1056 Unde
385 1006 454 1057 etiam
463 1006 716 1070 passionesiraseibilis
723 1022 849 1073 repugnare

42 1075 144 1127 silentur
163 1073 315 1141 passionibus
334 1076 518 1142 concupiscibilis
538 1093 612 1131 :nem
629 1096 643 1127 u
662 1080 849 1144 concupiscentie

42 1161 133 1199 aceensa
144 1148 231 1199 minuit
238 1146 309 1211 iram,
321 1152 345 1198 et
356 1149 390 1199 iru
399 1161 499 1202 escensa
511 1150 594 1201 minuit
604 1151 820 1215 concupiscentiam,
833 1168 847 1199 u

42 1225 65 1269 ut
79 1220 103 1269 in
113 1220 227 1284 pluribus.
245 1216 397 1285 Patet'etiam
412 1234 441 1273 ex
456 1222 502 1272 hoc
520 1221 580 1286 quod
597 1222 716 1273 irascibilis
730 1228 766 1274 est
784 1223 850 1286 quasi

41 1290 200 1356 propugnatrix
208 1295 234 1343 et
244 1291 387 1342 defensatrix
394 1293 593 1357 concupiscibilis,
605 1296 659 1345 dum
664 1294 765 1358 insurgit
771 1298 849 1345 contra

41 1376 66 1412 ea
78 1378 127 1427 que
141 1362 278 1427 impediunt
292 1363 469 1427 conuenientia,
485 1379 536 1429 quse
549 1364 735 1430 concupiscibilis
747 1366 847 1430 appetit,

42 1440 63 1484 et
74 1435 181 1499 ingerunt
189 1436 350 1498 noscamus
356 1436 540 1501 concupiscibilis
549 1436 642 1500 refugit.
652 1437 682 1486 Et
691 1441 784 1503 propter
794 1439 847 1502 hoc,

43 1521 115 1559 omues
129 1509 255 1573 passiones
275 1505 396 1558 irascibilis
412 1506 525 1571 incipiunt
541 1506 710 1575 &passionibus
725 1507 849 1572 concupis-

43 1578 126 1641 cibilis,
137 1583 164 1632 et
178 1580 205 1630 iu
216 1592 259 1629 eas
271 1578 432 1630 terminantur.
443 1578 508 1631 Sicut
520 1580 553 1630 irs
563 1579 664 1629 nascitur
675 1593 704 1629 ex
716 1579 780 1631 illata
796 1580 848 1631 tris-

41 1650 100 1712 titia,
114 1657 138 1703 et
156 1652 289 1702 uindictam
301 1647 405 1701 intercus
422 1650 448 1701 iu
465 1652 572 1702 letitiam
588 1650 731 1701 terminatur.
753 1653 850 1717 Propter

39 1724 79 1772 boc
88 1725 157 1775 etism
174 1736 262 1789 pugne
273 1722 408 1773 animalium
418 1727 474 1777 sunl
482 1724 511 1779 de
522 1722 747 1787 concupiscibih'bus‚
760 1724 848 1776 scilicet

39 1795 64 1843 lo
75 1796 131 1847 cibis
149 1799 176 1847 et
188 1793 316 1857 venereis,
332 1797 358 1843 ut
367 1793 449 1846 dicitur
465 1793 490 1844 in
502 1795 561 1845 Vlll.
573 1794 611 1851 oe
623 1794 780 1845 animalibus
795 1796 849 1860 (vel

38 1867 71 1915 De
88 1867 252 1917 animalium
267 1864 394 1921 historio,
406 1878 456 1929 cap.
477 1866 517 1927 l).

65 1939 99 1988 lii
112 1938 216 2003 primum
231 1948 289 1999 orgo
306 1934 442 2000 dicendum,
457 1932 518 2000 quod
531 1935 566 1987 vis
577 1934 762 2000 concupiscibilis
775 1939 812 1989 est
825 1938 848 1987 et

38 2010 197 2062 convenientis
209 2014 234 2059 et
249 2006 447 2072 inconvenientis3
458 2010 499 2059 seo
514 2007 633 2061 irascibilis
646 2011 683 2075 est
698 2008 726 2058 ad
742 2007 847 2060 resisten-

39 2083 88 2132 rlnm
105 2077 303 2137 inconvenienti,
316 2079 378 2143 quod
391 2080 520 2143 impugnat..

65 2155 100 2205 ild
109 2154 242 2205 secundum
256 2150 396 2212 dicendum,
408 2150 471 2215 quod
480 2152 540 2202 sicut
551 2152 575 2201 in
589 2152 764 2216 apprehensiris
773 2150 846 2201 virtu·

40 2226 111 2289 ibus,
123 2227 150 2277 in
163 2228 230 2290 parte
240 2222 356 2275 sensitiva
365 2223 529 2287 mtaliprmvis
538 2222 686 2287 estimatisu,
697 2222 783 2273 scilicm
794 2236 847 2287 pum

38 2305 67 2348 est
85 2297 224 2364 perceptiua
242 2306 325 2346 eorum
341 2308 392 2358 qne
408 2308 502 2346 seusurn
520 2308 567 2347 nou
584 2296 718 2357 immutant,
737 2298 763 2345 ut
779 2296 847 2359 sopri

39 2371 169 2421 dictumest
182 2370 238 2434 (qu.
251 2372 295 2428 78,
307 2368 352 2416 art.
362 2366 404 2432 t);
417 2367 449 2417 ita
459 2365 528 2417 etium
539 2368 564 2416 in
574 2367 679 2431 appetitu
689 2367 799 2418 sensitiuo
810 2370 846 2417 est

38 2443 107 2505 aliqua
120 2442 159 2492 uis
170 2444 290 2506 appetens
302 2437 385 2501 aliquio
395 2439 456 2503 quod
466 2452 512 2488 uon
523 2442 559 2489 est
572 2438 709 2489 conveniens
723 2438 846 2493 secundum

39 2512 209 2564 delectationem
222 2515 327 2572 seusus,
340 2501 381 2560 s'ed
391 2511 515 2561 meandum
525 2510 585 2574 quod
596 2514 630 2560 est
642 2510 698 2561 utile
712 2508 805 2561 animali
818 2510 846 2560 cll

39 2598 96 2635 uam
110 2583 287 2636 defensionem.
304 2580 333 2630 Et
351 2581 401 2631 bec
413 2584 449 2631 est
459 2582 496 2632 uis
511 2576 643 2632 irascibilis.

65 2660 97 2707 ld
110 2658 209 2707 tertium
224 2654 370 2717 dicendum,
381 2653 441 2718 quod
457 2653 534 2704 odium
550 2654 682 2719 simpliciter
697 2653 798 2719 pertinet
818 2655 847 2704 ad

41 2720 255 2793 concupiscibilem,
267 2724 313 2775 seo
326 2724 411 2776 ratione
423 2724 615 2791 impugnationis,
625 2740 677 2790 puer
689 2738 719 2775 ex
731 2724 783 2776 odiu
794 2737 847 2775 cuu-

41 2805 109 2865 satur,
127 2804 209 2865 potest
224 2800 257 2850 ecl
273 2795 412 2847 irascibilem
419 2797 542 2861 pertinere.
