1984 3309
149 170 197 230 dte
311 173 386 217 mn
403 173 533 239 secunus,
550 175 642 221 oum.
660 175 684 225 1,
701 173 756 215 m.
772 175 799 214 u.

150 256 175 306 in
186 254 336 318 executione,
345 257 381 305 εει
393 257 469 303 umen
480 251 568 317 prinus
577 251 602 301 iu
616 250 746 303 utenfioue
757 249 847 315 agentis
857 266 864 300 ε
875 251 899 302 ει
907 249 945 300 boo

150 325 300 377 modobsbet
315 324 426 376 ustionem
436 337 521 374 εειιεεε.
977 327 978 332 ’

182 398 214 448 dd
234 397 358 447 seeundum
379 395 516 459 dicendum,
532 394 632 460 puddsi
657 407 703 459 pue
720 395 781 445 sotio
804 395 905 446 bumana
922 394 946 444 sit

151 467 246 518 ultimus
264 466 329 529 uuis,
345 469 434 530 oportet
447 479 499 516 εειε
516 479 567 518 εεεε
579 465 745 527 volontarium,
761 466 821 516 elide
832 479 881 518 nou
896 469 947 517 esset

151 541 262 600 humone,
275 541 300 588 ut
309 537 395 588 dictum
408 540 452 589 εει.
468 537 534 588 letio
548 540 625 587 aowin
637 537 714 602 eliqua
731 536 857 602 duplioiten
873 538 947 588 dieitur

151 608 280 660 rolonturio
295 619 359 659 :uno
374 607 451 668 modo,
461 607 514 672 quie
529 607 654 672 imperetur
666 607 679 658 i
689 608 825 673 rolnntote,
836 609 898 660 εἰεει
907 622 946 657 sn·

151 681 228 732 butaro
236 680 273 732 rel
282 681 357 744 lopui3
369 679 487 730 ullomodo
495 678 644 742 qunebduu
652 677 946 745 lvoluutete,sieutipsuu

151 751 221 802 velle.
238 751 380 816 Impossibile
394 753 472 800 nutem
486 753 524 800 εει
534 749 594 813 qudd
607 749 659 815 ipse
674 753 741 801 uetus
754 750 903 803 buoluntote
915 749 947 801 eli·

151 823 210 874 citus
221 823 251 874 sit
263 824 356 874 ultimus
369 822 434 885 iluis3
446 835 499 872 uem
508 821 624 886 objectum
640 821 766 872 uoluntatis
774 826 812 872 eet
820 823 889 885 linis,
899 823 947 873 sicul

150 895 266 960 objectum
277 895 341 946 risile
354 898 389 945 εει
399 894 469 944 color.
482 894 548 943 Unde
562 893 621 942 siout
633 891 775 956 impossibile
785 895 899 958 estquod
910 893 947 959 pri·

152 980 216 1022 mum
227 966 317 1018 risibile
328 965 359 1017 sit
370 965 447 1030 ipsum
457 965 560 1025 uidere,
569 962 624 1028 quia
633 977 701 1015 omne
709 965 799 1014 videro
810 969 849 1016 εει
859 966 947 1028 abuojus
977 972 978 989 t

151 1039 236 1104 objecti
250 1039 358 1102 visibilis3
377 1039 409 1088 ile
424 1037 565 1103 impossibile
579 1040 616 1088 εει
628 1036 689 1101 qubd
702 1037 804 1102 primum
818 1039 947 1104 appetibile,

151 1111 211 1174 quod
227 1114 262 1160 εει
272 1109 338 1174 1εἰε,
350 1110 380 1160 sil
395 1109 470 1174 ipsum
487 1109 557 1158 nelle.
578 1108 644 1159 Unde
654 1108 792 1172 relinquitur
804 1108 871 1172 quud
883 1110 904 1160 ei
916 1122 949 1171 qu
977 1156 978 1167 2

151 1180 212 1231 aetio
228 1182 328 1231 bumana
337 1181 366 1232 sit
375 1180 470 1231 dilusus
483 1179 544 1243 linis,
553 1177 615 1242 quod
623 1177 673 1242 ipsu
685 1179 717 1230 sit
725 1178 841 1243 imperatu
852 1180 869 1231 l
881 1182 949 1231 roluu-
977 1186 979 1229 2

151 1256 212 1314 tule3
228 1256 252 1303 et
268 1251 302 1304 ita
319 1252 395 1317 albus
408 1252 467 1303 sotio
486 1250 586 1303 hominis
604 1251 632 1301 ad
647 1251 724 1302 miuus
738 1251 819 1317 ipsurn
840 1253 906 1302 uelle
924 1254 951 1300 ed
977 1246 979 1270 ¹

133 1337 137 1344 “
153 1327 246 1388 propter
266 1324 344 1375 linoln
359 1323 470 1386 Quicquid
484 1335 539 1385 ergo
556 1322 626 1371 borno
637 1321 722 1382 foebi,
737 1335 819 1373 rerum
833 1327 873 1374 εει
889 1323 950 1375 dicere

153 1393 213 1460 qubd
229 1397 297 1447 homo
316 1398 369 1459 egat
384 1397 475 1459 propter
491 1393 577 1456 linem,
590 1392 658 1442 etium
673 1394 764 1458 egendo
777 1394 900 1446 eeb'onem
911 1407 951 1458 que

153 1469 189 1517 εει
202 1466 296 1518 ultimus
308 1465 369 1517 lunis.

185 1538 218 1588 td
235 1537 328 1589 tertium
346 1536 480 1599 dicundum,
499 1536 561 1600 quod
576 1533 710 1600 hujusmodi
728 1535 835 1588 ustiones
849 1550 899 1588 uon
909 1541 951 1588 suut

154 1606 245 1672 proprie
256 1609 362 1660 humone
368 1645 376 1672 ,
388 1608 442 1672 quia
451 1621 499 1659 non
507 1607 633 1672 prooedout
642 1621 671 1658 ex
680 1606 851 1660 deliberatione
858 1608 950 1664 ndens,

154 1691 205 1742 pue
226 1681 262 1728 εει
282 1678 399 1742 proprium
417 1679 554 1744 principium
571 1679 724 1728 bumanorum
743 1681 854 1744 ictuum,
870 1683 895 1731 ει
911 1679 951 1728 ideo

153 1747 239 1799 buboni
250 1747 315 1812 quusi
325 1749 394 1800 finem
408 1749 556 1814 imaginatum
561 1786 570 1813 ,
578 1762 625 1800 non
641 1752 717 1800 subm
727 1761 768 1812 per
777 1749 898 1803 ntbueu
906 1763 951 1814 pso

154 1817 266 1870 stitutum.

452 1884 611 1934 lllllcllllls
623 1883 653 1932 ll.

222 1989 306 2034 Utrum
316 2001 387 2046 opere
396 1991 575 2097 propitiemus
587 1990 620 2034 sil
626 1988 753 2045 proprium
767 1989 903 2036 rationalis
976 2042 978 2115 ἱ

565 2065 606 2097 ηε.

976 2119 978 2143 Ι

187 2162 220 2213 rid
237 2161 359 2214 secundum
372 2161 406 2211 sie
419 2160 547 2228 proceditur
555 2160 597 2224 (l).
608 2158 703 2210 Videtur
712 2156 774 2223 prod
788 2173 859 2224 agere
870 2165 952 2227 proptu
976 2172 978 2211 r

156 2233 225 2284 funem
233 2233 263 2286 sit
270 2232 387 2299 proprium
395 2231 512 2284 rationalis
518 2235 612 2282 nature.
623 2231 696 2281 Homo
703 2229 764 2281 enirn
771 2232 840 2296 enjus
849 2231 954 2298 estagen
976 2216 978 2287 !

155 2307 248 2370 propter
255 2304 324 2356 linem
331 2339 339 2365 ,
346 2317 462 2368 nunquam
473 2303 521 2366 egit
532 2302 700 2368 propteriinem
710 2301 824 2365 bustum.
836 2305 882 2355 Sed
891 2305 956 2354 uultu

157 2379 209 2425 sunl
221 2390 272 2440 qus
286 2390 333 2428 non
346 2379 483 2438 cognoscunt
500 2375 585 2436 luem,
599 2373 636 2424 rel
649 2373 702 2437 quie
717 2372 812 2424 omnino
825 2379 907 2425 εεεεει
920 2389 955 2424 so·

156 2445 266 2512 pullione,
273 2448 332 2498 siout
340 2445 450 2500 creature
460 2446 615 2506 insensibiles,
621 2443 659 2494 rel
666 2443 721 2508 quis
728 2458 775 2496 nou
784 2447 957 2510 apprehendunt

156 2517 269 2568 rationem
283 2518 349 2581 linis,
367 2519 427 2569 siout
444 2519 511 2569 bruta
525 2517 640 2568 animalia.
654 2516 749 2566 Videtur
768 2530 825 2580 ergo
843 2519 957 2583 proprium

157 2600 206 2638 esse
220 2588 337 2639 rationalis
353 2593 439 2640 nature
455 2602 523 2654 agere
537 2592 630 2653 propter
644 2586 724 2638 finon

192 2704 222 2765 (l)
239 2707 271 2749 lie
293 2705 328 2750 luis
347 2705 417 2751 etiem
434 2707 526 2753 Coetus
546 2707 632 2757 dene,
649 2706 693 2754 lib.
710 2707 750 2766 Π,
765 2719 818 2765 nup.
837 2706 881 2762 41;
897 2714 924 2753 ιιι
940 2715 958 2751 ει

157 2767 200 2812 lib.
210 2767 253 2820 ill,
264 2776 317 2822 eep.
329 2765 342 2809 1
353 2797 359 2822 ,
370 2779 442 2824 prope
452 2768 522 2814 linem
531 2802 536 2826 ‚
546 2774 571 2814 et
579 2780 633 2826 esp.
646 2767 685 2828 1⁶,
697 2768 743 2826 11,
755 2769 815 2828 100,
829 2769 891 2828 llo,
904 2771 956 2819 tito

159 2833 183 2871 et
190 2828 214 2871 iu
224 2827 392 2883 questionibus
407 2830 532 2887 disputetis
540 2863 546 2889 ,
554 2836 637 2887 eunt
649 2829 679 2877 tle
690 2832 778 2878 unione
786 2833 854 2880 «verbi
863 2865 869 2891 ,
878 2839 925 2878 nrt.
938 2833 956 2881 δε

159 2893 183 2934 ει
196 2889 220 2933 iu
231 2888 452 2945 11.Plputo.,teot.
465 2893 480 2937 1
494 2898 519 2938 et
529 2892 584 2938 leet.
598 2891 638 2938 ld.
