1984 3309
197 154 227 191 nit
243 152 342 191 ictinus
358 152 484 193 luemus
500 154 517 192 l
533 154 683 195 tuumne.
794 151 840 197 837

34 236 102 283 bruta
121 230 237 281 animalia.
253 237 280 281 ιε
292 234 324 284 lle
339 233 417 284 ordine
428 235 518 299 imperii
528 235 556 284 nd
569 248 644 285 usum.
657 238 684 281 tr
697 235 777 286 Uirium
792 238 846 285 im·-

34 305 125 368 perium
137 306 160 353 et
169 306 234 353 uetus
241 304 367 368 imperatus
376 305 422 355 sint
430 320 489 357 unus
500 311 566 357 notus
574 309 613 357 rel
622 307 715 358 diversi.
722 314 749 358 5⁰
759 308 839 359 Utrirm

33 381 101 427 notus
116 376 241 427 voluntatis
252 376 383 440 imperetur.
395 382 421 427 6ο
435 379 514 429 lltrdur
527 382 592 430 notus
602 380 706 431 rationis.
720 386 745 430 7·
758 381 837 431 Utrirm

33 453 101 498 uetus
120 447 238 513 appetitus
252 449 363 501 seuutird.
383 454 410 499 80
423 450 504 500 Utrirm
520 454 585 502 notus
598 452 679 504 unimre
694 453 837 516 vegetabilis.

32 526 60 570 ευ
73 520 155 571 Utrdnr
169 524 233 571 actm
246 520 383 573 exterionrm
395 523 555 572 membrorum.

342 676 504 727 indiculus
517 678 536 725 l.

73 762 76 767 Ι
108 782 196 829 illrum
206 784 364 840 imperauerit
379 785 569 839 retaurationis,
581 786 618 830 vet
631 786 771 831 voluntarie.

66 889 215 959 ltprimum
235 892 268 943 sie
285 893 413 957 proceditur
424 892 467 957 (l).
481 892 576 943 Videtur
588 894 649 957 qnod
667 894 778 957 imperare
792 907 838 944 nou

33 970 63 1016 sit
79 968 146 1015 artus
158 964 266 1029 rationis,
284 965 324 1015 sed
336 965 468 1016 voluntatis.
486 967 599 1029 Imperare
616 965 677 1016 euim
694 968 729 1016 est
746 979 838 1016 movere

31 1036 164 1103 qnoddumr
180 1036 235 1085 dicit
250 1036 312 1087 eninr
328 1037 445 1087 driueunn
459 1035 519 1101 quod
537 1038 675 1101 quadruplex
687 1040 721 1087 est
732 1050 837 1100 mouens,

30 1109 120 1159 scilieet
132 1124 147 1155 «
155 1107 288 1173 perficiens,
301 1107 441 1173 disponens,
454 1108 580 1173 imperius,
593 1112 617 1159 ει
624 1108 755 1159 consilians.
768 1109 840 1159 »Sed

32 1184 60 1231 nd
74 1180 219 1230 voluntatem
232 1180 331 1243 pertinet
346 1192 437 1231 movere
452 1191 532 1230 ornnes
550 1181 607 1230 elius
622 1181 684 1231 uires
701 1181 784 1232 unimur
793 1219 802 1245 ‚
812 1184 839 1231 ut

32 1254 123 1301 dietum
135 1253 173 1301 est
184 1251 233 1315 (qu.
243 1256 267 1313 9,
277 1255 323 1313 ¹unt.
339 1255 353 1300 l
368 1265 435 1315 supra
444 1251 461 1315 ).
478 1252 536 1315 Ergo
547 1251 659 1315 imperare
670 1255 705 1302 est
719 1256 784 1302 artus
797 1266 837 1302 ro

32 1322 140 1373 luntatis.

66 1400 92 1443 2.
107 1396 239 1455 preterea,
252 1395 311 1445 sicut
323 1394 430 1459 imperari
443 1394 542 1458 pertinet
554 1394 582 1443 nd
594 1392 618 1444 id
631 1394 692 1458 qnod
701 1397 736 1444 est
749 1394 839 1458 subjee-

33 1474 98 1531 tum,
112 1466 147 1515 ita
166 1466 278 1531 imperare
295 1465 409 1531 pertinere
427 1466 518 1517 ridetur
531 1467 560 1515 ed
576 1466 599 1516 id
613 1467 672 1530 quod
686 1468 721 1515 est
740 1464 839 1515 maxime

32 1540 142 1589 liberum.
159 1537 204 1587 Sed
218 1538 282 1588 radix
298 1537 411 1589 libertatis
425 1540 459 1588 est
479 1536 577 1587 maxime
589 1537 615 1586 iu
632 1538 758 1587 uoluntate.
778 1538 838 1601 Ergo

33 1610 162 1661 voluntatis
175 1612 211 1660 est
225 1610 347 1675 imperare.

66 1689 92 1733 3.
116 1683 247 1745 Praeterea,
262 1683 289 1732 ud
308 1681 429 1746 imperium
447 1681 524 1733 stetim
539 1681 640 1745 serprltur
658 1683 728 1731 εειεε.
749 1681 794 1732 Sed
812 1682 840 1731 ad

32 1760 111 1805 uotum
122 1753 218 1803 rationis
230 1766 274 1803 non
284 1754 358 1803 stetim
369 1754 471 1817 sequitur
481 1758 556 1816 ertus3
568 1767 613 1805 non
625 1754 684 1804 euim
698 1753 737 1817 qni
752 1753 841 1818 judicia

31 1826 105 1889 liquid
121 1838 175 1875 esse
197 1824 337 1889 feriendum,
350 1826 427 1875 stetim
445 1825 502 1875 illud
519 1830 634 1890 operetur.
652 1826 712 1888 Ergo
725 1825 842 1890 imperare

32 1913 79 1949 non
96 1900 134 1948 est
146 1896 328 1958 damnationis,
341 1897 381 1947 sed
394 1896 527 1948 rolrrututis.

63 1970 112 2020 Sed
134 1971 213 2019 eontra
229 1972 285 2032 est,
305 1967 365 2031 qudd
383 1970 505 2032 Gregorius
517 1970 634 2033 Npsseuus
647 1969 714 2032 dicit,
733 1972 757 2019 et
772 1968 840 2017 etium

32 2041 204 2106 Philosophus,
222 2040 282 2103 qnod
298 2057 312 2088 «
322 2041 436 2105 appetitus
448 2041 525 2092 obedit
539 2040 630 2091 rationi.
645 2057 659 2087 »
675 2042 735 2103 Frgo
746 2039 841 2089 rationis

33 2118 68 2165 est
82 2114 208 2179 imperare.
353 2118 356 2125 ⁴

67 2186 237 2251 (Conclusio.
251 2212 282 2223 -
293 2186 406 2251 imperare
423 2189 458 2236 εει
478 2189 543 2236 eolus
563 2184 656 2235 rationis
678 2183 839 2247 essentialiter,

33 2258 205 2324 praesnpposito
219 2262 294 2309 tumen
309 2261 360 2309 actu
373 2258 511 2320 voluntatis,
529 2261 596 2321 outns
612 2256 697 2307 virtute
718 2254 769 2321 ipsa
784 2256 841 2308 rutio

31 2347 73 2395 per
85 2330 210 2395 imperium
224 2327 317 2395 moret,
328 2331 402 2395 quoad
415 2330 548 2381 exercitium
562 2329 652 2392 aetus.)

65 2404 206 2468 [despondeo
222 2403 357 2465 dicendum,
376 2401 435 2466 quod
456 2402 569 2466 imperare
592 2405 709 2452 ostentus
730 2401 840 2464 rationis,

32 2474 206 2541 praesupposito
219 2477 295 2525 tumen
305 2477 356 2525 autu
371 2474 500 2525 voluntatis.
513 2475 545 2524 ld
559 2474 624 2538 cujus
637 2474 776 2526 evidentium
787 2489 843 2526 oon-

33 2548 184 2599 siderandnm
201 2550 250 2607 est,
265 2548 324 2611 quod
337 2547 389 2609 quie
408 2549 472 2596 ortus
489 2545 615 2597 voluntatis
631 2550 655 2597 et
665 2547 759 2598 rationis
773 2559 841 2610 snpra

35 2637 59 2671 se
77 2620 180 2670 invicem
198 2623 294 2682 possunt
312 2618 377 2683 terri,
390 2623 457 2683 prout
476 2618 561 2669 seilicet
578 2619 635 2670 ratio
654 2620 799 2670 rutioeiuutur
812 2618 840 2668 de

69 2776 104 2837 (ll
119 2780 154 2823 lle
167 2776 204 2821 llis
221 2776 290 2819 etium
306 2775 379 2833 inlrrl,
395 2787 434 2832 qu.
454 2774 498 2837 uo,
514 2781 557 2819 ert.
571 2775 597 2830 l;
616 2782 640 2821 et
654 2776 683 2833 2,
696 2775 724 2832 2,
742 2786 782 2831 qu.
795 2773 839 2832 83,

35 2848 82 2965 gart,
94 2840 126 2950 1ar
125 2844 150 2948 et
163 2838 205 2948 {3³
217 2842 241 2883 et
251 2850 290 2895 qu.
302 2839 332 2884 ἥ
342 2872 348 2899 ‚
357 2838 385 2883 de
395 2838 472 2897 verit,
487 2844 531 2885 urt.
541 2837 571 2884 lt
580 2872 585 2899 ‚
595 2840 623 2885 ud
634 2838 661 2893 43
676 2842 699 2883 et
713 2836 839 2895 Qeodtil..
