1984 3309
290 192 323 228 nn
339 190 416 229 numu
433 189 549 229 sumnus
564 192 622 232 ursi.
828 182 858 231 tl

46 268 145 329 ,posmodi
155 266 326 331 questionibus
338 270 383 317 dno
397 270 452 317 sunt
464 267 616 317 observande.
636 267 737 317 Primum
749 266 842 331 quidem
848 304 858 331 ,

50 345 72 387 ol
82 339 168 389 veritas
176 340 304 403 scripture
310 337 448 389 muuuousst
459 342 570 389 teneatur.
578 337 774 400 Seomdumeirm
784 340 859 403 Serip

50 416 99 459 torn
109 410 184 461 divine
197 409 358 475 multipliciter
376 410 461 473 exponi
476 410 565 473 possit,
575 409 636 473 qubd
650 410 707 459 nulli
721 410 860 475 expositioni

50 482 172 543 aliquisita
184 480 284 545 praeeist
299 481 428 543 inherent,
438 480 494 531 uisi
507 485 568 530 certe
576 480 664 531 ratione
680 481 806 531 eonstiterit
814 483 859 531 boe

50 567 100 602 osse
112 554 194 603 fulsum
209 555 272 617 quod
285 552 370 615 uliquis
387 566 481 603 sensum
494 553 617 617 scripture
631 566 683 603 esse
698 554 816 615 omenes,
834 554 858 603 id

50 625 194 675 nihilominus
207 637 313 675 asserere
326 624 501 688 preeuntem),
513 637 543 674 ne
554 624 671 687 Scriptura
684 638 713 674 er
725 626 770 675 boe
780 625 809 675 ab
821 625 859 675 in·

50 697 149 747 fidelibus
160 696 311 755 derideatur,
322 699 347 745 et
358 708 388 745 ne
402 696 437 746 eis
447 695 485 744 vie
494 695 601 745 credendi
613 695 771 759 precludatur.
781 696 860 745 Seium

49 769 99 817 dnm
114 772 149 818 est
163 780 236 830 ergo,
251 766 316 829 qubd
329 768 374 816 hoo
389 766 451 829 qnod
467 765 563 829 legitur,
580 765 746 815 firmamentum
761 768 859 816 secunde

48 841 82 889 die
94 840 196 901 lectum,
206 837 330 901 dupliciter
338 837 437 901 intelligi
444 841 521 901 potest
532 853 538 887 ε
548 851 593 887 uno
603 838 671 887 modo
679 838 708 887 de
719 838 860 888 firmamento

50 911 72 958 in
84 924 128 973 qno
139 913 196 960 sunt
211 910 301 973 sidero;
319 914 343 959 el
357 910 483 961 meundum
498 911 543 959 hoe
555 913 644 973 oportet
655 921 698 959 noe
708 910 860 961 diversimode

50 994 160 1043 exponere
168 982 297 1031 seeundum
306 981 539 1044 diversusopinioues
546 980 664 1030 bominum
672 980 701 1031 de
706 981 858 1033 firmamento.

49 1053 139 1109 Quidam
156 1051 222 1102 euim
242 1051 352 1101 dixerunt
364 1052 533 1102 firmamentum
551 1053 608 1102 illud
626 1065 676 1102 esse
695 1066 725 1101 ex
739 1053 861 1104 elementis

50 1123 219 1187 compositum
235 1128 259 1173 el
272 1124 322 1173 brec
335 1122 381 1173 luit
396 1123 474 1187 opinio
487 1123 643 1187 Empedoclis,
655 1124 695 1187 qui
711 1129 790 1175 nmen
803 1124 861 1176 dixit

49 1196 96 1245 ideo
108 1196 163 1245 illud
177 1208 265 1259 eorpus
274 1194 435 1245 indissolubile
446 1208 512 1257 esse,
527 1194 578 1256 quie
591 1195 616 1244 in
630 1195 681 1257 ejus
694 1195 860 1259 compositione

50 1267 77 1315 lis
88 1281 133 1317 non
140 1270 207 1329 mai,
219 1267 261 1316 sed
272 1266 374 1315 amicilia
383 1268 481 1316 tautum.
493 1266 538 1315 lilii
546 1264 605 1327 *verb
616 1266 721 1315 dixerunt
730 1266 860 1318 firmamen-

50 1341 95 1386 tum
109 1338 209 1387 essedo
226 1340 310 1387 nutura
327 1340 426 1401 quatuor
441 1338 605 1387 elementorum
623 1350 670 1387 non
687 1337 753 1399 quusi
770 1350 799 1387 ex
811 1338 860 1389 ele-

51 1408 129 1460 mentis
147 1410 320 1473 compositum,
332 1410 372 1459 sed
394 1408 461 1471 quasi
477 1410 617 1459 elementum
638 1408 749 1471 simple13
767 1413 792 1459 et
810 1410 861 1460 beo

53 1480 126 1540 opinio
137 1482 182 1531 init
197 1481 317 1543 Platonis,
328 1480 370 1544 qui
379 1480 457 1543 posuit
467 1494 550 1543 eorpus
557 1480 650 1530 eoeleste
660 1493 712 1529 esse
723 1481 860 1531 elementum

55 1551 118 1612 ignis.
127 1552 171 1603 lilii
182 1552 241 1604 verb
252 1552 360 1603 morunt
369 1552 451 1601 coelnm
460 1564 508 1603 non
517 1564 570 1602 esse
583 1553 611 1602 de
621 1555 700 1603 nabun
708 1555 805 1615 quatuor
814 1554 861 1603 ele·

54 1626 191 1687 menbrum,
199 1626 241 1675 sed
254 1637 307 1673 esse
316 1622 424 1686 oninium
434 1636 526 1687 eorpus,
535 1626 618 1687 preter
628 1625 724 1687 quatior
736 1624 858 1673 elementa.

53 1693 78 1740 Et
88 1694 133 1744 bne
144 1700 182 1746 est
193 1694 277 1759 opinio
284 1694 416 1745 Aristotelis
427 1694 475 1754 tlib.
486 1696 506 1757 l,
519 1696 555 1744 De
568 1694 647 1751 Goelo,
658 1697 716 1744 text.
729 1698 759 1744 tt
769 1696 797 1745 nd
809 1693 859 1758 82).

52 1765 177 1817 Secundum
195 1766 270 1829 igitur
282 1764 382 1830 primani
404 1766 534 1829 opinionem
548 1765 650 1817 obsolute
668 1770 747 1830 posset
767 1766 861 1817 consedi

52 1839 107 1897 quod
121 1839 295 1889 firmamentum
312 1837 398 1887 inobrm
409 1838 477 1888 luerit
487 1840 586 1889 seeundo
596 1838 647 1900 die,
658 1838 727 1888 etiam
736 1838 861 1889 seeundum

53 1920 113 1957 sunm
127 1909 298 1972 substantium
312 1922 365 1957 nam
380 1910 408 1959 od
421 1922 480 1973 opus
493 1910 613 1960 creationis
625 1913 725 1974 porlluet
738 1911 862 1975 prodnoere

54 1978 120 2041 ipsum
133 1982 304 2032 elementorum
318 1980 483 2042 substantiam,
498 1981 526 2031 ed
540 1985 599 2045 opus'
618 1985 695 2032 enom
710 1981 861 2032 distinctionis

54 2056 75 2098 et
82 2056 188 2117 ornatus,
199 2052 304 2117 pertinet
313 2052 412 2103 formare
423 2052 497 2116 aliquo
508 2066 538 2103 ex
549 2052 750 2117 preenistenlibus
759 2054 860 2102 elenen·

55 2124 89 2173 tis.
100 2125 231 2176 Secundum
240 2123 297 2175 verb
306 2122 437 2188 opinionem
446 2124 547 2175 Plutonis
556 2138 602 2174 nou
611 2125 794 2175 esteonveniens
801 2124 861 2187 qnod

56 2196 221 2248 firmamentum
230 2196 339 2246 credatur
347 2196 473 2246 secundum
482 2196 547 2246 suem
557 2196 767 2247 mbstnntinmesse
775 2195 861 2245 leolum

86 2348 113 2407 tlt
127 2353 165 2398 sio
176 2354 251 2409 enim,
261 2352 305 2396 lib.
316 2354 337 2410 1,
347 2350 429 2409 Super
439 2352 550 2398 Genmm
560 2351 593 2396 od
604 2351 717 2409 tit.,oep.
734 2350 777 2410 18,
789 2363 861 2408 prope

60 2408 137 2457 linem:
154 2416 185 2459 Et
201 2416 232 2459 in
245 2414 320 2459 rebus
335 2412 445 2459 eoseum
460 2410 561 2474 (inquit)
573 2420 580 2471 3
593 2416 618 2459 ei
632 2426 681 2471 prio
694 2414 755 2459 inde
769 2416 863 2471 scripto

58 2476 123 2519 eliam
134 2477 227 2522 divion
238 2478 389 2534 teperimur,
400 2488 453 2533 qno
464 2478 559 2535 possint
571 2478 640 2521 solva
650 2477 698 2535 pide
712 2488 761 2533 prio
770 2476 861 2521 imboi-

57 2547 119 2586 πων,
129 2540 194 2584 nlius
209 2542 282 2596 atque
296 2540 361 2583 otios
368 2550 459 2597 perere
470 2540 611 2589 sententias,
624 2541 654 2584 io
666 2539 763 2595 nullon
775 2552 862 2583 eorum

58 2610 96 2641 nos
109 2602 239 2659 precipiti
255 2602 418 2659 affirmatione
431 2602 468 2647 ita
479 2602 662 2659 projiciamne,
673 2605 700 2645 ut
712 2603 736 2645 si
746 2602 810 2661 {orte
822 2602 863 2647 di·

58 2659 170 2714 locellos
184 2664 298 2708 discesso
310 2665 402 2709 ueritas
414 2678 466 2709 eom
476 2666 540 2709 reete
552 2664 747 2723 labefactaverit,
760 2676 863 2709 corruo·

61 2734 108 2767 nur
119 2743 126 2767 ι
141 2738 193 2770 noo
200 2738 250 2783 pro
260 2728 383 2773 sententia
396 2727 544 2772 divinornm
556 2723 755 2785 Scriptores-om,
766 2726 806 2771 sed
813 2738 862 2782 pro

60 2791 137 2830 norlrn
153 2789 190 2833 ito
208 2788 366 2837 dimicantes,
382 2792 411 2834 et
430 2802 481 2834 eom
495 2789 600 2834 uelimus
613 2789 803 2845 Scriptororom
815 2787 863 2831 esre

62 2857 109 2898 lum
121 2856 205 2895 noim
213 2855 265 2904 εει,-
275 2852 332 2896 ciem
341 2852 426 2909 putide
438 2864 490 2897 eom
499 2864 553 2909 pem
562 2851 752 2909 seripturarum
762 2854 796 2895 est
806 2854 862 2892 noe-

65 2911 121 2954 trum
139 2926 186 2959 esee
199 2914 262 2958 nelle
275 2912 410 2959 datm

187 3022 213 3057 ΙΙ.
740 3009 756 3051 2
