1984 3309
295 106 326 144 or
340 104 476 145 summouit
490 104 665 146 nsarrrunnus.
701 135 703 140 .
826 99 881 150 -tat

79 183 120 233 uel
136 181 175 233 oui
189 182 265 233 onnia
277 184 355 247 optata
371 183 511 244 succedunt,
526 183 691 247 quodammodo
710 182 826 238 intellecta
846 191 882 238 est

78 255 141 306 bona
154 258 178 304 et
190 252 318 318 militianm
332 253 378 304 alio
387 253 442 305 voro
457 256 524 306 morlo
535 258 571 306 ost
583 256 724 321 imperleuta.
739 254 764 308 Si
772 255 834 308 eninr
845 257 880 308 in·

76 327 195 390 telligatur
207 324 340 390 mmplioiter
349 327 378 377 tle
387 325 492 377 omnibus
499 340 551 392 qua
561 327 611 378 uult
624 329 692 380 homo
701 329 799 380 naturali
810 342 882 394 appo·

77 398 139 461 tito,
158 397 192 448 tio
208 411 289 454 reram
300 400 336 448 ost
356 398 417 461 quod
436 397 503 462 «qui
520 398 589 452 halet
608 397 684 450 onmia
696 411 749 464 nou
764 398 830 462 uult,
844 405 882 452 nst

77 471 176 529 leatus3
185 485 201 516 n
212 467 271 519 uiuit
280 467 343 519 enim
354 468 423 519 satiat
433 469 560 522 naturalem
571 469 670 520 hominis
682 471 809 536 apmtitum
818 510 825 534 ‚
835 471 880 524 nisi

79 542 166 592 bonnm
183 540 325 604 perfeetum,
338 541 399 604 qnod
413 543 449 591 est
461 538 585 590 beatitudo.
600 539 624 590 Si
636 539 690 592 vert
700 541 840 604 intelligatur
852 543 881 594 de

77 613 117 664 iris
131 626 184 676 qua
199 613 267 663 homo
280 611 329 662 vult
348 613 474 663 meandum
492 611 696 676 apprehensionem
715 613 826 678 rationis,
847 613 882 666 sio

77 685 166 735 habore
175 685 279 747 quotam
287 696 339 748 quas
349 683 418 734 tomo
428 683 477 734 uult
486 721 493 745 ,
502 695 549 734 non
558 682 659 746 pertinet
665 683 695 733 ad
705 683 881 750 beatitudinem,

77 757 120 807 sed
136 754 212 818 magis
223 755 252 804 ad
265 753 433 814 misenensis
446 756 556 818 quantum
571 753 702 819 hujusmodi
718 755 797 806 hatita
809 755 881 821 imus·

78 826 148 878 liunt
165 825 284 877 nominum
295 838 326 876 no
342 825 425 876 nabent
437 837 577 890 quecunque
590 825 639 876 vult
654 825 786 877 naturaliter
801 843 808 876 ι
822 825 882 878 uont

78 899 152 949 otiam
167 896 227 948 ratio
239 896 353 949 muium
369 895 452 961 enotuit
464 900 490 947 ut
503 907 558 948 rora
571 909 622 960 qum
639 895 766 960 impediunt
777 896 880 962 leugni-

77 970 142 1021 tione
156 967 269 1019 ueritatis
278 968 309 1018 ut
321 968 445 1020 somnum
453 970 514 1021 trano
523 967 729 1022 considerationem
739 967 878 1034 argentinus

76 1042 142 1094 addit
154 1042 183 1093 ad
196 1041 361 1105 pensaurien
373 1039 535 1105 beatitudinis3
549 1039 609 1106 quil
621 1057 635 1089 u
642 1039 699 1090 nillil
712 1039 765 1092 mali
779 1041 850 1104 uelit;
862 1057 875 1087 o

75 1111 185 1178 quamuis
197 1111 296 1176 primum
307 1114 385 1176 nosset
396 1112 516 1176 sulioere,
529 1111 550 1164 si
566 1111 629 1164 nott
641 1111 821 1176 intelligeretur„
833 1111 878 1162 soi-

71 1186 136 1240 lioet
143 1183 209 1247 quot
220 1183 284 1248 noui
294 1182 375 1234 boatus
386 1185 424 1235 ost
436 1184 506 1235 natet
514 1182 591 1236 omnia
603 1195 655 1248 qua
668 1183 726 1234 uult.
740 1198 754 1229 o

75 1333 129 1388 ejus
147 1329 278 1376 neruoso
291 1325 330 1390 (iul
347 1334 385 1375 ost
397 1341 426 1375 ox
438 1329 503 1379 libro
515 1340 584 1386 quom
599 1329 629 1374 da
642 1329 709 1376 lauto
720 1327 877 1385 Philosophia

76 1395 122 1439 sub
135 1394 180 1438 luno
190 1392 347 1451 ¹inseriptionu
364 1389 485 1452 scripsit),
504 1391 591 1438 iudioat
609 1396 725 1448 sumptum
743 1403 804 1436 esso.
819 1393 878 1438 lium

75 1461 202 1513 postqum
220 1455 253 1500 tui
267 1455 397 1513 Augustino
409 1467 453 1512 por
466 1453 559 1503 modum
573 1453 658 1511 dialogi
672 1453 784 1510 querenti
801 1463 831 1498 au
847 1455 880 1500 sit

75 1520 162 1564 heatus
171 1519 210 1564 ille
224 1518 264 1574 qni
278 1518 349 1563 habet
359 1518 491 1576 quodvult,
504 1516 622 1574 respondit
634 1515 673 1573 pia
682 1521 757 1562 mater
769 1516 877 1562 ttoniuot

75 1581 105 1627 δι’
119 1580 184 1626 tono
203 1578 262 1626 velit
275 1583 298 1626 ot
314 1579 412 1631 lolem,
425 1579 507 1626 loutsra
526 1583 575 1633 sst‚·
588 1581 611 1626 at
624 1582 705 1626 ouum
722 1577 788 1624 molo
803 1577 877 1628 nolit,

75 1644 190 1703 mmor
200 1642 298 1693 houm,
308 1643 384 1689 misor
394 1645 436 1688 eat.
