1984 3309
183 134 216 171 nn
230 132 335 171 ominus
351 132 545 171 suessionicus
560 134 585 171 m
600 132 718 172 conum.
823 123 852 171 st

84 208 118 261 ld
131 209 235 273 quintum
243 210 378 273 dicendum,
389 206 449 272 qnod
462 209 587 260 secundum
599 209 749 273 dogustinum
762 208 851 273 perillo

52 277 95 332 trie
109 279 241 344 designatur
254 281 338 346 triplex
352 294 405 329 esse
417 293 501 330 rerum.
515 280 591 332 Primo
606 281 697 345 quidem
714 294 765 331 esse
778 293 855 331 rernm

52 351 76 401 in
87 352 175 415 Verbo,
189 366 230 417 per
243 354 287 403 hoc
299 354 359 415 guod
380 350 450 414 dixit,
464 352 520 414 rint.
538 351 657 415 Secundi,
672 366 723 401 esse
738 366 812 402 rerum
829 350 854 401 in

53 429 128 473 mente
143 424 265 487 angelica,
275 437 316 488 per
331 424 376 473 hoc
390 424 449 487 quod
459 421 526 484 dicit,
535 424 634 488 suetum
644 429 687 473 est.
702 422 791 485 Tertii,
803 437 855 473 esse

53 509 125 545 rerum
138 496 164 546 in
178 496 272 561 proprie
290 500 388 559 natrrrn,
403 508 445 559 per
458 494 501 546 hoc
514 497 574 560 quod
589 495 660 559 dixit,
674 498 744 559 (ecit.
759 497 786 545 m
801 496 856 559 quia

53 566 78 615 in
87 567 159 631 prima
171 566 207 618 die
223 566 359 619 describitur
369 567 475 619 formatio
489 568 635 630 angelorum,
647 581 694 617 non
705 568 750 617 luit
761 580 855 619 neeesse

52 639 77 687 nt
90 637 121 688 ihi
136 638 274 702 adderetur,
285 640 356 703 fecit.
372 637 501 688 Secundum
512 637 567 689 elios
577 638 631 690 rerd
644 642 720 703 potest
728 637 783 702 dici,
796 640 856 702 qnod

52 708 76 757 in
88 710 131 759 boc
143 712 204 773 quod
214 709 271 760 dicit
282 726 289 757 ι
303 726 316 757 ιι
330 709 394 759 Dixit
408 710 479 773 lions,
494 710 546 774 liat,
559 727 573 758 ιι
588 710 721 773 importatur
734 708 856 773 imperium

53 779 92 829 liei
106 779 134 830 de
151 780 259 831 iaciendo
273 797 280 844 3
294 794 336 845 per
349 783 393 830 troc
406 783 482 829 eutem
493 781 553 843 qnod
566 779 639 831 dicit:
653 782 770 830 «Factum
779 785 828 842 est,
839 795 854 826 ιι

54 850 188 914 importatur
204 852 400 915 complementum
421 850 504 914 operis.
521 851 625 915 oportuit
642 855 718 901 nutem
731 854 757 901 ιιι
773 852 857 902 subde-

55 927 115 971 retur
124 924 243 987 quomodo
252 924 338 973 inmuni
348 922 406 985 suit,
416 921 531 986 precipue
541 927 633 986 propter
641 922 692 972 illos
701 921 741 985 qui
751 922 858 972 dixerunt

56 993 128 1045 omnia
139 994 244 1045 visibilia
252 1008 294 1059 per
304 994 401 1057 angelos
409 994 483 1058 factm
494 1000 518 1045 et
525 994 578 1045 ideo
589 995 618 1045 nd
630 996 673 1045 lroc
681 995 856 1056 removendum,

58 1062 156 1116 subditur
169 1066 233 1129 quod
245 1065 296 1131 ipse
308 1068 370 1117 Deus
379 1064 443 1115 iecit.
458 1066 522 1117 Unde
534 1066 559 1118 in
568 1065 664 1130 singulis
676 1066 782 1130 operibus
794 1069 859 1129 post·

57 1134 236 1197 quimdicitor:
251 1137 466 1198 retitudinem,
481 1137 668 1202 oeiquisactus
685 1137 727 1194 liei
740 1136 856 1197 subditur,
887 1181 891 1189 .

55 1206 91 1255 rel
101 1208 179 1271 fecit,
193 1208 231 1259 rel
245 1204 389 1271 distinxit,
401 1208 560 1263 relucescit,
570 1208 607 1259 sel
617 1207 702 1272 aliquid
716 1207 858 1271 hujusmodi.

84 1280 116 1329 ld
127 1283 220 1329 sextum
233 1280 372 1341 dicendum,
385 1279 445 1342 quod
457 1281 580 1329 secundnm
592 1278 741 1343 Augustinum
753 1293 795 1343 per
805 1293 858 1329 ves·

52 1364 112 1413 pere
123 1356 147 1401 et
161 1366 238 1401 mone
255 1351 392 1415 intelligitur
407 1351 535 1415 vespertine
554 1356 579 1402 et
590 1351 703 1401 matutine
719 1350 821 1415 cognitio
833 1351 860 1401 in

56 1421 155 1485 angelis,
169 1422 198 1473 de
212 1421 297 1487 quibm
313 1422 401 1471 dietum
412 1426 447 1472 est
459 1422 535 1485 snpri.
552 1422 594 1472 Vel
606 1422 732 1472 secundum
749 1422 861 1471 Basilinm

57 1494 129 1542 toturn
139 1494 232 1558 tempus
247 1494 369 1545 consuevit
381 1493 523 1543 denominari
533 1492 547 1544 l
557 1492 710 1558 principaliori
723 1496 787 1557 porte
797 1531 804 1553 ,
815 1492 860 1543 sci-

57 1561 109 1613 licet
119 1562 132 1613 l
141 1564 192 1629 die,
204 1565 332 1615 secundnm
346 1564 408 1627 quod
421 1563 478 1614 dixit
486 1565 554 1617 Jacob
565 1580 571 1615 :
584 1564 664 1615 «Dies
672 1563 860 1629 peregrinationis

57 1646 127 1697 mee,
135 1652 149 1683 ιι
158 1634 220 1685 nulle
235 1635 354 1687 mentione
364 1633 425 1684 iacto
435 1635 462 1685 de
475 1640 550 1687 nocte.
562 1636 665 1701 Vespere
673 1640 748 1685 numm
756 1639 780 1685 et
789 1649 860 1685 morse

56 1711 183 1769 ponuntur,
195 1712 221 1757 nt
242 1706 336 1758 termini
357 1705 419 1769 diei,
435 1707 501 1771 eujus
519 1721 592 1757 mane
609 1710 645 1757 est
656 1705 808 1771 principium,
820 1704 861 1755 sed

55 1777 221 1842 rependum
226 1778 270 1828 Vel
278 1778 331 1842 quie
339 1792 382 1843 per
390 1792 487 1843 vespere
496 1778 627 1841 designatur
634 1777 769 1843 principium
778 1776 860 1839 noctis,

55 1860 97 1911 per
107 1864 181 1899 mene
191 1848 332 1914 principium
345 1848 393 1899 diei
408 1864 413 1898 z
429 1862 553 1913 congruum
562 1853 639 1901 autem
648 1849 705 1909 init,
715 1847 789 1900 ututi
800 1860 862 1898 com·

56 1924 195 1971 memoratur
206 1920 283 1985 prima
303 1918 420 1971 distinctio
433 1934 523 1982 rernm,
537 1922 587 1971 sola
601 1920 712 1986 principia
732 1922 862 1982 temporum

55 1988 237 2056 dedgnaremur.
259 1992 407 2042 premittitur
425 1995 501 2042 autem
519 2007 631 2055 vespere,
647 1992 700 2056 qnia
715 2004 767 2041 cnm
784 1989 862 2039 tluce

56 2062 105 2113 dies
118 2063 244 2128 inceperit,
254 2064 319 2130 prius
329 2063 428 2115 occurrit
438 2063 548 2116 terminus
559 2064 624 2127 lucis,
634 2064 695 2127 quod
707 2066 743 2113 est
752 2075 860 2126 vespere,

55 2133 121 2197 quim
135 2134 250 2185 terminus
261 2136 411 2188 tenebrarum
425 2138 448 2185 et
460 2136 547 2196 noctis,
559 2136 620 2199 quod
630 2138 665 2185 est
676 2147 763 2197 mone,-
773 2132 811 2182 rel
825 2146 862 2183 se·

57 2206 153 2257 cundum
167 2208 361 2273 chrysostomum
372 2211 398 2258 ut
416 2208 546 2271 designetur
559 2206 619 2271 qndd
635 2206 684 2257 dies
696 2204 805 2256 naturalis
814 2218 862 2256 non

59 2276 192 2329 terminetur
204 2279 230 2328 in
242 2294 355 2343 vespere,
370 2278 411 2330 sed
423 2278 448 2329 in
462 2293 539 2329 mene.

89 2348 120 2398 nd
132 2350 259 2414 septimum
270 2348 394 2401 dicendum
398 2386 407 2415 ,
419 2349 479 2413 qudd
489 2350 572 2401 dicitm
580 2367 595 2399 ιι
603 2363 663 2401 unns
673 2348 722 2402 dies
732 2366 747 2397 n
756 2348 864 2413 inprime

60 2470 135 2531 Aroes
150 2478 239 2534 ιιιιᾳιω
255 2476 299 2522 red
313 2488 364 2523 ooo
381 2478 444 2523 sotor
461 2496 469 2522 :
485 2478 570 2523 lenitus
580 2478 634 2523 etto
646 2480 828 2528 ministrantes,
841 2481 863 2523 ct

58 2538 204 2585 recederem
223 2552 348 2585 summum
365 2545 542 2586 consecrantem
564 2537 572 2602 (
577 2542 677 2599 teipsum
692 2553 775 2597 nempe
787 2537 863 2600 neo).

61 2598 194 2647 omem
206 2603 283 2659 quem
293 2608 361 2649 cetur
372 2604 515 2659 mysterium
523 2605 555 2649 stt
566 2605 597 2649 ιιι
608 2605 689 2662 ipsius
701 2602 791 2648 muodo·
800 2615 865 2660 prm·

60 2660 194 2718 figuratum
209 2666 312 2723 origine
331 2684 339 2711 .·
356 2666 387 2711 ιἰι
400 2667 532 2723 principio
546 2667 600 2723 ipso
612 2667 711 2726 quondo
728 2665 787 2724 {ecit
799 2666 866 2709 Deus

8 2778 9 2785 ἵ
60 2726 140 2771 culm
159 2732 183 2773 et
204 2730 313 2778 terrum,
329 2728 443 2787 Spiritus
462 2724 560 2789 (inquit)
580 2728 778 2789 superferebatur
789 2736 866 2783 sopor

60 2798 138 2843 som.
156 2789 211 2847 Qui
228 2790 433 2896 poperfereoatur
450 2803 526 2849 sopor
542 2803 631 2849 ιιᾳιιιιι,
650 2803 703 2837 ooo
718 2787 866 2847 operclum

59 2860 130 2909 rupes·
142 2864 223 2910 ιιᾳιιιιι
252 2858 299 2898 etc.
