1984 3309
176 182 208 219 nu
223 180 333 221 consumo
349 175 413 225 nucu
428 176 579 219 mserum
594 177 725 219 menum.
804 168 850 218 tlt

44 258 181 323 ardpiendu
201 260 254 309 sunt
267 258 350 321 absque
363 257 426 307 omni
439 257 529 307 delectu
541 257 581 321 qui
592 256 708 307 inuenitur
723 257 747 306 iu
759 258 827 307 nobis
842 274 849 307 :

43 330 110 382 sicut
124 331 150 381 iu
161 330 227 381 nohis
236 328 330 380 scientie
338 332 374 380 est
382 329 554 380 conclusionum
568 343 610 393 per
619 328 768 380 discursumd
777 330 852 381 musis

43 403 72 453 iu
85 402 197 465 effectum
214 402 255 452 ssd
270 400 364 451 scientie
378 401 438 451 dictu
449 402 477 451 de
487 402 552 464 nec,
563 400 678 465 significat
692 400 853 451 certitudinem

45 472 196 525 decennibus
212 470 328 525 eliecdbns
346 474 371 523 in
384 473 457 537 primu
475 486 543 523 ceusu
561 473 649 537 elusum
661 472 724 524 omni
738 474 851 525 discursu.

45 550 77 598 Et
90 545 197 597 similiter
205 543 324 597 curulium
335 546 464 597 attribuitur
475 546 522 596 lieo
530 550 642 613 quantum
651 547 681 597 ud
692 546 854 597 certitudinem

45 615 156 671 scientim
172 619 209 669 vel
228 616 327 682 judicii,
339 628 391 681 qum
410 617 434 667 iu
452 616 519 667 nohis
540 616 646 681 provenit
659 630 690 668 cx
704 618 863 681 inquisitione

45 688 157 753 consilii3
174 690 214 739 sed
226 682 356 753 hujusmodi
368 688 487 753 inquisitio
504 688 529 739 in
549 690 596 739 ltro
608 690 685 739 locum
698 702 746 740 uon
760 690 830 740 habet
845 704 852 738 :

45 766 71 813 ct
91 761 146 813 ideo
159 760 279 813 corutum
295 761 420 811 secundum
435 762 479 811 hcc
496 762 544 811 Dec
560 772 607 811 non
625 760 768 825 admonitum
782 764 807 812 et
820 774 855 811 sc-

45 834 155 885 cundum
170 834 214 884 lroc
227 833 376 883 ltcmesccnns
384 832 441 881 dicit
446 832 478 898 (l)
491 832 552 897 quod
561 849 576 880 c
584 828 645 883 Deus
655 846 703 883 non
712 831 854 896 consilietur,

45 905 179 971 ignorantis
193 904 254 955 enim
267 908 303 955 est
317 903 440 955 consiliari.
456 920 470 951 o

82 978 119 1027 Ad
137 976 232 1027 tertium
248 975 383 1038 dicendum,
399 974 458 1041 qudd
472 976 530 1026 nihil
539 976 645 1041 prohihet
657 976 732 1040 aliqua
745 988 796 1026 esse
808 986 856 1025 cer·

47 1048 143 1101 tissime
161 1048 221 1099 bona
240 1046 363 1099 secundum
381 1046 500 1098 scientium
519 1048 648 1113 sapientum
662 1053 688 1099 et
702 1046 857 1112 spiritualium

47 1124 166 1183 urorum,
174 1134 226 1185 que
237 1122 313 1171 tannen
324 1132 371 1171 non
382 1122 436 1171 sunt
444 1123 508 1173 certe
517 1121 578 1171 bona
587 1121 711 1171 secundum
720 1118 857 1170 sententiam

48 1194 156 1260 plurium
169 1193 205 1244 rel
221 1192 344 1243 cuinullum
361 1190 479 1243 huminum
495 1206 501 1241 :
517 1195 541 1243 et
555 1191 608 1243 ideo
623 1191 652 1242 dc
664 1190 747 1243 telibns
762 1189 857 1241 consiliu

49 1270 148 1319 dentur.

359 1334 519 1388 luitnotus
532 1335 561 1385 ll.

70 1456 163 1504 Utrum
172 1454 299 1501 occultum
308 1454 341 1516 stt
354 1454 382 1501 de
391 1455 457 1573 flaute,
467 1464 501 1497 cre
513 1452 591 1497 solum
600 1450 628 1496 de
638 1449 675 1496 lrr'e
684 1461 736 1507 qtto
749 1451 805 1494 mor
814 1448 846 1495 ud

440 1526 501 1561 neor.

87 1630 124 1683 nd
134 1629 260 1680 secundnm
269 1626 304 1678 sic
314 1624 442 1692 proceditur
454 1622 499 1690 (tl.
507 1621 603 1674 Videtur
615 1620 675 1685 prod
684 1619 803 1672 consilium
813 1631 861 1671 nou

53 1707 133 1758 solnm
148 1702 180 1752 sit
196 1702 224 1751 de
236 1699 274 1751 his
287 1712 338 1763 qum
352 1698 444 1749 suntad
456 1696 538 1759 linem,
552 1693 673 1746 sedetiam
688 1694 717 1744 de
729 1692 784 1745 dne.
794 1692 861 1751 unc-

53 1786 158 1840 cumque
172 1772 234 1823 enim
248 1770 412 1822 dubitationem
425 1769 525 1833 hahent,
537 1768 565 1818 de
575 1767 613 1817 ln's
626 1768 702 1830 potest
713 1764 805 1830 inquiri.
816 1763 862 1814 Sed

54 1852 120 1899 cirea
134 1843 259 1911 cpereblliu
273 1844 374 1897 humana
388 1840 501 1903 contingit
513 1852 563 1890 csse
576 1837 739 1889 dubitationem
754 1836 783 1885 de
798 1834 860 1897 fine,

55 1928 81 1974 el
95 1932 146 1971 non
160 1917 234 1967 solnm
245 1916 272 1965 de
285 1914 321 1964 his
330 1926 381 1977 quc
397 1912 490 1963 suntad
503 1912 581 1962 linem.
594 1910 651 1959 Cum
663 1908 731 1972 igitur
744 1906 862 1971 inquisitio

56 1996 122 2045 circa
139 1988 264 2055 operabiliu
281 1986 312 2037 sit
325 1984 459 2048 consilium,
476 1982 567 2035 uidetur
583 1982 644 2045 quod
657 1978 775 2031 consilium
789 1978 863 2041 possit

57 2078 111 2117 esse
124 2064 154 2114 de
165 2062 220 2111 line.

90 2140 117 2186 2.
132 2132 256 2193 Pretere'u,
270 2128 363 2179 materia
375 2125 466 2178 consilli
477 2128 531 2177 sunl
542 2123 684 2189 operationes
696 2121 810 2171 humane.
821 2121 864 2171 Sed

57 2207 171 2271 quedem
195 2201 339 2267 operationes
360 2200 464 2250 humanu
482 2199 536 2249 suut
557 2196 627 2259 lines,
648 2197 675 2244 nl
692 2192 775 2243 dicitu
797 2190 820 2241 in
845 2192 864 2241 1.

58 2278 189 2333 Ethiccr„
207 2272 314 2339 (cap-l).
327 2274 386 2334 Ergo
393 2268 515 2321 consilium
528 2270 603 2333 potest
616 2265 704 2317 essedo
716 2264 770 2315 line.

91 2350 140 2401 Sed
154 2349 235 2399 ronna
245 2348 293 2409 cst,
305 2343 365 2409 qudd
380 2340 499 2405 Gregorius
512 2340 630 2404 Nysseuus
644 2336 709 2400 dicit,
720 2334 782 2400 quod
794 2351 809 2383 c
819 2345 866 2385 non

96 2475 130 2541 (1)
147 2478 209 2523 Loco
221 2472 323 2533 proxime
336 2470 437 2517 indiculo
451 2467 522 2527 puuld
534 2472 589 2525 post
601 2464 672 2523 snprd
686 2464 748 2511 dictu
764 2480 770 2509 τ
783 2463 868 2509 Scies·

60 2542 125 2587 dcem
141 2534 244 2601 linquit)
262 2535 325 2595 codd
334 2535 481 2579 uoluntatem
493 2533 524 2575 dc
536 2530 585 2575 Dec
595 2529 713 2579 dicimur,
730 2528 868 2573 electionem

57 2603 171 2663 proprie
193 2612 244 2645 nco
266 2599 386 2650 dtamen
405 2608 455 2641 core
478 2595 544 2639 cuim
564 2592 726 2641 demittatur,
743 2594 786 2636 etc.
812 2589 868 2635 Tum

60 2666 151 2714 deinde
168 2681 175 2708 :
191 2660 255 2710 Nom
269 2662 297 2707 de
311 2674 337 2706 ec
356 2658 419 2717 quod
434 2656 601 2715 depromitur,
616 2653 735 2699 consultet
750 2663 828 2697 mmo.
841 2650 870 2694 Si

61 2734 148 2777 cutem
169 2725 302 2772 seruilium
316 2722 486 2782 conscentium
502 2718 604 2784 mouit,
622 2718 657 2762 otc
675 2718 868 2771 coeliomonte.

94 2796 135 2865 (2)
150 2796 231 2844 uenis
243 2796 314 2841 etium
328 2794 352 2838 in
366 2794 394 2850 ἢ,
409 2793 437 2849 2,
450 2802 490 2848 qu.
509 2788 548 2847 ³3,
562 2790 642 2847 ortt,
654 2788 682 2833 nd
696 2788 724 2840 23
740 2781 869 2841 etquid,

63 2872 110 2911 sm.
122 2862 198 2909 etiem
208 2860 236 2917 1,
246 2856 312 2911 sd&
325 2856 398 2917 etlll,
410 2854 487 2903 scot..
499 2852 553 2898 dist.
563 2847 603 2911 85,
614 2862 654 2909 qn.
665 2850 691 2911 ¹,
703 2852 747 2895 art.
757 2844 772 2890 l
781 2856 871 2909 ²ipsese

65 2930 143 2975 tinne.
152 2924 183 2980 Ι,
198 2928 223 2969 et
236 2920 260 2967 iu
271 2920 314 2967 ru.
328 2917 421 2969 Elide..
435 2917 490 2963 lect.
502 2914 527 2961 8.
