1984 3309
154 163 199 210 tao
349 170 409 208 rens
425 171 447 220 r,
465 169 557 214 occsa.
573 170 618 221 cv,
636 169 691 208 aar.
710 169 762 208 vm.

183 249 317 313 despondeo
330 247 462 310 dicendum,
476 245 537 310 quod
551 259 635 298 nomen
648 246 750 296 miraculi
765 246 793 296 ab
805 244 947 298 admiratione

152 321 255 374 sumitur.
269 317 391 369 admiralio
402 322 477 367 autem
491 317 621 380 consurgit,
632 317 684 368 cnm
699 318 795 370 edoctus
812 321 866 368 sunt
876 319 951 368 mani-

151 393 220 455 festi,
231 394 255 441 et
268 403 336 440 cansa
347 391 449 452 occulta3
461 389 520 439 sieut
529 387 610 452 adquis
619 390 742 441 admiratur
750 390 803 440 edm
813 390 876 442 videt
888 391 953 455 eclip-

152 465 197 516 sim
209 462 264 514 solis
276 466 300 512 et
310 460 399 524 ignorat
410 475 511 524 mnsam,
523 464 548 510 ut
559 459 639 511 dicitnr
651 461 677 511 in
688 462 801 526 principio
816 463 950 528 mataplan.

152 537 231 589 Potest
239 536 315 584 autem
325 545 394 584 causa
402 533 497 583 allectus
509 533 603 597 alicujus
613 534 741 598 apparentis
752 533 822 589 alicui
830 541 951 598 casanola,

151 623 202 672 quae
215 611 294 657 tamen
306 607 343 656 est
355 604 405 655 aliis
420 603 543 670 incognita.
565 604 628 656 llndc
646 603 738 668 aliquid.
748 609 785 656 est
797 605 886 656 miram
898 607 953 668 nni,
970 602 971 668 l

152 679 212 743 quod
221 691 268 728 nou
278 680 314 728 est
324 675 406 725 mirum
417 675 456 725 alii
467 691 472 723 :
485 675 546 733 sicul
558 675 663 738 eclipsim
674 675 731 728 solis
739 675 834 726 miratur
847 678 954 736 misticus,
970 671 971 732 ἦ

151 763 198 800 non
212 752 288 799 aretem
301 747 435 810 astrologus.
452 745 585 798 lliraculnm
600 750 676 798 anmm
690 747 773 798 dicitur
784 748 849 812 quasi
860 749 954 801 admira·
970 751 971 766 ¹

151 821 213 872 tione
221 821 325 884 plenum,
333 821 392 883 quod
400 816 564 868 scilicethalret
574 831 666 870 cansam
675 818 806 883 simpliciter
815 822 839 869 et
848 822 955 870 omnibns

151 893 270 945 cimoliam.
285 893 339 942 llmc
357 893 431 940 autem
453 893 489 940 est
511 891 579 940 Deus.
593 889 658 940 Unde
678 889 717 940 illa
734 903 786 954 quc
802 889 882 942 allec
904 893 954 942 llunt

151 969 232 1028 practer
244 975 326 1014 causas
337 962 403 1013 nobis
416 966 490 1024 notas,
506 960 612 1012 miracula
625 961 739 1012 dicuntur.

183 1036 218 1086 dd
226 1036 323 1098 primunr
334 1046 387 1096 ergo
399 1033 519 1083 dicendum
526 1071 532 1093 ,
540 1031 599 1096 quod
610 1031 693 1085 creatio
703 1036 726 1084 at
735 1032 873 1098 justificatio
882 1034 954 1098 impii.

151 1107 194 1159 etsi
212 1107 286 1158 asoto
303 1107 349 1155 lieo
362 1106 430 1165 liant,
448 1110 585 1155 nontamen
604 1103 695 1169 pmprid
712 1105 825 1168 loquendo
846 1107 954 1158 miracola

151 1178 269 1240 dicuntur,
281 1176 333 1240 qnia
346 1190 394 1228 non
404 1181 459 1227 sunt
468 1180 521 1226 nata
530 1175 579 1226 deri
592 1189 633 1240 par
647 1175 706 1241 alias
716 1189 810 1238 cansam
829 1179 855 1226 et
868 1177 903 1230 ita
915 1192 955 1228 non

151 1249 285 1312 contingunt
295 1252 377 1313 prater
385 1247 488 1301 ordinem
497 1251 591 1312 maura,
601 1246 653 1296 cnm
661 1249 710 1299 haec
718 1247 746 1297 ad
755 1248 863 1300 ordinem
872 1254 954 1300 natura

151 1333 198 1370 nen
211 1320 348 1384 pertineant.

182 1393 215 1442 nd
229 1393 353 1443 seecundum
365 1390 502 1454 dicendum,
517 1390 575 1455 qudd
590 1391 705 1442 arduam
714 1389 800 1440 dicitnr
811 1391 953 1449 miraculum,

151 1477 197 1514 non
211 1468 302 1529 propter
314 1463 446 1526 dignitatem
457 1463 491 1512 rei
504 1462 528 1512 in
544 1476 588 1528 qua
604 1464 643 1527 lt,
659 1463 702 1513 scd
712 1461 767 1525 qnia
780 1465 874 1516 excedit
887 1466 954 1515 lacul-

151 1540 221 1587 tatcm
230 1541 332 1600 naturac3
344 1535 449 1586 simililer
457 1535 590 1586 insolitam
601 1535 693 1598 dicitnr,
701 1547 748 1584 non
760 1535 813 1598 quia
825 1536 954 1602 frequenter

151 1608 256 1671 eueniat,
268 1609 307 1658 sed
318 1607 371 1672 qnia
384 1610 419 1658 est
430 1610 511 1671 prater
527 1607 653 1658 naturalem
669 1607 869 1658 consuetudinem.
884 1611 951 1673 surpra

151 1679 281 1729 facultatem
299 1683 373 1730 autam
389 1683 478 1730 natura
494 1679 575 1730 dicitur
593 1677 694 1745 aliquid,v
712 1691 758 1729 non
772 1677 848 1728 solium
864 1686 953 1745 propter

142 1749 300 1799 substantiam
315 1750 385 1814 lacti,
400 1752 441 1801 sed
459 1751 527 1801 ctiam
545 1755 637 1816 propter
656 1749 747 1800 modum
761 1753 784 1800 et
797 1751 904 1802 ordinem
923 1755 954 1802 la-

151 1820 235 1872 ciendi.
250 1821 320 1886 Supra
332 1837 397 1888 spem
406 1823 476 1873 eliam
489 1828 575 1873 naturae
589 1822 722 1872 miraculum
735 1834 786 1870 esse
798 1822 894 1884 dicitnr,
911 1838 952 1874 non

150 1907 218 1956 supra
233 1905 297 1958 spem
312 1894 402 1958 gratia,
416 1908 467 1958 qnne
480 1897 516 1945 est
530 1895 598 1954 dales,
614 1906 654 1956 per
668 1905 736 1956 quam
747 1892 863 1944 credimus
877 1910 954 1946 resur·

150 1964 272 2017 rectionem
288 1966 395 2016 futuram.
715 2020 719 2024 ,

182 2038 215 2087 dd
230 2037 320 2088 ten-tium
334 2035 540 2101 dicendum,qndd
553 2035 649 2103 scientia
661 2037 833 2102 apostolorum,
849 2040 956 2106 quamvis

150 2108 275 2160 secundnm
295 2124 319 2161 se
338 2124 385 2162 non
398 2109 469 2158 inerit
486 2107 618 2172 nranilesla‚
635 2107 822 2174 manifestabatur
835 2112 954 2162 tamenin

150 2179 284 2245 effectibus,
298 2196 327 2234 eu
341 2181 422 2246 quinus
433 2179 541 2230 mirabilis
555 2178 686 2244 apparebat.

432 2331 592 2384 ARTlCULUS
607 2332 665 2382 lllll.

288 2449 373 2493 Ulratm
382 2461 457 2494 anum
470 2447 615 2492 miraculum
625 2447 657 2491 sit
672 2445 750 2502 majus
759 2445 815 2508 alic.

182 2568 215 2616 lld
223 2571 328 2618 octauum
337 2568 370 2618 sic
380 2565 509 2631 proceditur
515 2566 558 2631 (l).
569 2564 661 2618 Videtur
666 2564 727 2628 qudd
736 2579 806 2615 unium
815 2564 950 2615 miraculum

151 2653 197 2689 non
207 2638 321 2702 sitmajus
330 2639 383 2690 alio.
396 2638 455 2689 llicit
465 2637 527 2688 enim
542 2637 680 2700 trigestinae
695 2637 719 2686 in
733 2637 818 2700 Epist.
828 2636 866 2689 cd
878 2637 952 2686 Volu-

150 2712 232 2759 sium:
248 2728 262 2757 n
272 2711 297 2759 ln
311 2711 378 2760 rebus
388 2709 520 2760 mirabiliter
533 2707 600 2758 lactis
610 2712 657 2761 tota
668 2708 725 2758 natio
738 2705 793 2756 lacti
806 2710 842 2756 est
850 2706 950 2771 potentia

184 2824 216 2887 (l)
231 2827 308 2872 Dahis
318 2827 388 2871 etlam
398 2827 409 2872 l
419 2860 425 2890 ‚
437 2828 461 2885 fl,
471 2839 512 2884 qu.
525 2825 580 2888 113,
594 2831 638 2874 act.
650 2821 700 2873 liet
709 2831 753 2874 art.
764 2823 807 2881 ¹⁰3
822 2831 846 2872 et
860 2827 951 2873 Contra

152 2887 472 2948 amnemamnem.
