1984 3309
212 189 244 225 uu
259 186 314 225 reru
328 188 384 227 rrvu
398 186 504 227 rmrao
519 188 698 229 nmnmrours.
812 182 859 232 tot

84 265 223 331 liemonoeo
235 264 369 329 timendum,
384 264 445 330 qudo
454 268 482 317 dc
493 266 595 331 imagine
610 266 652 318 liei
664 266 728 333 logni
737 269 860 335 dupliciter

55 352 182 405 pommus.
196 340 248 389 tlno
256 339 325 391 modo
333 342 444 403 quantum
453 341 481 391 ad
492 340 516 389 ld
528 341 607 405 inquo
615 339 689 405 punit
699 344 859 395 consideratur

54 412 110 463 ratio
122 408 247 476 imagini&
261 412 323 474 guod
333 415 370 462 est
381 412 545 463 intellectualis
554 417 645 463 uatum.
655 413 725 463 litsic
732 414 809 479 imago
818 413 861 469 uer

54 488 87 535 eat
104 483 178 548 magis
194 483 220 533 iu
235 482 337 547 augelis,
356 483 423 547 qutun
438 484 468 534 sit
481 484 506 533 in
524 484 671 547 hominilua3
686 485 739 549 quia
755 487 860 541 intellec·

54 556 119 606 tualis
139 561 225 605 nutura
244 554 370 619 perfectior
383 558 418 605 est
430 554 455 605 in
470 555 518 619 eis,
531 558 558 605 ut
573 568 603 606 ex
623 557 692 621 cupri
706 558 774 608 dietis
785 562 859 623 patet

54 628 171 691 meando,
187 630 264 693 potest
277 626 416 678 mudena
427 628 506 691 imago
518 629 559 678 llei
571 629 597 678 in
606 630 700 679 lromiue
708 633 820 693 quntum
830 632 860 685 ad

54 702 73 750 id
89 702 114 750 in
129 713 176 765 quo
190 698 325 750 secundarii
344 700 501 751 consideratur
516 717 523 749 ι
537 704 605 765 prout
619 700 707 751 scilicet
721 701 747 750 in
767 702 860 763 ironiae

53 773 169 825 iuvenitur
184 773 290 838 quaedem
299 772 342 822 liei
359 772 464 837 imitatio,
479 772 625 837 inquantum
643 772 729 823 scilioet
743 774 812 825 lromo
823 778 860 825 eet

53 846 202 909 denomino,
218 844 277 895 sicin
293 846 352 895 Deus
365 845 393 895 do
406 844 466 907 lleo;
480 848 503 894 et
515 846 537 895 iu
550 848 660 908 qnantum
671 844 746 897 anima
756 844 858 896 nominis

55 923 87 969 cst
97 922 145 969 totu
156 918 183 967 in
196 920 246 967 toto
260 928 355 981 corpore
370 915 435 980 ejus,
451 914 572 966 etiterum
581 918 630 967 tota
643 915 667 965 in
677 916 778 979 oudinet
789 921 856 981 pane

55 990 134 1053 ipsius¹
153 990 216 1040 sicut
228 990 289 1039 Deus
301 1002 326 1037 se
337 988 406 1039 habet
420 990 447 1056 ad
458 989 577 1039 mundum.
591 989 622 1038 lit
636 987 762 1039 erundum
772 990 823 1040 hnc
834 994 860 1041 et

56 1063 149 1129 similia,
159 1062 236 1125 magis
247 1060 362 1111 iuvenitm
375 1060 416 1111 liei
428 1061 504 1123 imago
517 1062 542 1110 in
553 1060 645 1113 lromine
652 1062 721 1126 quim
733 1061 857 1126 inaugelo.

54 1135 97 1185 Sed
104 1130 220 1199 quantum
231 1132 259 1183 ad
268 1133 364 1183 hoonon
373 1132 496 1183 attenditur
502 1146 544 1197 per
554 1146 579 1183 se
588 1132 644 1183 ratio
656 1132 740 1183 divine
751 1133 858 1197 imaginis

52 1208 74 1258 in
92 1208 204 1267 homine,
222 1204 267 1255 uisi
282 1205 447 1271 presuppcsita
460 1205 534 1269 pmma
545 1204 686 1268 imitatione,
704 1219 755 1269 qne
772 1209 807 1257 est
819 1219 857 1257 sa-

53 1278 150 1330 cundim
162 1276 344 1329 intellectualem
357 1279 474 1340 naturam3
483 1276 585 1341 alioquin
595 1275 665 1326 etiam
675 1276 781 1327 immitia
790 1278 859 1329 ltrnta

52 1355 125 1402 esseut
137 1350 168 1401 ad
185 1348 310 1413 imaginem
324 1346 371 1397 liei.
388 1348 417 1397 Et
429 1348 481 1399 ideo
494 1346 546 1397 cirm
552 1384 562 1411 ,
577 1350 690 1411 quantum
707 1348 738 1400 ad
753 1347 858 1399 intellec·

51 1423 135 1472 tualem
151 1426 275 1481 naturam,
290 1419 385 1483 angelus
404 1418 434 1469 sit
449 1420 521 1482 magis
540 1419 570 1469 ad
587 1418 710 1481 imaginem
728 1417 770 1469 liei
787 1418 857 1481 quta

51 1496 130 1556 homo,
153 1492 290 1557 simpliciter
308 1488 476 1541 concedendum
491 1494 527 1541 est
546 1489 652 1552 angelum
669 1488 743 1552 magis
759 1501 812 1541 esse
828 1492 858 1544 ad

50 1564 174 1629 imaginem
187 1564 241 1626 llei,
256 1561 374 1613 hominem
388 1565 479 1624 guum,
495 1559 621 1614 secrmdirm
634 1560 699 1625 guid.

80 1638 113 1688 ild
125 1637 229 1701 nmmum
240 1648 293 1699 ergo
309 1632 444 1695 dicendam,
457 1636 517 1697 quod
530 1632 671 1699 Augustinus
684 1634 784 1688 excludit
792 1634 806 1685 i
814 1633 856 1686 Ilei

50 1710 150 1775 imagine
170 1708 227 1759 alias
239 1706 360 1757 interiores
375 1710 489 1757 creaturae
503 1706 621 1760 mtetlectu
636 1709 740 1759 moedus
749 1706 792 1773 (l),
808 1722 854 1760 non

51 1789 126 1835 autem
136 1782 242 1846 angelos.

77 1858 112 1907 td
123 1854 252 1907 secundum
266 1852 398 1916 dicendum,
411 1852 471 1918 quid
480 1853 539 1907 siml
548 1852 607 1917 ignis
621 1852 704 1904 dicitm
717 1866 768 1905 esse
778 1853 855 1905 mou-

51 1929 161 1979 lissimum
177 1939 299 1991 corporum
310 1924 435 1976 secundim
448 1939 512 1976 snam
522 1925 697 1991 speciem,ci1m
706 1928 784 1977 umen
793 1940 854 1978 mins

51 2000 108 2065 ignis
124 2000 155 2050 sit
172 1998 218 2050 alio
237 1997 353 2061 subtdl013
368 1997 400 2049 ita
414 1997 496 2053 duitor
513 1993 573 2062 guod
586 1996 645 2047 nihil
663 2000 699 2047 cst
713 1996 858 2061 conjunctius

51 2072 249 2137 lleoqulmmena
259 2072 360 2121 humana
368 2069 492 2121 secuudum
501 2082 573 2132 genus
581 2068 743 2119 intellectualis
751 2072 854 2132 natum

51 2146 101 2209 guia
119 2144 197 2209 (sicut
216 2142 267 2207 ipsc
286 2140 354 2205 cupri
372 2140 529 2205 promiserat)
543 2154 617 2206 uque
629 2140 738 2204 sapiunt,
757 2140 790 2191 ita
804 2145 858 2193 sunt

52 2217 83 2267 illi
91 2214 244 2268 similitudine
253 2214 370 2279 proxuma,
381 2216 407 2263 ut
416 2214 439 2263 iu
449 2213 560 2265 creaturis
568 2212 627 2263 nihil
634 2212 665 2263 sit
675 2211 855 2276 propinquiuso

53 2289 113 2341 Unde
126 2302 170 2356 per
178 2288 277 2337 hoouon
289 2285 415 2337 excluditur
421 2286 477 2349 quin
486 2288 582 2350 angelus
591 2286 621 2337 sit
631 2285 660 2335 ad
669 2283 711 2335 liei
720 2283 854 2348 imaginem.

82 2424 113 2489 (l)
130 2427 168 2473 Sic
184 2425 247 2471 enim
264 2423 313 2469 ihi:
328 2422 414 2469 Mollia
426 2423 504 2469 modia
524 2424 577 2469 dici
594 2436 633 2469 rer
645 2427 749 2483 ponent
765 2425 858 2472 similer

52 2490 97 2535 Deo
107 2506 116 2543 ,·
131 2490 192 2535 alite
206 2486 342 2533 accenditur
352 2486 468 2533 virtutem
481 2490 503 2531 et
513 2486 661 2543 sapientiam
670 2488 750 2546 factm,
760 2490 819 2547 gatto
830 2490 860 2535 io

52 2554 102 2610 ipro
118 2556 152 2598 ert
161 2552 246 2597 virtus
257 2552 278 2594 et
289 2550 414 2607 rapientia
428 2562 477 2594 nort
487 2550 568 2608 soctan
583 2549 640 2593 otte
651 2550 680 2594 ior
693 2556 811 2607 qnantum
820 2552 859 2597 oi-

52 2620 127 2665 seor,
142 2614 205 2673 gotio
225 2612 269 2657 tlte
284 2612 376 2655 summi
396 2616 416 2657 et
431 2612 515 2677 poimd
529 2613 609 2663 tivit:
624 2610 682 2657 otior
694 2614 724 2657 to
740 2619 860 2670 quartum

52 2682 120 2728 root,
129 2679 193 2735 quio
203 2674 250 2721 tlte
262 2674 354 2720 ummo
366 2678 387 2719 et
398 2674 518 2733 primitiae
528 2679 571 2720 ert.
584 2674 615 2720 Bt
623 2674 678 2720 ideo
687 2686 740 2732 garae
753 2680 859 2721 umor-

52 2742 119 2787 modc
132 2743 209 2789 sumt,
218 2750 269 2783 troo
278 2738 387 2797 perfecti
400 2738 441 2784 sed
450 2738 542 2795 exiget
555 2741 613 2783 root
623 2737 655 2782 od
667 2737 860 2784 similitudieem

53 2806 117 2863 circu
129 2814 185 2863 gatte
200 2802 307 2851 otoni,
318 2798 397 2859 poeld
415 2801 523 2859 mplius
538 2801 695 2859 pontoipoot
711 2800 859 2846 similitudo·-

52 2880 117 2922 παυς
134 2878 190 2925 «μω
208 2865 329 2923 cupierat,
343 2864 380 2907 ito
396 2864 513 2921 proximi
525 2866 554 2908 ot
567 2864 637 2909 otleil
649 2865 817 2922 propinquius
829 2863 858 2908 in

53 2932 191 2987 creaturis:
207 2927 276 2973 uode
290 2926 362 2973 tomo
375 2927 407 2972 od
419 2927 564 2987 tmogioeot,
574 2930 618 2973 ete.
