1984 3309
111 130 157 181 aet
282 138 342 179 utus
358 138 381 188 ι,
398 136 492 185 ouesu.
507 138 620 189 muru,
633 138 689 178 aur.
705 140 741 179 tu.

110 231 157 271 non
170 219 206 267 est
217 219 281 269 netur
294 220 318 267 et
329 216 438 282 perlectis
449 221 536 267 nature
546 217 683 280 intellectae,
697 220 724 267 ut
736 217 769 268 sie
781 218 858 283 mssit
866 232 912 271 nne

110 292 163 339 antu
176 288 271 351 intelligi
284 293 364 339 natura
378 289 412 343 rei
421 288 545 341 materialis
557 293 581 340 et
593 287 668 353 ipsum
683 288 829 354 intetttpm
836 328 845 354 ,
854 291 913 342 sieut

110 373 157 413 nno
169 364 223 409 antu
236 361 369 427 intelligitur
382 376 419 412 res
431 376 485 411 eum
502 375 542 412 sua
559 360 709 426 perleetmne.
722 362 790 412 Unde
799 362 862 413 alins
877 366 913 414 est

110 434 173 481 aetus
189 444 235 493 quo
250 432 380 485 intellectus
395 432 504 497 iutelligit
513 432 626 498 lapidem,
637 436 662 482 et
679 433 737 483 alus
747 438 784 483 est
797 437 914 499 astusque

110 502 219 565 intelligit
229 518 255 555 se
266 506 391 571 intelligere
405 506 516 571 lapirleur3
531 504 601 556 etsie
616 504 707 555 deinde.
725 506 776 555 Nee
787 507 825 556 est
836 506 915 558 lueou·

110 575 205 627 veniens
214 576 355 631 intellectum
365 592 414 633 esse
425 578 541 629 inlinitum
550 576 577 628 in
589 576 702 642 petentiay
711 577 813 643 utsuprl
827 578 915 629 dietum
974 597 976 654 ss

110 650 153 699 est.

142 722 173 771 lrl
188 722 280 773 tertium
290 723 424 789 dicendum,
434 722 495 787 quon
507 734 588 772 seusus
598 722 703 786 proprius
709 720 779 771 sentit
787 720 914 772 seeundum
974 727 975 742 ¹

110 790 291 845 immutationem
303 796 426 847 materinlis
439 794 519 858 eugeni
535 792 549 843 l
564 789 666 843 sensibili
682 790 797 842 exterieri.
812 794 867 843 Non
880 795 914 843 est
974 843 975 850 ,

110 864 186 915 aulem
203 866 311 930 possibile
323 867 385 931 qnod
396 867 481 932 eliqnirl
497 864 613 916 materiale
626 864 731 913 immutet
739 863 861 927 seipsum,
874 863 915 914 sunl
974 871 975 876 ’

109 948 181 990 unum
196 936 327 991 immutetur
342 940 370 989 ab
385 939 442 1004 alin;
458 942 481 989 et
492 936 545 989 ideo
560 939 624 986 aetus
640 948 721 986 seusus
732 934 822 1000 proprii
837 935 915 1001 perei-

110 1005 172 1071 pltur
182 1022 223 1071 per
233 1022 325 1063 sensum
336 1022 487 1061 oommnnem.
497 1009 544 1059 Seu
558 1008 689 1058 intellectus
698 1009 775 1056 noster
784 1018 835 1057 unu
847 1005 916 1057 iutel-

111 1078 161 1142 ligit
177 1092 219 1148 per
232 1080 372 1135 materialem
390 1081 573 1135 immutationem
590 1077 683 1142 organis
702 1081 727 1130 et
742 1077 795 1129 ileo
814 1090 866 1130 nou
883 1080 918 1130 est

112 1150 193 1206 sterile.

407 1234 565 1290 ARTICULUS
580 1233 617 1287 IV.

213 1351 299 1399 Utrum
307 1354 442 1401 intellectus
453 1353 575 1411 intelliget
585 1353 666 1398 aetem
676 1348 815 1395 vementis.

142 1462 176 1513 ld
188 1465 292 1526 quartum
305 1463 338 1513 sic
351 1459 592 1529 promittentem
602 1456 665 1523 quod
678 1457 810 1508 intellectus
819 1468 872 1509 neu
882 1458 918 1508 iu-

110 1532 198 1595 telligat
207 1533 423 1585 aetumroluutatis.
434 1532 494 1583 Nihil
509 1533 572 1583 euim
589 1530 733 1595 cognoscitur
749 1528 778 1578 ab
792 1528 917 1580 intellectu

111 1604 157 1654 uisi
167 1604 196 1654 sit
206 1604 281 1670 aliquo
296 1606 362 1656 medo
371 1618 472 1670 presens
481 1604 506 1655 iu
518 1604 645 1655 intellectu.
657 1602 701 1653 Sed
712 1604 777 1651 uetus
790 1600 921 1652 uoluntatis

112 1688 158 1727 nou
166 1679 201 1727 est
211 1690 311 1739 presens
323 1676 349 1727 in
360 1677 484 1742 intellectu,
495 1677 548 1727 etum
560 1675 605 1727 siut
616 1674 710 1725 diverse
722 1671 844 1738 potentie.
858 1675 920 1739 Ergo

111 1750 175 1797 attus
183 1748 305 1807 veluntatis
318 1762 363 1799 nnn
377 1748 522 1813 cognoscitur
535 1749 562 1799 ab
575 1746 701 1797 intellectu.

143 1822 167 1869 2.
181 1820 302 1882 Pretorea,
315 1824 379 1872 aetus
391 1820 460 1871 habet
470 1820 572 1887 speeiem
587 1819 615 1869 ab
629 1818 727 1882 objecto.
739 1816 786 1881 Sed
799 1814 921 1879 objectum

111 1889 235 1941 uoluntatis
244 1891 319 1943 dillert
328 1893 355 1943 alt
367 1892 456 1957 objecto
470 1890 606 1945 iutelleetrls.
616 1890 675 1953 Ergo
684 1892 708 1938 et
717 1890 781 1937 attus
790 1887 922 1939 uoluntatis

112 1960 211 2025 speeiem
224 1964 293 2018 hahet
306 1964 419 2016 diversam
434 1964 462 2018 ab
477 1965 568 2029 obtento
586 1960 728 2024 intellectum
743 1969 790 2008 non
803 1970 860 2021 ergo
881 1971 921 2009 ee-

112 2034 266 2101 guoseitnralt
280 2034 406 2089 intellectu.
813 2050 816 2054 ·

144 2112 166 2159 3.
182 2110 304 2174 preterea,
317 2100 457 2173 Augustinus
467 2108 491 2158 in
505 2107 545 2160 tio.
558 2108 579 2159 x
592 2107 713 2169 consess„
727 2101 833 2152 ettriltuit
843 2102 914 2155 nllec·

111 2180 211 2231 tionibus
219 2182 314 2243 anime,
325 2180 386 2245 quent
395 2198 408 2230 n
418 2185 582 2245 cognoscuntur
591 2191 666 2242 neque
676 2189 716 2241 per
723 2173 845 2237 imagines,
855 2173 918 2225 sicut

111 2265 297 2317 corporeusque
310 2267 351 2318 pen
364 2252 525 2319 presentiam,
541 2252 599 2303 sieut
612 2253 684 2313 artes,
700 2248 740 2297 sel
751 2258 792 2310 per
802 2246 917 2317 quasdam

112 2323 224 2374 notiones.
238 2342 251 2371 n
261 2326 312 2377 Neu
327 2327 414 2377 ridetur
425 2328 502 2376 antem
516 2323 576 2390 quoti
585 2321 674 2389 possiunt
683 2332 734 2371 esse
745 2317 796 2367 alie
806 2317 917 2367 notiones

111 2409 186 2445 rerum
194 2396 219 2445 iu
229 2396 314 2457 emma,
325 2397 369 2448 uisi
380 2398 416 2447 vel
426 2396 533 2449 essentie
545 2408 620 2447 rerum
630 2392 781 2455 mguitamm,
790 2388 827 2439 rel
837 2402 919 2439 earum

111 2466 277 2517 similitudines.
292 2468 351 2532 Ergo
364 2467 504 2531 impossibile
521 2471 556 2519 est
571 2465 631 2529 qued
648 2462 915 2525 intellectus‘cegueseat

111 2536 241 2589 ellectioues
250 2538 344 2601 anime,
358 2553 409 2603 que
425 2543 477 2589 sunt
490 2543 554 2589 notus
563 2536 696 2588 uoluntatis.

142 2610 188 2661 Sed
198 2615 276 2661 eontra
286 2613 334 2671 est,
349 2611 408 2675 qnod
423 2612 563 2675 trigestiuns
576 2608 672 2673 nteit,x
685 2606 721 2657 De
735 2606 803 2655 l'rr'u.
819 2603 874 2670 (qn.
885 2606 914 2654 ll

111 2684 134 2731 et
147 2681 239 2745 suprl):
254 2698 267 2729 n
277 2680 382 2744 lutelligo
391 2694 427 2732 me
442 2684 512 2733 uelle.
522 2699 535 2730 n

143 2754 151 2819 (
159 2754 299 2805 Conunusro.
314 2754 425 2805 -nctus
439 2753 563 2805 voluntatis
574 2752 627 2803 cum
645 2752 676 2803 sit
687 2751 713 2801 iu
727 2748 815 2800 ratione
829 2746 917 2801 iutelli-

111 2826 216 2891 gibiliter,
227 2826 353 2877 necessarii>
367 2827 547 2891 cognosciturus
561 2826 700 2887 intellectu.)

142 2900 276 2964 llespoudee
290 2898 420 2964 mendum,
431 2898 492 2964 qutn
505 2900 565 2952 sitm
580 2896 650 2965 supri
662 2896 748 2949 &tum
759 2898 795 2948 est
804 2894 863 2962 (qu.
874 2898 915 2961 ut,
