1984 3309
144 210 192 260 det
337 217 398 257 rans
413 221 436 270 ι,
453 218 546 264 onnon.
562 220 634 270 cxxx,
653 218 706 258 aar.
725 221 750 257 rr.

442 321 601 402 anvvcunus
618 351 648 401 n.

186 457 272 503 Uirium
282 456 401 515 appetetur
410 456 739 564 ⁸m⁸i²⁸¹vupxpt·i⁷⁴tel'⁶⁶uv¹¹⁵
753 458 803 503 siat
813 460 913 505 diverso

486 530 516 575 po
568 532 604 564 arr.

143 643 149 647 ·
175 630 340 683 hdsecundnnn
349 629 383 681 cic
393 627 522 692 proceditur
531 627 576 693 (l).
589 628 685 681 Videtur
692 628 751 693 qu'od
764 632 885 695 appetitus
898 648 952 685 serr-
982 636 983 673 l

143 702 226 755 sitivua
245 705 271 753 et
282 700 437 753 innumerus
454 710 501 753 non
520 699 567 751 sint
584 699 681 751 diverse
701 701 818 765 menne.
836 706 950 757 Potentin

144 774 206 827 eninr
217 788 265 826 non
273 772 456 825 diversificantur
464 785 507 835 per
517 772 670 826 accidentales
678 772 834 839 diliercntias,
847 780 873 827 ut
882 779 952 842 sopri

144 846 229 898 dicmur
240 846 332 911 culmo.
344 848 384 908 77,
395 848 440 895 art.
454 849 484 908 ³,
493 847 566 908 etpn.
579 850 618 908 79,
628 848 670 895 art.
686 845 718 907 7).
731 846 775 897 Sed
786 848 872 901 accidit
881 864 952 914 appe-

145 918 205 972 tibili
216 917 278 982 quod
292 916 323 967 ait
332 918 502 980 apprehensum
519 929 560 980 per
570 929 662 968 sensum
676 916 713 967 vel
726 915 879 971 intellectum.
888 922 951 986 Ergo

144 989 260 1055 appetitus
268 988 392 1041 wasitivua
400 991 425 1039 et
435 987 588 1039 intellectivus
599 1000 646 1039 uon
657 992 711 1039 aunt
721 987 818 1041 diverse
830 994 951 1055 potentie.

176 1065 201 1111 t.
218 1062 342 1124 mres,
355 1060 456 1124 cognitio
468 1059 609 1111 intellectiva
620 1063 658 1110 est
670 1059 852 1124 universalium,
871 1068 897 1115 et
915 1079 951 1115 se-

144 1131 245 1185 cundhrn
256 1132 301 1183 hcc
311 1131 456 1195 distinguitur
466 1130 613 1194 sennim,
623 1144 673 1196 qua
685 1134 720 1183 est
731 1131 893 1195 singularium.
907 1137 952 1187 Sed

143 1205 189 1255 ictu
197 1204 314 1255 distinctio
327 1217 378 1255 non
385 1203 457 1255 hahet
464 1203 540 1254 locum
549 1216 579 1253 ex
589 1207 655 1267 nuto
666 1202 805 1267 appetitivu.
816 1204 876 1257 Cdru
892 1209 954 1259 enim

144 1275 262 1341 appetitus
282 1275 313 1328 sit
326 1278 402 1326 motus
423 1274 451 1325 nh
466 1274 543 1325 enimn
562 1274 592 1325 ad
612 1288 650 1325 res
665 1288 715 1338 qun
736 1276 954 1342 contempneres,

145 1361 225 1401 omncs
240 1346 356 1412 appetitus
369 1346 477 1397 videntur
489 1359 541 1398 esse
555 1344 589 1395 rel
603 1344 731 1408 singularis.
744 1346 795 1396 Non
810 1360 868 1411 erpo
883 1364 955 1416 appe-

144 1421 201 1471 titus
213 1419 368 1471 intellectivus
378 1417 448 1469 debet
455 1416 567 1479 distingui
577 1416 591 1467 l
603 1415 723 1469 sensitivo.

178 1497 200 1542 e:
211 1490 448 1551 Preterea‚sicutsnh
457 1488 624 1553 apprehensivo
636 1488 920 1553 ordinaturappelltivum
929 1501 955 1547 ut

143 1563 239 1615 interior
249 1562 361 1628 potentia,
368 1561 401 1611 itu
411 1565 435 1611 et
444 1561 566 1615 motivum.
575 1560 623 1611 Sed
633 1574 680 1611 non
689 1562 725 1611 cst
734 1560 796 1613 aliud
807 1562 956 1619 motivnmiu

144 1634 238 1687 homine
245 1646 386 1697 consequeus
393 1632 543 1697 intellectum,
552 1632 650 1697 enimin
661 1632 712 1683 aliis
720 1632 862 1685 animalibus
871 1652 955 1691 conse

144 1722 218 1773 quens
229 1719 330 1758 sensnm.
344 1706 402 1768 Ergo
416 1703 562 1770 parianticne
577 1720 650 1770 neque
665 1712 700 1757 est
710 1705 771 1757 aliud
782 1709 953 1773 appetitivum.

176 1780 224 1831 Sed
236 1780 376 1840 contrane,
389 1775 451 1840 quod
463 1776 615 1843 Philosophus
627 1775 652 1827 in
663 1778 703 1829 lll.
714 1780 752 1827 De
765 1780 856 1829 anima
870 1783 956 1835 distin·
983 1808 984 1857 ι

145 1849 195 1914 pult
212 1849 328 1913 duplicem
346 1846 489 1913 appetitum,
504 1853 528 1899 ei
540 1850 594 1901 dicit
610 1846 670 1913 qnod
689 1866 703 1897 u
718 1849 835 1914 appellius
850 1856 957 1921 superior
983 1876 984 1919 j

145 1925 224 1973 movet
242 1920 409 1971 inferiorem.»
983 1924 984 1927 ’

177 1995 338 2059 (Consuesse.
350 2020 382 2031 -
396 1991 453 2043 Cium
465 1991 523 2043 illud
543 1994 607 2057 quod
622 1992 741 2044 intellectu
753 1996 956 2063 apprehenditur,

145 2065 230 2117 diversi
240 2064 271 2117 sit
284 2065 375 2131 generis
388 2064 417 2115 ah
430 2078 459 2115 eo
470 2065 532 2129 quod
544 2064 558 2115 h
568 2077 636 2117 sensu
649 2062 843 2131 apprehenditur,
858 2082 955 2122 necesse

146 2140 181 2189 cst
195 2136 323 2203 appetitum
341 2135 477 2189 sensitivum
489 2139 515 2186 et
526 2134 690 2189 intellectivurn
704 2136 732 2187 nd
748 2135 855 2192 diversas
868 2146 957 2205 poten-

145 2208 190 2260 tius
202 2206 343 2274 pertinere.)

177 2280 313 2344 despondeo
330 2279 468 2340 dicendum,
481 2276 544 2339 quod
559 2290 652 2338 necesm
672 2283 708 2329 est
725 2279 800 2331 dicere
821 2284 956 2347 appetitum

142 2351 310 2403 intellectivam
324 2363 377 2401 csse
390 2349 458 2400 anun
473 2348 600 2412 potentiam
613 2349 627 2399 l
638 2350 756 2402 sensitivo.
770 2352 881 2407 Potentia
890 2357 955 2408 eninr

143 2423 270 2488 appetitiva
278 2426 314 2473 est
325 2422 431 2485 petentia
439 2420 546 2485 passiva,
555 2436 606 2485 qne
616 2426 670 2473 nata
680 2426 714 2473 est
728 2423 816 2474 moveri
827 2425 859 2477 ab
869 2441 956 2493 appre-

143 2498 226 2547 henso.
237 2494 301 2545 Unde
308 2492 433 2556 appetibile
442 2493 612 2555 apprehensum
624 2497 659 2543 est
673 2508 771 2545 moneas
779 2509 830 2545 aon
840 2503 955 2559 arctum,

143 2565 259 2631 appetitus
274 2567 350 2615 autem
360 2579 460 2613 moneas
469 2567 579 2621 molum,
597 2568 622 2614 ιιι
634 2564 715 2617 dicitur
725 2566 750 2615 in
760 2567 800 2616 lll.
812 2568 853 2618 Dc
865 2573 957 2623 uniam

141 2642 166 2689 et
182 2640 223 2689 lll.
238 2636 377 2701 lletepdpe.
388 2634 485 2691 Passiva
499 2640 575 2687 auten
589 2640 612 2686 et
625 2638 717 2689 mobilia
731 2638 907 2703 distinguuntur
919 2657 957 2695 sc-

141 2708 239 2761 cundlun
254 2707 427 2761 distinctionem
444 2708 572 2760 activorum
586 2712 610 2759 et
627 2711 780 2774 motivoruru,
793 2711 848 2775 quia
865 2719 958 2779 oportet

177 2826 209 2893 (l)
227 2831 260 2875 lie
272 2828 310 2874 hia
323 2826 393 2873 etium
407 2833 492 2886 qdaest.
507 2826 537 2873 1⁵
549 2810 604 2889 ,117
617 2831 703 2881 uerit..
718 2836 762 2877 art.
776 2830 809 2891 3,
823 2837 847 2877 et
859 2846 901 2891 qn.
916 2832 956 2893 22,

144 2897 189 2938 art.
203 2891 231 2947 ις
247 2897 271 2938 οι
286 2892 329 2938 llh.
346 2891 381 2937 De
393 2892 501 2943 uaimu,'
511 2892 568 2938 lect.
590 2890 635 2952 lo,
651 2894 699 2940 col.
721 2892 748 2949 33
770 2900 795 2939 nt
810 2900 834 2941 ct
848 2896 892 2943 llo.
906 2896 955 2955 111,

144 2956 201 3001 lect.
214 2954 254 3017 ll,
267 2956 313 3001 cel.
329 2953 353 3000 2.
371 2965 375 2972 <
678 2958 681 2965 “
