1984 3309
143 184 263 231 cuonone
276 184 352 227 sinna
364 186 535 229 monuwa
547 187 661 240 suuessu,
674 190 728 230 ane.
792 180 840 232 29⁷

35 261 151 327 tinus,lx.
161 263 275 313 narret
294 264 354 329 (cup.
367 264 408 331 t),
421 265 482 329 quoi
499 282 514 315 u
527 279 595 319 maus
606 266 708 333 seipsam
718 269 782 321 uouit
796 283 838 337 peu

35 335 142 399 seipsam,
155 334 266 399 qnoniam
282 339 318 387 est
327 336 469 401 incorporea.
481 354 495 385 n
634 366 639 369 -

62 412 85 456 a.
95 408 224 471 Praeterea,
236 408 331 471 angelus
341 412 364 461 et
375 410 452 461 anima
461 412 561 461 bumana
570 412 711 476 conueniunt
720 412 746 463 in
756 427 843 477 genero

35 479 196 531 intellectualis
213 480 354 533 substantio.
373 483 417 533 Sed
439 484 535 546 angelus
551 482 659 547 intelligit
681 485 784 550 seipsum
799 500 841 551 pac

33 551 154 601 essentiam
165 564 242 603 snam.
257 552 316 615 Ergo
326 558 350 604 et
360 554 437 604 anima
447 555 556 614 bumana.

62 628 83 673 3.
101 624 222 676 Praetoea
232 661 239 686 ,
251 624 276 673 in
287 625 324 675 his
336 629 451 690 quaesunt
463 628 514 677 sine
527 627 638 690 materia,
653 627 714 680 idem
724 634 760 680 est
770 631 844 680 inlel-

33 696 108 747 lacten
122 700 149 749 et
163 696 235 763 quod
248 695 408 763 intellipt'tur
415 734 425 758 ,
442 700 468 748 ut
482 698 566 749 dicitnr
578 700 617 749 ill.
633 700 671 749 De
683 702 781 751 noima.
795 702 842 752 Sed

34 781 93 817 nitens
110 770 215 818 bumtunn
234 772 269 819 cst
287 768 337 819 sine
350 770 460 833 materia,
475 770 598 821 nonenim
613 774 648 821 est
660 774 726 821 actus
740 773 842 836 corporis

33 839 134 903 alicujus,
142 843 170 890 ut
183 838 256 903 sopri
266 840 351 891 dicium
362 844 405 891 est
417 842 477 904 Ergo
492 841 517 891 in
528 845 608 893 menta
617 843 719 892 bumana
732 847 768 893 cst
779 843 842 895 iiam

35 911 189 965 intellectus,
212 914 238 961 et
261 911 330 977 qnod
354 912 522 977 intellips'letr.
541 914 601 978 lingo
619 914 730 977 iutelligit
754 928 780 965 ss
799 928 843 980 pet

34 984 156 1034 essentiam
170 996 249 1034 mem.
879 988 885 1003 ⁶

66 1055 111 1105 Sed
122 1058 203 1107 muira
214 1058 267 1119 est,
279 1057 340 1121 queo
358 1056 441 1108 dicitm
454 1057 480 1108 in
492 1058 533 1109 ΙΙΙ.
544 1059 583 1107 De
594 1058 691 1115 emmo,
704 1057 767 1122 qubtl
781 1075 796 1106 u
806 1058 842 1108 in-

35 1128 136 1179 tellectus
151 1128 265 1191 iutelligit
278 1127 395 1193 seipsum,
411 1131 471 1181 sicul
483 1134 508 1181 et
522 1130 574 1181 ulis.
589 1146 604 1178 ι
621 1130 667 1181 Sed
683 1130 727 1181 elin
741 1144 788 1182 non
804 1130 842 1181 iu·

35 1198 113 1263 telligit
125 1214 169 1264 pcr
180 1198 309 1251 cseeunem
318 1212 406 1265 eorum,
418 1202 459 1253 set
467 1214 596 1267 parentum
604 1201 774 1255 similitudines.
783 1204 846 1267 llrgo

35 1284 102 1333 neque
115 1286 145 1323 sc
155 1270 268 1335 intelligit
278 1285 320 1335 pen
334 1274 460 1324 essentiam
477 1288 551 1325 suam

62 1342 226 1401 (Concuusto.
236 1368 268 1383 -
277 1343 407 1403 intellectus
418 1346 541 1408 humanm,
553 1344 607 1395 ciem
622 1357 649 1395 ae
662 1344 747 1395 liabent
761 1344 786 1394 in
802 1358 843 1407 ge·

35 1426 82 1463 nene
96 1428 178 1465 rennm
196 1414 392 1479 intelligibilium,
407 1419 435 1465 ut
448 1429 489 1467 cus
506 1416 533 1467 in
550 1416 655 1480 potentia
672 1416 779 1477 mutim,
796 1430 844 1467 aon

33 1486 149 1547 cognoscit
169 1486 274 1551 seipsum
290 1500 333 1551 per
346 1500 413 1539 suem
427 1488 571 1549 essentiam,
586 1488 626 1538 sed
644 1500 686 1551 pec
703 1490 781 1537 aetum
797 1502 844 1550 quo

32 1555 156 1611 intellectus
170 1570 245 1622 agens
259 1557 392 1613 abstrahiti
401 1559 551 1610 sensibilibus
562 1559 655 1623 species
668 1557 844 1621 intelligibiles.)

58 1630 200 1693 llespondeo
217 1628 342 1681 dicendum
349 1666 358 1693 ,
369 1630 433 1694 pubi
447 1631 627 1693 unumquenque
639 1628 793 1693 cognoscibile
805 1633 843 1681 est

35 1700 157 1751 secundem
175 1702 239 1765 quod
260 1705 296 1764 est
309 1702 335 1751 iu
350 1706 415 1767 actu,
430 1702 477 1753 non
491 1700 619 1753 mcuuanu
632 1700 742 1765 quidest
759 1700 784 1751 in
797 1714 841 1765 po·

34 1774 107 1837 nubi,
122 1775 149 1823 ul
163 1773 253 1825 dieitm
265 1776 289 1825 in
299 1776 339 1825 lx.
352 1776 494 1840 Metaptps.
508 1775 582 1839 (lent.
600 1777 662 1839 itt),
680 1775 713 1826 sie
726 1774 788 1825 mim
800 1775 842 1823 ali·

35 1844 81 1903 quio
94 1848 134 1895 est
147 1858 192 1897 ens
207 1848 232 1896 el
243 1860 323 1897 verum
329 1884 337 1911 ,
347 1848 409 1911 quod
423 1849 467 1897 sub
476 1847 609 1915 cognitione
621 1847 696 1910 eadit,
709 1850 842 1911 prouincia

35 1923 71 1967 est.
88 1920 121 1969 lit
134 1921 181 1970 boc
199 1919 294 1984 quidem
310 1922 435 1973 manifeste
448 1925 544 1993 apparet
561 1920 587 1970 in
600 1922 667 1972 senus
681 1919 840 1983 sensibilibus3
880 1976 883 1980 γ

35 2000 74 2037 uon
89 1990 160 2041 euim
168 1991 236 2041 visus
244 1992 342 2057 percipit
351 1994 474 2044 coloratum
485 1995 510 2043 iu
519 1993 630 2057 potantia,
641 1994 681 2043 sed
689 1990 762 2043 solim
776 1992 841 2041 colo-

35 2065 100 2111 ratum
122 2060 150 2111 in
161 2066 230 2127 actu,
246 2067 270 2113 et
286 2064 391 2116 similiter
408 2068 549 2117 intellectus.
562 2066 708 2116 Manifestum
725 2066 762 2113 est
781 2063 842 2113 enim

35 2130 89 2191 quid
102 2134 132 2183 in
148 2137 263 2197 quantum
284 2139 320 2187 est
336 2136 513 2200 cognoscilivns·
524 2150 600 2191 uerunt
612 2135 779 2197 materialium,
794 2148 842 2185 non

36 2204 149 2264 cognoscit
163 2204 212 2256 nisi
224 2206 287 2271 quod
300 2211 337 2258 cst
352 2212 417 2268 actm
428 2212 452 2259 el
463 2208 518 2260 inde
536 2214 572 2260 est
589 2209 650 2273 quod
665 2221 714 2259 non
725 2207 843 2271 cognoscis

36 2276 151 2327 nunciam
162 2277 275 2341 primam,
286 2278 334 2329 nisi
344 2280 469 2333 secundnm
477 2282 646 2345 proportionem
658 2280 687 2329 aul
697 2280 803 2343 formum,
815 2282 842 2328 ut

36 2344 110 2397 lieilm
123 2348 151 2399 in
172 2350 193 2399 l.
209 2349 311 2414 Physic.
328 2352 394 2402 Unio
411 2357 435 2403 et
445 2352 470 2403 in
490 2350 625 2404 nnbaanliis
638 2350 841 2412 immaterialibus,

37 2421 156 2473 secundnm
170 2422 233 2486 qubd
242 2436 386 2488 unaqueque
396 2438 476 2475 eornm
488 2438 513 2475 se
524 2426 594 2475 babet
605 2424 635 2474 ad
648 2422 762 2485 bocqubd
775 2422 808 2473 sit
817 2422 842 2473 in

39 2493 85 2539 notu
101 2506 145 2557 peu
162 2494 290 2543 essentiam
304 2507 382 2559 suam,
403 2496 437 2545 lin
450 2510 475 2547 se
491 2496 560 2546 babet
576 2496 604 2545 od
619 2496 665 2546 boc
681 2492 739 2557 qubd
759 2494 789 2543 sit
802 2507 843 2557 per

39 2573 96 2611 emm
103 2564 235 2615 essentiam
247 2565 409 2629 intelligibilis.
419 2568 525 2617 &senna
534 2566 605 2629 igitur
612 2566 722 2629 balmum
732 2568 769 2614 cst
777 2567 843 2614 aolus

40 2644 102 2691 purus
114 2638 141 2685 et
154 2636 288 2699 perlectus,
304 2642 339 2687 est
353 2638 487 2702 simpliciter
499 2642 523 2688 et
534 2637 636 2702 perlecti
649 2636 773 2687 secundim
783 2638 843 2699 seip—

39 2714 82 2753 sam
96 2706 261 2771 intelligibilis.
275 2710 339 2759 Unda
354 2711 415 2761 lleus
428 2724 468 2775 per
484 2724 550 2762 snam
569 2708 691 2759 essentiam
709 2722 756 2758 non
770 2706 842 2757 solim

40 2776 149 2841 seipsum,
164 2781 207 2831 scu
224 2782 298 2833 etiam
320 2782 397 2833 omnia
413 2782 529 2847 intelligit.
547 2781 628 2845 lingeli
647 2784 722 2831 annm
741 2778 843 2829 essentie

41 2851 72 2895 est
84 2850 177 2913 quidem
191 2851 216 2903 iu
228 2866 315 2917 genere
332 2854 511 2919 intelligibilium
526 2857 554 2903 ut
570 2857 651 2914 aetus,
664 2854 801 2903 nontamen
816 2852 842 2897 ut

39 2920 97 2971 nctus
104 2934 177 2986 lm
189 2938 268 2992 neom
280 2925 416 2991 completus.
427 2927 493 2979 bute
505 2925 557 2991 eius
566 2923 709 2988 tuteltipcea
718 2935 767 2973 mn
779 2932 842 2972 com·
