1984 3309
147 175 177 210 DE
191 170 308 211 nomint
321 170 351 211 B'f
366 170 465 211 ΙΑΙᾸῊΑ
481 169 633 211 timenti!
645 169 753 211 Amul.
808 164 854 211 888

83 250 118 301 td
133 249 233 314 primum
252 262 305 315 ergo
324 249 456 313 dicendum,
469 247 530 313 quon
548 249 618 299 etiam
636 249 661 299 in
677 250 745 301 rebus
758 252 854 301 natum·

50 320 109 370 libus
131 320 223 371 bonnm
238 324 262 371 et
281 321 394 382 muttum,
408 320 468 383 quod
487 323 524 369 est
539 337 553 368 u
566 321 691 371 seeundum
710 325 813 371 naturam
831 326 855 373 et

52 396 129 442 contra
144 396 262 455 naturam,
277 392 455 443 »diversificant
468 391 569 455 speeiem
580 395 675 443 nuturae.
691 394 778 457 Corpus
791 394 853 443 euim

52 469 169 515 mortuum
180 468 205 515 et
216 476 298 527 eorpus
310 464 386 513 vivum
397 476 443 513 non
457 467 511 514 suut
523 464 626 527 ejusdem
636 463 736 529 speciei,
747 468 772 516 et
792 465 857 515 simi·

53 536 103 586 titur
113 536 206 585 mutim
221 536 369 599 inquantum
387 539 423 586 est
439 536 565 586 seeundum
576 537 703 597 mitonem,
717 540 742 587 et
755 538 854 587 mutum

57 607 81 657 iu
94 611 205 671 quantrrm
219 612 256 658 est
268 609 349 671 praeter
361 607 485 668 rationem,
496 607 649 658 diversificant
662 608 761 673 speeiem
774 610 852 660 moris.
871 648 880 663 .

85 680 119 729 dd
136 680 263 729 secuudum
283 678 417 741 dioeudum,
431 677 492 743 quod
507 679 604 729 omium
620 680 728 744 importet
745 680 854 745 privatio·

53 764 106 801 uem
125 764 173 801 uon
186 751 323 814 absolutam,
339 752 379 801 sed
390 754 568 814 consequentem
583 751 651 801 telem
667 753 801 816 potentiam.
815 752 858 803 tti-

53 824 113 873 citur
129 822 193 872 enim
207 819 280 873 malus
294 825 358 873 notus
376 820 499 873 seeundum
515 836 579 873 suam
595 822 710 886 speeiem,
722 836 770 874 non
788 834 859 875 exeo

53 894 115 958 qnod
126 893 215 943 uultum
232 894 315 944 hebent
331 894 458 957 objeotum,
473 894 515 944 sed
528 893 581 956 quin
598 894 668 944 habet
683 894 795 959 objectum
809 909 857 946 non

54 964 195 1017 murenious
207 964 305 1028 rationi,
319 963 379 1015 siout
391 964 470 1015 toliere
483 964 566 1015 udone.
581 963 644 1020 Unde
657 965 682 1017 in
695 968 804 1028 puuutum
816 966 858 1015 ob·

51 1037 143 1100 jectum
160 1041 196 1087 est
212 1036 297 1101 aliquid
308 1034 420 1101 positive,
440 1039 517 1100 potest
531 1038 672 1089 constituere
689 1036 786 1102 speciem
803 1037 859 1088 muli

54 1112 127 1160 sotus.

85 1181 121 1230 tu
132 1180 227 1230 tertium
241 1180 373 1242 dicendum,
389 1178 450 1243 qudd
464 1182 529 1229 notus
545 1179 672 1243 conjugatis
687 1182 711 1229 et
724 1179 859 1230 adulterium

52 1250 181 1303 secundnm
201 1250 261 1315 quod
278 1255 437 1316 comparantur
457 1252 485 1301 ad
499 1252 625 1313 rationem,
639 1252 747 1301 differunt
764 1251 860 1314 specie,

55 1329 80 1374 et
94 1324 183 1374 nubent
196 1322 290 1373 effectus
303 1322 380 1387 speeie
393 1322 539 1384 differentem
554 1321 607 1385 puin
626 1334 697 1371 unum
715 1331 794 1372 eomm
808 1334 859 1372 me-

55 1400 118 1447 retur
137 1396 229 1447 tandem
245 1398 268 1445 et
284 1395 417 1460 premium,
432 1394 492 1446 eliud
505 1393 644 1457 vituperium
664 1396 688 1443 et
702 1404 801 1457 poeuum.
814 1393 861 1443 Sed

56 1466 184 1519 secundum
200 1467 261 1531 quod
278 1470 437 1532 comparantur
448 1466 477 1517 ed
490 1463 616 1531 potentiam
634 1464 803 1528 generativam,
814 1478 861 1515 nou

56 1540 169 1591 differunt
182 1539 260 1603 specte
274 1555 280 1589 ι
293 1544 317 1590 et
330 1539 363 1591 sio
373 1539 458 1590 hebent
470 1547 541 1588 unum
552 1537 659 1587 edoctum
670 1535 795 1587 seeundum
808 1548 861 1599 spe·
898 1554 906 1565 ·

55 1625 125 1663 crem.
161 1632 167 1643 ·

89 1686 124 1735 nd
138 1686 245 1747 qumtuu
261 1682 396 1747 dicendum,
410 1682 471 1749 quod
491 1681 657 1732 circumstantis
675 1680 811 1745 quaudoque
824 1692 863 1728 su-

56 1757 128 1807 mitur
145 1759 171 1804 ut
185 1752 314 1804 differentis
324 1753 452 1805 essentialis
462 1752 560 1818 oijeoti,
570 1751 696 1803 secundum
710 1751 771 1815 quod
785 1750 813 1800 nd
827 1762 863 1799 ru-

55 1830 147 1881 tiousm
157 1829 298 1891 comparatur
310 1841 316 1876 :
329 1829 354 1876 et
367 1830 421 1877 tunc
431 1829 509 1890 potest
520 1826 575 1876 dure
588 1823 687 1889 speciem
698 1823 760 1873 notui
771 1822 860 1873 morali.

55 1901 86 1950 Et
105 1902 152 1951 huo
168 1901 257 1963 oportet
277 1910 329 1948 esse
342 1898 529 1961 quandocumque
542 1894 712 1946 circumstantis
728 1895 863 1943 transmutet

53 1978 136 2024 uotum
147 1972 176 2021 de
188 1971 289 2021 bonitate
302 1970 326 2020 in
339 1969 462 2033 mulitinm3
473 1981 519 2018 nou
530 1966 590 2018 euin
601 1964 767 2016 meumstuntio
776 1964 862 2013 fuoeret

53 2050 137 2097 notum
153 2044 237 2093 molum
251 2042 350 2107 nisiper
362 2043 407 2093 tuoe
419 2042 479 2106 quod
492 2038 577 2090 rationi
585 2038 706 2102 repugnat.

55 2188 161 2232 monem.
175 2182 274 2227 Bonum
288 2181 350 2226 enim
362 2180 463 2237 speeiem
482 2176 612 2223 formaliter
623 2173 764 2220 oonsdtuore
774 2176 863 2244 potest,

54 2248 117 2306 (puin
134 2252 171 2293 est
184 2245 308 2303 positivum
320 2244 406 2301 utiquid
417 2247 440 2287 ot
452 2254 507 2295 ens;
518 2240 611 2285 mom
624 2241 701 2282 eutem
710 2246 803 2280 nonnisi
816 2245 865 2279 ms·

55 2312 176 2358 teriniitor
188 2314 211 2355 et
223 2306 407 2365 denominative,
423 2304 476 2349 oiim
486 2302 614 2350 formaliter
626 2300 657 2347 sit
667 2297 764 2356 privatio
778 2297 866 2342 tuntum

54 2382 271 2422 enumeremus
285 2370 386 2427 speciem
396 2368 536 2415 constituere
550 2364 624 2422 possit
637 2374 678 2419 per
694 2361 810 2419 seipsum,
826 2359 866 2405 sed

55 2442 89 2485 ut
104 2437 239 2493 adjunctum
257 2435 333 2485 bono;
348 2432 408 2477 siout
422 2429 530 2486 expresse
544 2428 564 2472 1.
581 2429 652 2484 part,
666 2437 706 2481 qu.
723 2423 768 2483 ts,
784 2429 828 2469 ort.
842 2422 865 2480 f,

54 2500 93 2547 rud
106 2500 136 2557 2,
154 2498 254 2554 expiiout
269 2498 291 2543 S.
307 2495 420 2547 Thomns;
436 2498 460 2537 et
475 2490 626 2548 expendimus
643 2488 675 2532 ihi
694 2492 774 2532 contro
792 2496 867 2531 crocos

54 2560 233 2617 deformitatis,
249 2560 285 2604 vet
297 2558 389 2603 meiitioe
400 2556 505 2613 positivus
518 2554 680 2610 somniatores,
694 2562 720 2595 no
734 2550 802 2607 utini,
819 2548 867 2604 pfe-

54 2625 118 2674 rritis
131 2622 299 2681 expendemus.
