1984 3309
148 191 179 239 28
337 196 398 235 rins
414 197 435 245 1,
451 195 543 241 conor.
561 194 643 245 untur,
660 195 714 234 cnr.
733 196 760 232 rr.

442 324 606 377 coliculos
621 326 650 377 li.

405 432 491 479 b'tritm
506 434 549 478 lux
557 433 589 479 cit
601 446 692 491 corporo.

180 541 215 591 tu
228 540 352 591 mudum
364 538 399 589 nic
412 537 540 602 proceditur
555 537 599 602 (l).
612 536 708 588 vtrotur
721 536 784 601 quiri
797 538 838 588 lux
855 539 889 588 sit
907 553 960 588 uor-

149 626 203 678 puS.
218 610 277 661 Dicit
290 609 350 660 enirn
363 609 501 673 Augustinus
509 610 534 659 in
546 610 588 660 lib.
608 609 643 659 De
658 608 704 659 tio.
718 608 812 659 uriitr.
831 609 890 673 (lin.
910 612 959 671 tlt,

149 698 201 747 cun.
214 682 258 747 5),
273 682 333 746 quno
351 681 410 733 «lux
420 680 585 745 incorporitns
594 680 690 746 primum
701 684 764 732 tonot
773 681 858 731 locnuu.
868 697 884 729 n
896 683 958 743 Ergo

150 755 189 807 lox
200 758 236 807 ont
245 768 334 821 corono.

182 832 206 878 t.
222 828 332 878 Praelerco
343 863 350 886 ‚
361 825 514 889 Philosophus
523 826 579 877 llicit
590 826 637 890 (lib.
650 824 678 888 V,
690 826 759 889 Yon..
774 838 826 889 unq.
843 826 879 889 o),
894 825 957 889 quod

152 900 251 951 «lumen
261 902 297 950 ost
309 898 399 963 spooioo
411 895 479 962 iqnin.
490 912 506 944 n
517 898 561 949 Sol
574 897 635 962 iqnio
643 899 681 947 ent
690 910 782 961 corqns.
800 896 861 961 tingo
874 897 957 947 lnnrou

151 975 187 1023 est
199 984 291 1034 corono.

183 1046 206 1094 8.
223 1042 333 1093 Protoron
344 1074 353 1101 ‚
364 1040 433 1104 torri,
450 1039 596 1103 internecini,
611 1042 635 1090 et
647 1040 733 1091 rottoeti
747 1042 784 1090 ost
795 1038 887 1104 proprii
901 1054 955 1090 oon-

150 1126 238 1177 porum.
251 1114 305 1163 tino
320 1117 396 1164 autern
409 1112 486 1164 omnia
498 1112 651 1163 attribuuntur
663 1111 743 1162 lumini
755 1112 792 1163 vol
803 1112 882 1173 rodi03
899 1125 955 1161 coo-

148 1184 275 1251 jnnguntnr
284 1183 353 1235 otium
362 1185 446 1235 divorsi
456 1184 525 1244 rodii,
534 1187 558 1235 ot
567 1187 711 1247 separantur,
723 1186 749 1232 nt
759 1182 881 1246 llionqsino
889 1183 953 1242 dicit,

150 1256 178 1306 11.
190 1269 240 1320 cap.
255 1256 290 1307 Do
300 1255 353 1307 dio.
368 1256 443 1306 Nom.
454 1253 518 1316 Quod
529 1255 598 1305 otiam
607 1254 696 1305 uidetur
707 1268 753 1305 non
766 1253 813 1304 nisi
821 1254 954 1317 corporibus

151 1328 273 1380 conuenire
290 1342 365 1392 puoso.
383 1328 442 1392 Engo
460 1326 539 1377 lumen
550 1330 586 1377 ost
599 1340 690 1390 corono

182 1400 226 1451 Sol
239 1404 332 1463 contro,
345 1402 390 1451 duo
406 1412 500 1463 corpora
512 1412 560 1449 non
572 1403 668 1463 pomum
682 1398 752 1449 simut
770 1411 821 1448 ense
834 1398 859 1447 in
873 1399 952 1449 oodoni

150 1473 210 1523 loco.
221 1473 268 1523 sel
277 1474 353 1524 lumen
360 1475 397 1523 cst
404 1471 471 1523 nurui
478 1485 530 1521 cunr
538 1484 599 1522 noro.
608 1472 668 1535 Ergo
677 1471 754 1521 iumen
762 1483 808 1521 non
815 1474 950 1535 eotuorpus.

185 1544 341 1608 (Gonncnsuo.
355 1570 387 1585 -
402 1540 457 1595 cnm
473 1542 609 1593 illuminatio
629 1544 669 1593 tint
681 1543 707 1593 in
720 1541 814 1593 notanti
828 1544 852 1592 et
864 1542 888 1591 in
902 1556 952 1593 onr-

151 1622 318 1682 comportem,
334 1616 410 1666 lucion
421 1614 496 1679 insutu
512 1627 559 1665 nou
572 1617 608 1665 nst
621 1614 725 1679 corpus.)

183 1690 317 1753 Respondoo
331 1688 465 1747 dicendum,
477 1684 539 1749 qnod
548 1686 687 1751 inpossibile
698 1690 736 1737 ont
744 1688 821 1739 lumon
831 1698 883 1738 osso
897 1700 947 1737 cor·

152 1772 202 1824 pus.
217 1762 284 1820 Quod
299 1758 391 1823 quidem
404 1762 500 1822 apparot
514 1757 640 1823 tripliciter.
656 1758 732 1809 Primo
743 1759 835 1823 quirion
846 1772 876 1809 ox
885 1765 948 1822 porto

152 1830 204 1882 loci.
214 1833 271 1881 Num
282 1832 344 1882 locun
354 1829 477 1895 cujuslibet
486 1829 587 1893 corporis
598 1834 635 1882 ost
644 1831 703 1880 oliuo
715 1830 730 1881 i
742 1830 793 1882 loco
803 1828 895 1881 ultorino
903 1845 950 1880 cor-

152 1902 226 1966 poris,
243 1916 285 1953 nec
304 1906 340 1953 est
353 1900 461 1966 possibilo
474 1903 599 1952 sennodum
616 1908 718 1953 natum
732 1905 777 1953 luo
793 1915 885 1968 corpora
901 1917 950 1954 oso

153 1974 220 2024 simul
234 1975 260 2023 in
274 1975 354 2024 eodem
372 1973 432 2033 loco,
444 1973 609 2038 qualiacunque
622 1986 714 2039 corporo
730 1974 793 2033 sinti
808 1974 860 2038 quin
875 1976 947 2025 couti-

153 2059 221 2109 quom
235 2045 329 2109 requirit
339 2044 506 2095 distinctionum
518 2044 544 2095 in
554 2046 609 2095 situ.
623 2044 739 2109 somnii,
750 2050 842 2111 oppono
850 2047 910 2099 iorni
922 2061 948 2096 ox

153 2117 238 2167 rationo
256 2120 339 2167 motus.
354 2116 378 2165 si
392 2116 452 2165 eninr
466 2116 543 2167 lumen
556 2118 618 2167 osset
630 2128 725 2181 corpus,
742 2116 876 2172 illuminatio
885 2122 947 2186 ,osset

155 2192 230 2237 motus
243 2188 321 2237 localis
332 2187 446 2251 corporis3
457 2188 532 2237 nullus
544 2189 619 2237 nortem
628 2191 702 2237 motus
712 2188 792 2238 localis
802 2188 898 2251 corporis
908 2203 947 2253 po

155 2260 199 2309 test
211 2272 262 2309 osso
275 2257 299 2307 in
313 2257 423 2319 instanti,
437 2258 489 2323 quia
508 2271 574 2308 oruue
593 2258 654 2321 quod
670 2263 773 2309 movetur
787 2258 895 2320 localiter,
910 2274 948 2318 neq

155 2343 220 2381 cesso
234 2333 268 2378 ost
280 2328 338 2391 qnod
350 2329 412 2391 unius
425 2329 544 2393 perveniat
554 2329 583 2379 ad
594 2329 693 2379 modium
704 2329 871 2393 magnitudinis,
882 2346 946 2393 quun

155 2402 182 2452 ud
192 2405 330 2462 extremum
343 2400 478 2451 illuminatio
492 2404 567 2451 autum
579 2401 604 2450 lit
614 2400 638 2450 in
649 2402 750 2454 instanti,
761 2404 808 2452 Neo
820 2406 893 2465 notun
904 2402 946 2453 uiui

156 2470 216 2537 quid
227 2472 267 2521 [tut
278 2471 302 2520 in
313 2476 413 2535 temporo
424 2471 606 2538 impercnptitili3
616 2472 670 2535 quio
681 2472 707 2522 in
716 2486 787 2537 paruo
796 2474 869 2537 spolio
876 2478 946 2538 posset

155 2546 246 2606 tompus
259 2542 342 2607 latore,
354 2543 378 2593 iu
392 2558 475 2607 magno
486 2549 562 2595 autum
572 2546 655 2609 spatio,
666 2544 722 2608 nott
732 2545 860 2597 oboriente
871 2545 894 2594 in
906 2547 945 2595 (lo

156 2613 280 2678 cicentem,
295 2620 384 2679 tempus
400 2615 470 2665 latero
484 2628 531 2666 uon
543 2620 630 2679 posset.
644 2616 725 2666 Statim
741 2616 801 2667 onim
812 2615 862 2667 oin
871 2615 901 2667 sol
912 2618 946 2677 est

155 2685 181 2737 in
192 2690 278 2752 puncto
290 2686 430 2751 horizontis,
447 2686 589 2739 illuminatur
605 2690 677 2739 totum
686 2688 868 2753 hcmisphaerium
878 2701 943 2753 nsque

189 2794 223 2859 (t)
236 2800 268 2845 no
280 2798 316 2845 tis
328 2800 398 2845 otium
409 2800 433 2845 in
442 2800 566 2858 n,sm.,
577 2800 632 2846 ilict.
642 2799 666 2859 2,
678 2808 761 2857 qooent.
775 2799 798 2858 t,
809 2806 851 2845 nrt.
862 2798 876 2844 l
886 2799 912 2845 od
920 2798 942 2851 q

156 2866 181 2906 et
191 2861 244 2907 dist.
258 2860 297 2919 30,
310 2868 393 2919 quusi.
403 2863 427 2920 i,
441 2868 484 2908 nrt.
497 2859 525 2914 1;
537 2867 561 2908 et
573 2864 605 2924 ΙΙ,
615 2863 651 2909 Do
661 2862 733 2914 coto,
743 2864 799 2910 loct.
813 2861 855 2923 to,
868 2863 910 2909 col.
921 2860 941 2916 55

157 2928 181 2969 ot
195 2924 220 2971 in
234 2927 270 2986 ΙΙ,
284 2926 319 2972 Dc
332 2927 431 2976 ocimo,
447 2924 502 2972 loct.
517 2922 557 2971 rt.
