1984 3309
231 108 263 153 na
280 110 349 155 nono
364 110 394 145 nn
409 110 499 148 onnttua
515 110 690 149 manducarent.
816 106 861 159 aet

56 188 109 235 sunt
118 184 261 236 considerari
274 186 361 250 absque
375 185 524 251 qualitatihus
536 187 693 249 sensibilibus,
703 190 763 252 quod
780 194 814 240 est
824 203 863 241 uas

58 256 160 308 abstrahi
181 254 301 307 emaum
317 256 433 320 sensibili3
449 271 495 307 uon
517 262 593 309 tamen
613 264 709 323 possunt
724 261 863 312 considerari

55 331 102 379 sine
118 329 240 378 intellectu
258 328 392 379 substantiae
407 329 529 393 quantitati
544 330 664 395 subjectae,
676 332 736 397 quod
750 336 812 382 esset
823 347 863 383 eas

56 400 155 450 abstrahi
170 398 185 451 d
198 400 295 450 matoria
310 398 453 463 intelligibili
464 400 587 450 communi.
602 402 700 452 Possunt
715 407 790 454 tanuen
807 418 861 455 eon-

54 473 147 523 siderari
163 473 216 523 sine
232 473 277 521 hac
295 471 333 521 vel
348 470 388 521 illa
402 473 543 533 substantia,
560 474 620 536 qnod
634 479 668 524 est
683 488 721 525 eas
735 474 861 527 abstrahit

56 545 145 595 materia
165 543 309 607 intelligibili
321 544 465 594 individuali.
481 544 589 603 Quadam
601 546 656 595 verb
670 552 722 596 sunt
739 563 788 616 qvvae
806 563 860 613 pos·

55 621 105 666 sunt
116 618 222 668 abstrahi
236 617 307 665 etiam
318 616 332 665 'a
345 615 439 665 materia
451 615 588 678 intelligibili
597 618 726 679 communi,
738 620 797 670 sicut
810 636 858 677 eur,

57 705 144 746 uuum,
156 690 277 755 potentia
289 691 406 743 eiectus,
416 692 440 738 et
450 688 494 737 alia
507 688 652 752 hujusmodi3
664 704 714 753 quae
728 693 797 741 etiam
810 707 860 744 esse

56 766 147 824 possunt
159 763 252 826 absque
268 760 333 811 omni
349 760 455 823 materia,
473 764 499 809 ut
511 765 574 825 patet
587 762 610 810 in
628 762 760 813 substantiis
776 764 860 814 imma-

57 835 177 887 terialibus.
193 836 226 883 Et
240 833 297 897 quia
309 833 373 882 Plato
385 846 431 882 non
443 833 595 883 consideravit
611 835 669 897 qood
683 835 769 885 dietum
787 841 822 886 est
831 839 858 889 de

59 907 137 970 dephci
148 908 223 957 morlo
239 904 414 968 abstractionis,
431 905 508 957 omnia
523 918 574 969 que
589 906 687 956 diximus
705 908 805 958 abstrahi
820 922 861 972 par

60 976 192 1030 intellectum
206 978 288 1042 posuit
299 977 412 1027 abstracta
424 990 473 1027 esse
486 976 610 1027 smundhm
625 991 683 1027 rem.

88 1052 117 1101 ll
124 1052 224 1102 tertium
237 1049 374 1111 dicendum,
382 1048 442 1112 qubd
454 1048 541 1099 colores
553 1050 639 1099 habent
652 1051 756 1099 eumdem
767 1052 858 1101 modium

62 1124 179 1189 eristendi,
192 1126 266 1189 prout
275 1126 328 1173 siunt
341 1121 366 1181 in
380 1122 475 1173 materia
485 1122 596 1185 corporali
608 1120 755 1183 individuali,
768 1122 825 1173 sicut
838 1122 861 1172 in

59 1197 152 1258 potentia
160 1196 259 1259 visiva;
270 1197 293 1243 et
303 1194 356 1246 ideo
364 1196 459 1256 possunt
469 1192 600 1255 imprimere
613 1206 675 1243 suam
687 1192 861 1245 similitudinem

57 1267 171 1320 invisum.
195 1268 242 1318 Sed
254 1268 413 1331 phantasmata
430 1262 482 1315 clim
499 1263 544 1314 sint
558 1263 716 1315 similitudines
732 1264 862 1317 individuo

58 1354 114 1405 nrm,
132 1346 157 1391 et
173 1340 281 1391 existant
295 1339 320 1387 in
338 1334 430 1399 organis
447 1335 572 1400 corporeis,
590 1349 636 1386 non
653 1336 740 1387 hahent
757 1338 861 1389 eumdem

58 1414 141 1464 nodum
155 1410 276 1465 existendi
285 1423 354 1475 quem
365 1408 571 1461 habetintelleotus
581 1409 707 1469 humanus,
721 1412 746 1460 ut
755 1422 783 1458 ex
795 1409 861 1461 dietis

57 1490 125 1549 patet,
137 1491 160 1537 et
169 1487 228 1536 ideo
238 1496 287 1534 non
298 1484 395 1547 possunt
406 1495 446 1531 sua
456 1481 540 1539 virtute
548 1479 679 1543 imprimere
687 1479 712 1528 in
721 1478 861 1531 intellectum

57 1558 196 1619 possibilem.
221 1556 267 1606 Sed
288 1554 374 1602 virtute
391 1552 520 1608 intellectis
539 1548 628 1613 agentis
646 1552 740 1601 resultat
759 1551 862 1613 quaedam

56 1628 176 1680 sinnihtndo
200 1629 226 1677 in
252 1626 370 1676 intellectu
390 1624 492 1688 possibili
515 1636 543 1672 en
560 1621 709 1674 conversione
734 1621 861 1674 intellectis

57 1702 139 1761 agentis
155 1713 230 1760 supra
248 1700 409 1762 phantasmata
426 1712 431 1745 :
447 1709 497 1759 qua
510 1693 602 1759 quidem
622 1697 657 1744 est
676 1696 863 1759 representative

58 1784 131 1823 eornm
140 1785 244 1837 quorum
256 1773 311 1821 sunt
324 1770 497 1832 phantasmata,
513 1764 584 1816 soldvn
598 1769 707 1829 quantum
719 1766 747 1815 ad
757 1772 861 1818 naturam

57 1845 143 1905 speciei.
155 1848 241 1907 Etper
254 1844 316 1892 hvrnc
327 1841 420 1890 modum
434 1839 517 1889 dicitur
533 1836 633 1887 abstrahi
646 1836 735 1901 speeies
755 1838 863 1900 intelligi·

58 1915 126 1967 tiist
135 1915 351 1982 phantasmatibus3
366 1925 412 1961 non
425 1909 487 1976 qubd
496 1909 572 1973 aliqua
585 1910 664 1959 eadem
678 1922 773 1959 numero
789 1909 860 1959 torma

58 2002 102 2050 qne
111 1988 177 2052 prihs
193 1986 238 2036 fuit
247 1985 272 2034 in
286 1980 697 2049 phantasmatibus,postmodumfiat
708 1980 862 2031 inintellecta

59 2060 168 2120 possibili,
182 2060 214 2109 ad
227 2058 322 2107 modum
333 2070 379 2119 quo
390 2069 471 2119 corpus
481 2053 590 2119 accipitur
603 2053 630 2103 ab
643 2066 689 2102 uno
700 2052 749 2103 loeo
764 2056 787 2103 et
801 2054 863 2101 tran-

59 2130 125 2182 lertnr
138 2132 169 2183 ad
182 2132 291 2181 alterum.
512 2140 516 2150 ·

87 2205 119 2253 ld
132 2207 243 2267 quartum
261 2198 403 2259 dicendum,
418 2196 480 2262 qubd
497 2198 661 2261 phantasmata
674 2198 697 2244 et
708 2194 864 2245 illuminantur

61 2273 85 2321 ah
94 2273 216 2324 intellectu
227 2276 325 2337 agente,
337 2274 361 2321 et
373 2270 456 2320 iterum
470 2269 497 2319 ab
512 2269 546 2323 eis
555 2282 596 2333 per
609 2267 718 2317 virtutem
736 2264 863 2317 intellectis

60 2346 144 2407 agentis
165 2346 256 2410 species
276 2342 436 2405 intelligibiles
454 2342 623 2391 abstrahuntur.
637 2336 796 2389 thuminautur
814 2338 864 2401 qui-

62 2419 121 2479 dem,
137 2419 193 2482 quia
204 2417 263 2467 sieut
273 2430 328 2481 pars
346 2413 454 2465 sensitiva
469 2424 499 2463 ex
509 2411 669 2475 conjunctione
683 2411 711 2459 ad
722 2409 863 2461 intellectum

62 2491 154 2540 elicitur
178 2489 316 2548 vhtrvosior,
338 2488 370 2537 ita
394 2488 552 2551 phantasmata
578 2497 607 2533 ax
630 2480 713 2531 videte
734 2482 863 2533 intellectis

64 2563 146 2623 agentis
165 2562 294 2613 redduntur
314 2558 400 2609 habilia
418 2562 444 2608 ut
458 2550 486 2606 ab
504 2555 537 2606 eis
553 2554 690 2606 intentiones
707 2554 862 2621 intelligibiles

62 2633 225 2683 abstrahantur.
238 2630 356 2685 distrahit
369 2633 443 2680 antem
453 2628 582 2678 intellectus
594 2639 664 2689 agens
678 2624 765 2691 speeies
778 2625 862 2675 intelli-

65 2703 139 2764 gibiles
153 2705 166 2755 d
178 2702 391 2769 phantasmatibus,
408 2700 431 2749 in
449 2703 558 2764 qivantnrn
576 2712 616 2763 per
632 2696 740 2747 virtutem
759 2697 861 2747 intellec·

66 2775 98 2825 tis
109 2778 197 2841 agentis
211 2776 316 2840 accipere
337 2786 456 2837 possumus
475 2771 595 2821 innostra
618 2769 797 2819 consideratione
818 2780 860 2817 aa·

64 2850 120 2900 turm
134 2851 263 2916 specierum
275 2848 329 2901 sine
345 2842 522 2910 individualibus
538 2840 717 2905 conditionibus3
735 2837 859 2893 secundhm
