1984 3309
129 150 176 201 2¹8
316 159 378 199 raas
391 162 414 212 r,
428 160 522 208 opusc
539 160 636 211 unu,
651 158 706 199 aar.
723 160 749 199 u.

129 239 168 288 De
177 240 271 295 umam,
284 237 345 301 quud
356 253 370 284 u
380 237 486 288 uoluntas
495 236 524 287 in
534 236 621 289 mdcne
631 237 710 301 est3iu
721 236 850 289 irrationali
859 238 934 289 subm

129 312 193 374 parte
201 308 282 360 anime
291 308 518 373 concupiscentium
527 308 570 373 ira,
580 310 617 361 rel
627 308 765 360 desiderium
774 311 798 360 el
809 308 933 359 animus.»

160 380 322 444 (Coumque.
338 405 369 417 -
381 380 409 429 ln
427 378 539 444 superiori
559 380 664 445 appetitu
684 380 801 444 huminis,
816 380 934 432 uoluntate

129 449 229 513 scilicet,
242 463 291 500 non
306 450 453 514 &tinguitur
470 450 657 515 concupiscibilis
671 454 694 502 el
709 450 853 516 sensibilis.)

160 522 296 586 despondeo
310 522 441 586 dicendum,
451 522 513 587 qndd
525 522 644 573 irascibilis
653 526 677 573 et
687 523 879 587 concupiscibilis
892 538 934 575 nun

129 596 184 644 sunt
196 596 273 657 partes
285 592 420 644 intellectiui
432 594 562 659 appetitus,
576 595 616 658 qui
630 595 713 645 dicitur
729 594 859 661 voluntas;
875 596 934 660 quia,
981 614 982 665 p

129 664 189 715 sicut
201 664 271 728 suprd
284 664 414 715 dictumest
424 665 474 730 (qu.
486 669 526 726 79,
539 668 581 717 art.
595 665 740 731 i),potentia
754 680 806 730 quae
820 668 936 719 ordinatur
981 670 982 703 ³

130 737 159 786 ad
171 735 264 800 aliquod
277 736 392 801 objectum
409 737 533 788 secundum
549 750 693 789 communem
706 738 829 803 rationem,
841 754 891 790 nou
904 740 936 790 di·

131 808 274 859 versificatur
283 824 326 874 per
341 809 482 861 differentias
494 810 605 875 speciales
616 810 658 863 sub
669 810 707 861 illu
720 811 808 863 ratione
820 812 937 864 communi

131 884 262 945 mutentas3
273 880 333 932 sicut
340 882 394 945 quia
403 881 469 932 visus
481 882 575 946 respicit
585 880 675 934 risibile
685 883 811 933 secundum
821 884 935 937 rationem

130 951 233 1014 colorati,
245 966 291 1004 non
301 951 481 1017 multiplicantur
488 952 568 1003 visiun
579 954 687 1017 potentia
698 955 823 1005 secundum
834 956 937 1008 diversas

131 1023 220 1088 species
229 1024 337 1075 colorum.
352 1024 463 1075 stantem
471 1026 535 1075 essct
548 1025 624 1089 aliqua
638 1024 803 1089 potentiaque
816 1031 883 1079 esset
894 1028 937 1079 albi

130 1092 155 1144 iu
170 1098 281 1159 panium
292 1098 327 1146 cai
336 1095 428 1159 album
441 1100 465 1147 et
479 1108 527 1147 nun
538 1094 564 1146 in
574 1100 685 1160 quantum
695 1100 730 1149 est
742 1097 890 1162 coloratum,
901 1099 938 1150 di-

131 1166 426 1232 versificareturdpotentia
435 1170 555 1231 quaesset
563 1169 632 1232 nigri,
640 1169 665 1219 in
672 1173 782 1233 qnantum
789 1172 824 1221 est
834 1171 935 1235 nigrum.

130 1238 250 1303 Appetitas
268 1241 346 1290 autern
360 1239 486 1291 censitum
497 1253 545 1290 nou
558 1240 651 1305 respicit
664 1254 808 1292 communem
822 1243 937 1295 rationem

130 1311 194 1375 boui,
208 1311 264 1379 quia
274 1324 318 1363 nec
332 1324 414 1363 sensus
425 1312 577 1377 apprehendit
587 1313 725 1365 unirersale.
737 1314 767 1364 Et
782 1313 835 1365 ideo
856 1330 938 1376 secuu-

129 1382 185 1433 dum
200 1384 302 1435 diversas
320 1384 420 1435 rabones
435 1383 607 1449 particularium
621 1385 733 1436 bonorum
750 1385 938 1439 diversificantur

131 1457 207 1520 partes
228 1456 344 1521 appetitus
363 1456 476 1507 sensitiri.
492 1458 549 1507 Nam
568 1456 870 1523 concupiscibilisrespicit
889 1475 938 1527 pru

131 1526 204 1591 priam
222 1527 334 1579 rationem
348 1528 416 1591 boni,
431 1529 457 1578 in
473 1531 584 1593 quantum
603 1531 637 1579 est
656 1528 789 1581 delectabile
806 1534 937 1589 pecundum

131 1608 225 1648 sensum
237 1603 261 1649 et
273 1598 413 1649 conueniens
424 1603 525 1663 nutnrn3
536 1598 657 1651 irascibilis
668 1603 744 1651 autem
756 1600 855 1665 respicit
871 1606 939 1655 ratio

132 1680 184 1718 nara
202 1668 257 1719 boni
274 1668 401 1719 secundum
422 1671 482 1734 quod
500 1674 535 1721 est
553 1670 694 1735 repulsivam
709 1673 732 1722 et
750 1670 939 1737 impugnatiuunu

131 1739 183 1804 ejus
197 1741 258 1804 quod
271 1739 344 1800 inient
359 1745 529 1792 nocumentum.
546 1744 591 1795 Sed
611 1744 717 1795 uoluntas
734 1743 830 1808 respicit
850 1746 939 1798 bonum
982 1796 983 1807 ,

132 1812 175 1862 sub
187 1809 303 1862 communi
315 1811 403 1864 ratione
414 1812 481 1878 boni;
494 1812 579 1866 ntideo
593 1828 638 1866 non
649 1815 828 1867 diversificantur
838 1816 866 1867 in
880 1818 938 1885 ipsa,
982 1810 983 1881 ἶ

132 1897 182 1947 que
201 1888 238 1935 est
252 1884 369 1948 appetitus
384 1884 552 1947 intellectum,
568 1886 649 1951 alique
664 1886 772 1951 potentiae
785 1888 937 1952 appetitiva,
982 1916 983 1921 κ

132 1958 159 2005 ut
172 1955 203 2006 sit
217 1954 243 2006 in
257 1956 360 2020 appetitu
377 1957 516 2008 intellectiva
530 1957 574 2007 aliu
596 1958 699 2023 potentia
715 1954 836 2010 irascibilis
850 1964 876 2011 et
896 1962 940 2011 alia

133 2028 325 2094 concupiscibilis,
336 2030 400 2080 sicut
410 2030 479 2080 etiam
497 2042 528 2081 ex
541 2034 604 2095 parte
620 2029 750 2082 intellectus
766 2044 814 2083 nnn
827 2033 940 2100 multipli-

133 2105 214 2151 cantur
221 2101 283 2153 uires
292 2100 536 2167 apprehendendae
542 2102 722 2167 multiplicentur
729 2115 758 2152 en
768 2106 833 2167 parte
844 2118 938 2157 sensus.

164 2172 309 2237 ltprimum
323 2186 378 2237 ergo
391 2172 526 2235 dicendum,
540 2171 601 2237 qudd
615 2186 686 2235 amor,
699 2174 903 2241 concupiscentia,
917 2181 941 2227 et

133 2244 279 2309 hujusmodi,
294 2244 414 2309 dupliciter
426 2244 578 2308 accipiuntur.
591 2244 729 2309 Quandoque
744 2246 838 2309 quidem
855 2262 941 2299 secuu-

133 2318 188 2369 dum
201 2320 262 2383 quod
275 2318 329 2370 sunt
340 2316 444 2382 pedam
456 2316 590 2380 passiones,
602 2330 651 2366 cnm
668 2318 766 2380 quadam
782 2316 873 2370 scilicet
883 2334 940 2371 con-

133 2389 243 2443 citatione
260 2389 332 2441 animi
344 2389 518 2454 provenientes,
536 2393 559 2439 et
573 2388 606 2439 sic
621 2390 770 2441 communiter
782 2390 939 2458 accipiuntur3

133 2467 158 2513 et
178 2463 223 2513 boc
242 2464 309 2512 medo
328 2465 380 2511 sunt
398 2462 470 2511 solum
488 2460 514 2509 in
537 2461 641 2526 appetitu
662 2460 780 2513 sensitivo.
800 2462 851 2513 llio
872 2466 941 2515 modo

133 2533 261 2597 significant
286 2532 413 2597 simplicem
433 2532 541 2583 allectum
560 2533 646 2596 absque
663 2532 785 2596 passione,
806 2535 846 2585 vel
867 2536 940 2586 animi

135 2605 301 2669 concitatione3
314 2607 338 2655 et
352 2604 385 2655 sic
396 2607 450 2654 sunt
464 2608 528 2655 actus
542 2602 675 2653 urrluutatis.
686 2604 714 2658 nt
727 2605 771 2655 hoc
784 2604 856 2655 etiam
871 2606 940 2657 modo

135 2676 288 2727 attribuuntur
307 2676 394 2739 angelis
409 2680 434 2726 et
450 2678 506 2727 lleo.
524 2676 569 2727 Sed
584 2680 652 2742 prout
669 2676 702 2727 sic
722 2675 875 2743 accipirmtur,
891 2692 938 2731 non

136 2748 251 2811 pertinent
264 2750 292 2799 ad
310 2748 412 2799 diuersas
426 2747 554 2812 potentias,
565 2748 605 2799 sed
622 2748 650 2799 ad
663 2762 730 2801 unam
747 2751 837 2803 tantum
851 2755 938 2817 poten·

136 2818 201 2884 tum,
212 2832 264 2884 que
277 2820 361 2873 dicitur
374 2819 486 2871 volumus.

167 2892 201 2942 Ad
215 2892 338 2944 secundum
346 2890 477 2954 dicendum,
488 2888 547 2955 qubd
557 2890 605 2955 ipsa
616 2892 720 2945 voluntas
729 2894 806 2958 potest
813 2893 862 2947 dici
873 2896 939 2959 irunt
