1984 3309
249 166 283 203 ult
299 164 391 203 uuam!
405 165 490 205 ΔΙΙΙΒ
504 166 537 205 tu
554 166 656 206 COEPUS.
810 160 857 207 129

50 240 147 290 eundum
152 241 291 306 essentiam,
297 247 475 307 tamenpropter
482 244 519 293 sui
525 244 689 308 perlectionem
696 248 731 295 est
737 243 857 311 multiplex

48 311 71 359 in
88 312 171 363 uirtute
189 328 197 363 ε
212 317 236 363 et
252 314 306 365 ideo
328 315 359 365 ad
370 315 475 366 diuersas
491 316 635 380 operationes
653 316 740 379 indiget
756 316 855 368 dirersis

48 383 231 446 dispositionibus
241 385 268 435 in
278 386 386 450 partibus
399 387 501 451 eorporis
516 387 553 437 oui
566 388 652 439 unitur.
666 388 695 437 Et
705 393 797 453 propter
811 390 855 439 bon

49 456 158 519 ridemus,
171 458 233 521 quod
244 458 322 521 major
332 461 370 508 est
382 458 505 508 diuersitas
516 458 615 522 partium
624 459 650 509 iu
659 459 794 511 animalibus
804 474 855 523 per·

49 527 117 590 lectis,
128 542 197 592 quam
210 528 235 578 in
247 529 410 594 imperfectis,
426 530 485 580 etin
497 531 536 580 tris
549 544 618 594 qoam
630 530 654 580 iu
670 530 763 595 plantis.

77 600 109 648 td
120 605 228 663 quadum
250 602 390 663 dicendum,
406 601 468 664 qu'od
482 600 557 651 anima
578 602 732 665 intellectiva,
746 603 800 667 quia
819 607 855 653 est

48 670 203 722 universalium
224 673 436 736 comprehensiva,
451 673 521 723 habet
539 674 647 724 virtutem
663 677 691 725 ad
709 674 808 725 infinita.
826 676 855 724 Et

49 740 93 790 ideo
106 756 151 793 non
164 747 293 807 potuerunt
306 743 353 793 sibi
363 743 536 795 determinasti
552 750 632 796 natura
646 746 684 795 vel
697 745 853 796 determinate

48 813 224 865 existimationes
232 817 362 879 naturales,
374 816 414 866 rel
425 815 495 867 eliani
505 817 655 868 determinata
663 817 756 881 numu,
767 818 853 867 uelde

49 885 169 936 tensionem
186 888 226 937 vel
244 892 422 951 tegumentum,
439 888 500 938 sient
518 888 568 939 aliis
585 889 736 952 annualibus,
757 902 853 953 quorum

50 956 125 1007 anime
139 960 231 1009 babent
243 957 454 1024 apprehensionem
470 965 494 1010 et
505 960 612 1011 virtutem
623 962 651 1011 ad
664 961 740 1023 aliqua
756 960 854 1025 particu-

50 1026 100 1077 laria
112 1030 273 1081 determinata.
291 1032 338 1081 Sed
350 1032 402 1081 locu
416 1033 499 1081 horum
508 1032 611 1083 omnium
623 1034 692 1082 homo
705 1033 774 1083 babet
786 1037 853 1081 natu-

48 1100 121 1151 raliter
134 1103 252 1153 rationem
263 1106 289 1153 et
302 1116 387 1152 manus
400 1117 452 1166 qun
466 1108 520 1153 sunt
532 1117 616 1167 organa
630 1118 765 1167 organorum
781 1100 853 1165 :quia

46 1186 81 1234 per
90 1188 116 1224 ea
127 1176 198 1225 borno
208 1179 290 1240 potest
301 1173 346 1225 sibi
354 1188 485 1239 praeparare
493 1175 644 1229 instrumenta
652 1175 794 1227 indultorum
804 1187 854 1225 ruo·

46 1247 135 1309 dorum,
152 1251 178 1297 et
190 1247 222 1297 ad
235 1246 344 1298 infinitos
354 1246 462 1297 effeetus

342 1389 502 1441 tumentes
516 1391 556 1441 tlt.

89 1499 171 1543 tltrlrrrr
179 1500 268 1544 araim
278 1498 429 1543 intellectiva
437 1488 540 1543 uniatur
552 1500 645 1556 corpori
654 1499 814 1544 mediantibus

243 1562 441 1617 dispositionibus
453 1562 647 1607 occidentalibus.

73 1670 105 1719 ad
113 1674 204 1722 senum
215 1669 251 1721 sie
259 1670 396 1734 proceditur
401 1668 447 1734 (1).
455 1670 551 1720 Videtur
559 1669 620 1734 qubd
631 1670 706 1721 anima
712 1668 851 1720 intellectiva

45 1743 131 1792 uniatur
145 1742 239 1807 eorpori
252 1742 411 1792 mediantibus
422 1739 536 1805 aliquibus
549 1742 737 1806 dispositionibus
745 1740 853 1791 acciden-

45 1815 129 1864 talibus.
144 1814 229 1865 Omuis
242 1814 307 1864 enirn
317 1813 393 1865 torma
402 1816 438 1863 ost
448 1813 472 1862 in
480 1813 576 1863 materia
588 1813 632 1863 sibi
640 1813 733 1878 propria
741 1817 766 1863 et
776 1812 852 1875 dispo

45 1884 90 1933 sita.
106 1887 155 1935 Sed
176 1886 345 1950 dispositiones
361 1884 391 1934 ad
407 1882 503 1934 tomam
521 1888 576 1935 sunt
593 1884 719 1935 accidentia
736 1885 849 1949 quedam.

44 1958 98 2019 Ergo
114 1961 209 2022 oportet
230 1956 383 2021 praeintelligi
404 1955 532 2006 accidentia
549 1957 624 2020 atiqm
641 1956 667 2006 in
687 1957 783 2007 materia
798 1959 852 2004 ante

45 2028 133 2078 tonnam
149 2028 348 2088 substantialem,
363 2026 436 2078 etita
454 2032 506 2078 ante
524 2027 639 2093 animam,
658 2027 710 2078 clim
728 2026 803 2077 anima
822 2024 853 2075 sit

42 2101 141 2161 quemn
157 2099 319 2151 mbstantialis
329 2099 415 2150 forma.

70 2179 93 2223 a.
103 2176 239 2236 Praeterea,
249 2173 347 2223 dirersae
359 2172 441 2222 torma
452 2172 521 2223 nnius
531 2172 616 2237 speciei
624 2171 744 2236 requirunt
752 2168 852 2221 diversas

41 2246 134 2297 materiae
145 2250 238 2311 partes.
247 2244 436 2294 llirersarautem
443 2247 521 2307 partes
531 2258 577 2295 non
590 2246 687 2307 possunt
695 2240 793 2304 intelligi
803 2239 850 2291 nisi

44 2318 161 2367 sumnum
176 2315 316 2366 diuisionem
325 2313 508 2365 dimensivarum
522 2315 684 2378 quantitatum.
694 2314 754 2377 Ergo
763 2316 853 2377 oportet

45 2386 167 2453 inlelligere
182 2387 343 2437 dimensiones
359 2388 385 2436 in
399 2387 509 2449 materia,
521 2390 574 2437 ante
585 2388 671 2437 termas
677 2385 851 2445 substantiales,

42 2473 86 2520 qun
98 2464 155 2510 sunt
168 2460 250 2509 multae
264 2459 335 2509 unius
349 2457 448 2523 speciei.

71 2536 92 2581 3.
107 2536 239 2592 Praeterea,
258 2531 380 2596 spirituale
399 2528 524 2593 applicatur
544 2530 656 2593 corporali
669 2544 710 2595 per
723 2531 851 2579 conantum

43 2603 136 2654 uirtutis.
149 2604 233 2653 Virtus
248 2608 325 2653 anum
343 2601 429 2653 animae
442 2606 478 2653 est
493 2602 545 2667 ejus
558 2602 671 2667 potentia.
687 2602 748 2664 Ergo
762 2600 852 2649 ridetur

73 2713 105 2775 (l)
117 2719 152 2762 Ite
167 2715 291 2772 bisetium
309 2714 381 2760 θοαί.
395 2714 477 2761 Gent„
493 2714 537 2759 lib.
551 2716 575 2771 l,
591 2726 643 2770 eap.
659 2712 705 2766 tl;
720 2720 744 2757 et
757 2724 797 2768 qu.
811 2709 849 2766 ta,

45 2775 73 2816 be
81 2781 166 2829 uerit„
177 2784 225 2823 art.
240 2777 270 2831 ἐς
285 2784 309 2823 et
318 2781 407 2834 quest.
417 2775 442 2819 t.
459 2777 493 2821 De
505 2777 584 2827 mato,
597 2782 641 2821 art.
650 2774 680 2828 ὃς
693 2781 717 2820 et
728 2776 763 2821 De
773 2774 851 2829 spira·-

46 2842 147 2887 andater
157 2842 295 2890 creatum
305 2847 350 2887 art.
361 2838 394 2894 33
405 2845 431 2885 et
440 2838 576 2890 monimo,
585 2845 629 2885 art.
640 2838 688 2883 liet
699 2837 738 2891 10,
750 2843 775 2880 et
784 2836 808 2879 in
818 2835 848 2889 ll,

46 2900 80 2945 lib,
94 2904 130 2950 De
142 2906 243 2955 aalma,
259 2904 315 2949 leet.
327 2903 352 2949 1.
