1984 3309
202 216 233 261 nie
248 216 387 264 minumus
403 221 485 264 aurine
502 218 638 264 surranum.
774 217 820 265 iit

43 310 93 363 rum,
109 302 222 363 cognoscit
239 302 313 353 omnia
328 308 351 353 et
364 303 504 354 universalia
517 306 540 353 et
557 303 695 367 singularia,
713 312 739 353 ut
751 305 820 369 sopri

42 369 111 419 lictum
127 377 160 421 est
176 375 228 437 lun.
244 375 288 439 lt,
310 378 352 424 art.
373 378 402 423 ll
412 374 435 439 lg
457 375 489 425 ita
501 376 635 425 animantia
651 378 760 439 separata
779 390 822 441 pcr

41 441 126 507 specics,
144 456 192 507 guo
216 449 270 497 suut
289 447 393 510 quedam
415 447 554 512 participatu
579 445 741 497 similitudines
760 446 821 498 illim

43 512 88 563 rina
102 517 209 581 macrim,
223 522 321 583 possunt
335 518 460 582 singularia
477 532 622 582 cognoscere.
639 520 666 568 ln
684 520 728 569 troc
744 522 822 570 tamen

41 588 67 631 est
77 585 193 638 differentia
206 588 267 640 inter
282 590 374 653 angelos
396 594 421 640 et
433 589 524 639 ammas
538 594 663 654 separatas,
678 590 731 653 quia
746 590 823 653 angeli

40 668 70 715 per
83 657 205 721 huiusmodi
223 662 311 725 species
325 661 409 710 habent
426 662 550 725 perlectam
569 666 593 710 et
606 662 722 725 propriam
743 662 822 724 cogui-

41 726 108 777 tionem
120 730 146 781 de
162 733 245 794 rebus,
264 734 346 783 auimo
359 731 414 782 verd
427 736 551 795 separatu,
564 732 691 782 contusam.
705 734 769 783 Unde
783 746 823 783 an

41 798 74 860 gel
84 808 167 867 propter
184 804 311 857 efficaciam
324 805 360 855 sni
373 795 516 867 intellectis,
534 816 576 868 per
589 804 721 869 hujusmodi
734 805 823 869 species

41 885 75 921 acu
89 875 154 927 sollrur
168 882 263 928 naturas
275 890 351 927 rerum
367 876 390 927 iu
402 876 496 941 speciali
510 887 645 940 cognoscere
657 880 766 941 possunt,
782 877 823 928 sed

41 943 94 993 etiam
109 948 225 1013 singularia
245 950 288 999 suli
308 949 428 1013 speciebus
448 951 564 998 contenta.
584 948 670 998 iuimm
687 947 742 999 verd
757 961 822 1013 sepa·

41 1019 84 1065 ratae
94 1032 131 1069 uon
140 1023 238 1085 possunt
251 1032 386 1085 cognoscere
395 1032 439 1083 per
449 1019 581 1083 hujusmodi
593 1019 682 1083 species
695 1019 740 1070 nisi
749 1019 822 1071 solim

41 1086 206 1155 singulamilia,
223 1094 253 1143 ad
272 1106 323 1156 qua
336 1092 501 1155 quodammodo
514 1091 709 1155 determinantur,
726 1093 764 1142 rel
781 1106 823 1157 per

40 1163 179 1219 procedentem
202 1163 373 1227 coguitionem,
394 1164 430 1213 vel
445 1176 487 1227 per
502 1162 599 1226 aiquam
613 1162 757 1214 allectionem
762 1203 771 1229 ,
785 1165 822 1215 rel

40 1243 70 1290 per
81 1237 196 1287 animalem
216 1234 389 1291 habitudinem,
410 1234 446 1285 vel
462 1246 506 1297 per
521 1234 622 1284 diuitum
638 1235 820 1300 ordinationem

40 1304 78 1360 quia
95 1322 107 1353 u
124 1320 189 1359 omne
213 1308 278 1371 quod
294 1304 404 1369 recipitur
416 1305 440 1355 in
466 1304 557 1369 aliquo,
573 1305 682 1369 recipitur
694 1307 720 1356 iu
741 1321 769 1358 eo
782 1321 824 1372 per

40 1377 110 1429 nodum
122 1378 264 1445 recipientis.
275 1394 289 1427 u

61 1450 189 1514 ldprimnm
203 1464 261 1513 ergo
275 1449 407 1511 dicendum,
422 1447 483 1513 quod
501 1450 628 1501 intellectus
640 1461 682 1515 per
697 1449 758 1499 riam
771 1451 823 1501 abs-

40 1520 134 1573 tractionis
146 1526 243 1575 nonest
255 1520 423 1585 cognoscitirus
435 1521 593 1585 singularium.
607 1522 645 1572 Sic
656 1525 732 1572 autem
747 1522 822 1573 auium

38 1597 122 1655 separata
132 1608 178 1646 nou
190 1594 304 1657 intelligit
316 1606 355 1656 aa,
372 1593 411 1643 sed
427 1593 486 1643 sicut
497 1594 635 1645 dictumest.

60 1666 87 1713 ld
98 1670 221 1719 secuudum
230 1665 364 1727 dicendum,
378 1664 438 1730 qudd
449 1668 476 1715 ad
485 1666 576 1715 illarum
585 1680 661 1716 rerum
675 1666 773 1731 species,
784 1668 822 1717 tel

38 1732 149 1805 individua,
164 1738 270 1805 cognitio
297 1737 378 1788 animae
400 1741 510 1803 separate
534 1738 708 1802 determinatur,
726 1740 755 1789 ad
773 1754 823 1803 quae

38 1807 96 1922 guma
106 1816 210 1876 separata
218 1811 291 1861 habet
299 1810 396 1874 aliquam
406 1810 577 1859 determinatam
588 1810 753 1875 habitudinem,
764 1811 824 1861 sicut

39 1885 106 1931 *lulum
116 1887 156 1933 esi.
848 1921 851 1944 ,

60 1953 85 2001 ld
97 1954 188 2005 tertium
202 1954 339 2017 dicendum,
357 1950 417 2016 quod
435 1952 512 2003 auirrra
526 1958 630 2016 separata
643 1966 690 2003 non
711 1967 736 2004 se
753 1955 823 2003 lrahet

37 2024 133 2084 aqualiter
149 2028 178 2077 ad
192 2026 273 2077 omnia
288 2024 423 2089 singularia,
434 2024 475 2075 sed
491 2025 632 2089 adpraedam
645 2026 713 2075 habet
725 2026 824 2089 aliquam

38 2093 191 2160 latitudinem,
207 2110 278 2162 quaro
290 2108 337 2147 nou
352 2096 421 2146 hahet
430 2098 457 2146 ad
469 2095 522 2146 alia.
531 2098 561 2146 lit
571 2096 622 2147 ideo
630 2111 677 2149 nou
688 2101 723 2148 est
732 2097 825 2159 uncialis

37 2168 79 2218 rullo
90 2175 113 2219 ut
120 2170 199 2221 omnia
211 2166 336 2233 singularia
347 2173 469 2232 cognoscat
480 2168 489 2233 (
506 2168 525 2232 ).

324 2321 482 2373 articulus
495 2322 523 2372 ll.

50 2434 131 2487 &rum
143 2442 354 2489 nuditusacicuiiu
363 2442 401 2487 itte
417 2441 538 2498 acqrrisitm
549 2442 672 2485 remancat
680 2439 708 2482 iu
716 2439 798 2483 anima

362 2508 482 2561 sepormo.

59 2621 85 2670 ld
98 2624 203 2686 quintum
213 2622 248 2673 sio
260 2620 388 2686 proceditur
398 2621 441 2686 (Ξ).
451 2622 544 2672 Videtur
553 2619 613 2684 quod
622 2620 715 2671 habitus
725 2620 826 2671 scientiae

60 2764 87 2827 [ll
101 2772 160 2816 Hinc
172 2771 247 2816 etiam
262 2769 326 2814 beati
339 2766 405 2824 plura
418 2769 454 2813 uel
469 2768 578 2824 pauciora
590 2763 670 2812 uideni
680 2777 722 2825 pro
736 2767 827 2813 diversa

39 2831 155 2879 ruuuclouc
169 2834 209 2879 sui
220 2830 305 2879 statis.

63 2898 90 2961 li)
100 2906 132 2949 lie
145 2905 183 2950 luis
192 2903 266 2949 etium
279 2902 303 2961 l,
314 2900 338 2959 Ξ,
350 2912 391 2958 qu.
402 2899 443 2961 63,
455 2907 501 2945 art.
512 2899 535 2954 23
550 2903 573 2947 el
582 2902 626 2963 ill,
637 2902 714 2961 Sunt,
723 2900 776 2945 dlst.
787 2898 826 2956 lo,

38 2972 68 3015 lll-
86 2966 113 3025 i,
126 2972 170 3013 art.
188 2966 219 3021 ig
236 2972 262 3011 ut
281 2968 307 3009 et
322 2965 364 3025 lv,
379 2962 459 3013 sent„
475 2963 530 3009 dut.
544 2962 587 3022 oo,
603 2975 646 3021 qu.
658 2964 686 3023 1,
701 2969 745 3010 art.
760 2962 788 3016 23
803 2966 828 3007 ct

146 3076 174 3115 u.
695 3062 726 3110 lo
