1984 3309
137 223 168 268 ll
324 233 384 269 rans
399 232 417 281 ι,
434 231 526 276 οωκετ.
544 230 628 280 trun,
640 232 694 268 ann.
709 232 745 268 ru.

136 307 192 355 baut
202 308 272 357 etiam
282 306 342 371 qubd
351 308 406 357 illud
417 308 499 358 eoelum
508 306 617 357 sensibile
624 308 683 371 quod
692 306 809 368 ridemus,
819 319 866 357 non
876 316 942 358 eon-

137 376 196 427 tinet
217 379 276 429 inira
290 392 315 429 se
333 380 410 430 onmia
428 378 566 443 corporatio,
585 379 625 429 sed
642 382 677 428 est
694 378 807 428 inlinitum
825 391 941 442 aquarum

138 461 220 512 eorpus
237 464 305 515 supra
318 450 414 515 eoelum3
431 454 455 501 et
467 450 500 501 ita
515 454 596 515 posset
607 450 689 514 aliquis
701 450 776 500 direre
787 448 847 513 qudd
860 451 942 501 tirma-

137 524 239 570 mentum
252 521 395 573 eoelidiuidit
410 535 478 587 aquas
491 524 615 574 exteriores
626 523 655 573 ab
669 522 733 585 aquis
745 521 899 584 interioribus,
914 523 941 573 id

136 594 189 654 est,
203 592 232 642 ab
250 592 355 643 omnibus
374 591 505 658 corporibus
525 608 576 658 quae
597 592 658 644 inira
675 592 758 643 ooelum
774 595 941 658 eontinentur,

136 676 232 726 quorum
244 663 379 729 principium
389 679 475 729 aquam.
484 667 608 730 ponebant.
621 665 669 717 Sed
679 665 733 729 quin
743 664 789 714 ista
801 665 883 729 positio
896 680 944 729 per

136 746 203 784 ueras
223 735 321 786 rationes
336 736 392 786 laisa
411 738 600 801 deprehenditur,
619 750 664 787 non
684 740 721 786 est
738 736 856 785 dicendum
874 737 943 787 bunc

136 818 188 857 esse
199 805 472 873 intelleobrrnsoripturae.
483 810 529 860 Sed
539 808 727 859 oonsideraudom
737 810 773 857 est
779 805 838 871 qubd
848 808 943 872 Moyses

137 875 187 927 rodi
201 879 285 942 populo
300 880 446 943 loquebatur,
461 894 557 943 quonum
572 876 722 929 imbecillitati
738 880 941 943 oondesoendens,

137 946 176 998 illa
187 947 260 999 solium
270 950 304 1001 eis
318 951 496 1014 proposuitque
508 948 628 1001 manifeste
638 948 716 1001 sensui
726 952 844 1013 apparent.
853 950 943 1003 Omnes

138 1022 215 1069 nutem
232 1025 431 1087 quantumcunque
448 1024 518 1073 rudes
536 1026 619 1073 terram
638 1024 663 1071 et
677 1033 757 1083 aquom
775 1034 827 1070 esse
844 1033 943 1084 corpora

139 1103 210 1141 seusu
231 1092 413 1158 deprehenduut;
429 1107 467 1143 uer
487 1096 563 1145 autem
581 1106 629 1143 non
645 1092 766 1156 percipitur
787 1092 815 1141 ab
834 1093 944 1144 omnibus

138 1174 189 1212 esse
200 1176 291 1227 eorpus,
305 1165 330 1214 in
344 1168 453 1227 quantum
466 1164 607 1228 quodetiam
616 1163 708 1227 qnidam
720 1162 851 1227 philosophi
861 1176 943 1213 nerem

138 1233 245 1286 dixerunt
253 1234 311 1285 nibil
321 1248 387 1299 esse,
397 1236 490 1300 plenum
503 1248 556 1285 aere
565 1248 673 1285 nocuum
685 1233 838 1283 nominantes.
849 1234 943 1285 ntideo

138 1302 229 1367 Moyses
244 1307 272 1356 de
289 1319 348 1370 aquo
361 1311 384 1356 et
401 1310 461 1357 terra
478 1306 619 1357 mentionem
633 1306 688 1357 laeit
704 1318 850 1369 expressam,
862 1318 944 1356 aerem

139 1381 216 1426 numm
235 1390 282 1429 non
299 1376 406 1443 expresse
424 1378 540 1441 nominat,
553 1392 583 1428 ne
600 1377 695 1428 rudibus
715 1376 820 1439 quiddam
834 1376 944 1439 ignotum

139 1452 284 1511 proponeret.
296 1451 327 1500 Ut
338 1453 415 1500 tamen
427 1450 549 1513 capacibus
558 1450 679 1499 ueritatem
689 1449 842 1512 exprimeret,
854 1446 894 1497 dat
906 1446 945 1498 lo-

139 1532 192 1567 eum
206 1520 347 1584 intelligendi
358 1534 433 1571 serem
446 1519 578 1583 significans
584 1520 659 1585 ipsum
667 1520 733 1584 quasi
741 1532 805 1582 aque
815 1531 943 1583 annexum,

139 1587 193 1639 edm
208 1590 264 1641 dicit
280 1590 341 1655 qudd
358 1591 486 1641 «tenebre
502 1594 567 1641 erunt
587 1604 655 1655 super
667 1590 749 1641 taciem
763 1590 853 1654 abyssi;
870 1605 885 1635 »
900 1605 946 1654 per

138 1661 200 1723 quod
214 1660 279 1711 datur
287 1658 383 1725 intelligi
393 1676 461 1727 snper
471 1661 553 1714 taciem
564 1676 629 1727 aqum
642 1676 693 1714 esse
702 1662 792 1727 aliquod
801 1675 884 1725 eorpus
894 1662 946 1713 dia·

139 1732 256 1797 phanum,
268 1734 328 1797 quod
342 1738 378 1785 est
392 1734 521 1798 subjeetum
539 1734 594 1786 lueis
607 1739 632 1787 et
649 1735 802 1787 tenebrarum.
820 1734 858 1783 Sio
870 1732 946 1797 igitur

140 1802 190 1853 sine
208 1818 249 1869 per
262 1805 428 1857 firmamentum
438 1805 593 1869 intelligamus
605 1808 688 1859 ooelum
699 1806 724 1854 iu
735 1818 780 1869 quo
791 1809 843 1855 sunt
856 1806 943 1869 sidera,

140 1877 188 1927 sive
202 1876 299 1941 spatium
316 1876 375 1927 aeris
392 1877 540 1940 nubilosum,
557 1878 721 1928 eonuenienter
735 1876 816 1927 dieitur
829 1877 890 1939 quod
904 1877 946 1926 lin

139 1952 281 1999 momentum
296 1947 377 2013 diuidit
387 1961 458 2012 aquas
467 1950 495 1999 ab
506 1949 580 2014 aquis,
591 1948 717 1999 seeunddm
727 1947 789 2013 qudd
801 1962 843 2011 per
859 1961 944 2011 aquam

140 2020 235 2070 rnateria
250 2020 355 2071 informis
368 2019 523 2085 significatur3
540 2023 578 2072 uel
590 2018 713 2073 seeundirm
727 2019 786 2084 qubd
801 2019 878 2069 omnia
892 2034 945 2070 eor-

139 2104 195 2154 pora
213 2092 326 2155 diapbana
341 2091 383 2142 sub
397 2092 558 2143 convenientia
575 2106 684 2156 aquarum
698 2090 870 2154 intelligentam
888 2105 945 2141 nam

140 2164 223 2213 eoelum
236 2163 348 2213 sidereum
361 2160 478 2226 distinguit
491 2177 587 2228 corpora
601 2163 709 2213 inleriora
718 2162 831 2226 diapbana
843 2161 857 2210 a
871 2176 944 2227 supe·

140 2234 245 2284 rioribus.
260 2237 304 2285 Aer
312 2232 367 2284 uerd
379 2234 494 2285 nubilosus
506 2234 624 2298 distinguit
633 2233 772 2297 superiorem
780 2234 839 2283 aeris
852 2239 944 2298 partem

140 2305 164 2355 in
177 2318 222 2369 qua
233 2306 473 2370 geuermturptuvis,
487 2310 511 2357 et
526 2306 657 2370 huiusmodi
672 2304 847 2369 impressiones,
858 2306 887 2355 ab
906 2306 945 2357 irr-

140 2378 218 2429 leriori
228 2378 369 2441 portatoris,
379 2392 430 2442 que
441 2391 505 2442 aque
514 2377 667 2441 eonnectitur,
681 2381 705 2428 et
714 2376 756 2427 sub
767 2378 859 2428 nomine
870 2390 945 2441 aqua-

140 2463 192 2499 rum
206 2448 351 2511 intelligitur.

172 2520 206 2570 nd
217 2520 315 2584 primum
327 2534 380 2583 ergo
390 2520 526 2583 dioeudum‚
540 2518 602 2583 qudd
613 2519 633 2569 si
643 2532 684 2583 per
694 2517 860 2568 firmamentum
873 2518 945 2570 intel-

137 2592 223 2656 ligatur
239 2593 320 2643 eoelum
339 2593 466 2651 sidereum.
481 2605 546 2655 aque
560 2591 689 2655 superiores
708 2602 755 2639 non
767 2594 821 2639 sunt
838 2590 944 2653 ejusdem

140 2662 225 2727 speciei
237 2677 287 2713 eum
295 2662 449 2715 interioribus.
459 2663 485 2715 Si
492 2667 569 2713 autem
577 2675 618 2725 per
627 2661 794 2711 firmamentum
802 2659 946 2723 intelligatur

141 2734 258 2785 nubilosus
269 2738 489 2799 sarmentisque
499 2747 562 2797 nque
576 2738 630 2784 suut
639 2733 743 2797 ejusdem
756 2732 854 2796 speciei,
869 2738 894 2783 et
903 2736 945 2785 de·

141 2878 220 2918 eareat
231 2873 371 2930 appellatum
387 2873 476 2919 scilieet
492 2869 546 2920 ἄνω
560 2869 644 2933 §danti
655 2882 685 2915 en
695 2870 885 2917 ioniendialeeto
898 2884 944 2928 pro

142 2940 195 2993 ἄνευ
210 2942 306 3005 fiteusi.
