1984 3309
172 159 204 195 DE
221 160 293 199 Plffl
309 162 409 201 1101111ῐὸ
424 162 607 215 anonumum,
623 165 677 203 ΠΕ.
776 158 823 203 887

45 231 107 296 aliquo
125 233 198 287 differt
214 252 219 285 ι
236 238 293 289 nuda
309 238 341 289 ibi
358 238 465 303 quantur
483 240 612 294 arduenna
628 242 668 292 ubi
683 245 720 295 ost
741 256 826 295 conue-

45 303 125 357 nientia.
136 308 164 361 Et
176 310 266 373 propter
281 310 325 360 hoc
338 315 427 375 oportet
436 311 563 362 differentia
571 326 622 364 erse
634 314 759 378 composita
768 328 825 377 quo

45 376 154 443 dammodo,
165 378 216 431 ciam
224 380 248 431 in
258 380 448 445 aliquc'diderant
461 387 484 434 et
496 384 520 433 iu
529 384 605 448 aliquo
618 386 764 436 conueniant.
781 386 826 437 ded

45 448 151 499 secuudum
167 452 226 514 hoe,
241 452 295 505 ticet
308 466 375 504 omne
388 454 495 505 differens
508 455 673 521 addicerentur,
690 461 826 509 nontamen

45 531 97 569 onae
104 521 213 575 diversum
221 528 256 575 est
263 524 411 585 didereusmt
418 526 500 576 dicitur
506 527 530 576 in
537 528 566 578 Χ.
575 528 710 593 ueaoptps.
720 532 787 587 (text.
794 534 825 579 aa

45 594 120 654 atta).
139 596 193 645 Nam
208 596 424 661 simpliciadiversa
437 601 491 653 sunt
504 599 657 663 seipsis‚non
670 601 826 651 tamendide·
882 642 886 648 .
970 673 972 681 k

45 667 86 713 ruunt
97 664 203 729 aliquibus
212 668 358 732 differentiis,
370 682 398 719 ex
406 670 488 733 quihus
500 673 672 735 componantur.
684 671 748 722 Sicut
759 674 826 724 homo

45 737 62 783 et
70 736 137 787 asinus
149 738 256 791 didernut
266 740 370 790 uadonaii
379 744 404 791 et
412 740 538 793 irrationati
550 742 694 807 differentiis,
706 744 736 794 de
745 744 827 809 quibus

47 815 81 855 acu
94 810 124 859 est
133 808 205 861 dicere
219 809 281 874 qudd
293 810 389 862 nlmnus
402 812 453 863 aliis
465 813 597 865 mdereutits
610 814 722 865 differant.

328 963 487 1017 aamcontts
502 966 530 1016 ΙΙ.

103 1078 180 1125 dtrr'em
195 1078 283 1125 anima
295 1080 327 1123 aid
335 1082 454 1137 producta
464 1083 490 1127 in
503 1095 549 1127 ease
557 1094 600 1141 per
608 1087 760 1131 creationem.

69 1194 94 1244 dd
102 1198 221 1249 secuudum
234 1196 267 1249 sic
278 1198 408 1263 proceditur
417 1200 459 1265 (ι).
472 1199 566 1251 Videtur
580 1202 640 1265 qudd
654 1204 730 1253 anima
740 1218 787 1258 nou
800 1206 830 1258 sit

48 1266 133 1324 producta
144 1269 169 1320 in
180 1284 234 1321 esse
242 1284 284 1335 per
293 1271 440 1323 creationem.
450 1273 514 1331 Quod
523 1272 582 1323 euim
593 1272 617 1322 in
630 1289 655 1324 sc
664 1276 734 1325 habet
743 1276 829 1341 aliquid

47 1339 147 1405 materiale,
160 1343 187 1392 fit
202 1356 232 1393 ex
245 1342 349 1391 materia.
362 1342 406 1393 Sed
419 1342 494 1393 anima
504 1342 573 1394 habet
585 1344 610 1394 iu
623 1360 647 1397 se
658 1345 742 1412 aliquid
756 1352 829 1399 rnam-

47 1408 95 1473 riae,
105 1412 152 1464 ciam
167 1429 212 1466 non
225 1414 257 1466 sit
270 1418 335 1465 actus
346 1429 423 1478 purus.
439 1416 499 1479 drgo
510 1416 585 1467 anima
595 1420 631 1468 est
645 1418 705 1467 iacta
718 1432 746 1469 ex
759 1424 829 1475 mato-

48 1478 79 1539 ι’ῐιῑ
93 1496 134 1535 non
144 1500 198 1551 ergo
212 1489 250 1538 est
262 1488 345 1537 creata.

68 1555 87 1601 2·
99 1554 221 1621 Preteroa,
235 1556 312 1609 omnis
325 1560 387 1608 actus
397 1558 496 1610 materiae
509 1560 606 1625 atioojus
620 1560 707 1611 videtur
720 1561 787 1612 educi
801 1563 829 1613 do

46 1626 128 1681 attenta
139 1630 255 1693 materiae3
271 1626 324 1679 cum
336 1628 396 1679 enim
406 1630 500 1681 materia
514 1631 543 1681 sit
557 1631 580 1682 in
591 1632 694 1700 potentia
705 1634 733 1681 ad
742 1636 827 1697 aetum,

46 1696 94 1746 actus
102 1700 192 1762 quilibet
203 1700 332 1767 praeexistit
345 1702 369 1751 iu
381 1702 475 1753 materia
488 1702 639 1767 inpotentia.
653 1704 696 1754 Sed
710 1703 785 1755 anima
794 1708 830 1755 est

47 1769 94 1817 actus
104 1772 202 1823 materiae
217 1770 341 1837 corporalis
354 1811 360 1837 ,
373 1775 398 1821 ut
409 1786 439 1823 eu
449 1773 501 1838 ejus
512 1773 645 1825 diffinitione
655 1778 756 1838 apparet.
772 1776 830 1839 Ergo

47 1837 103 1893 anima
112 1843 214 1895 educitur
226 1846 255 1895 de
267 1844 370 1909 potentia
383 1844 491 1897 materiae.

69 1915 86 1961 ι.
98 1914 208 1967 praterea
215 1954 225 1981 ‚
241 1916 317 1967 anima
333 1920 369 1967 est
381 1917 453 1968 forma
468 1917 581 1981 quaedam.
595 1916 618 1967 Si
634 1917 705 1981 igitur
718 1916 796 1966 anima
805 1917 831 1967 fit

47 1988 233 2051 coronationem,
251 1988 302 2055 pari
319 1988 404 2039 ratione
419 2002 499 2039 cnrnes
515 1989 565 2039 aliae
578 1989 667 2039 forme.
683 1990 711 2038 Et
722 1988 755 2038 sic
768 1989 830 2038 nulla

48 2049 100 2105 sema
109 2058 178 2109 exibit
194 2060 219 2111 in
230 2074 282 2109 cese
290 2072 331 2125 per
341 2060 511 2123 generationem
523 2075 528 2109 :
539 2060 599 2123 quod
610 2063 645 2110 est
658 2058 829 2111 inconvenieus.

69 2124 103 2177 Sed
114 2133 189 2183 eontra
201 2136 252 2197 est,
267 2133 327 2199 quod
343 2131 426 2182 dicitur
438 2132 509 2192 Gom,
521 2133 546 2181 1:
561 2149 574 2178 «
585 2130 675 2181 Creauit
687 2132 747 2181 Deus
756 2130 831 2181 domi-

48 2208 85 2247 tem
96 2201 121 2252 ad
136 2203 260 2269 imaginem
275 2217 349 2254 suam.
362 2221 375 2251 u
390 2206 430 2255 Est
444 2210 519 2254 autem
533 2206 601 2255 homo
615 2202 644 2253 ad
654 2203 776 2265 imaginem
789 2205 832 2255 [tei

48 2272 152 2325 seomddm
166 2277 275 2329 animam.
291 2276 350 2343 Ergo
368 2275 444 2339 anima
454 2276 526 2328 exivit
535 2277 560 2325 in
571 2290 622 2325 esee
632 2288 673 2341 per
684 2275 830 2327 creationem.

72 2342 222 2403 (cormesio.
232 2374 262 2385 -
277 2344 333 2397 Cium
354 2348 435 2399 animae
451 2347 555 2397 rationaii
572 2348 632 2397 sicut
647 2346 831 2406 caecitudinem

48 2410 93 2468 fieri
100 2418 188 2484 proprie
202 2422 327 2485 competat,
337 2432 383 2471 non
392 2418 464 2484 possit
475 2423 551 2469 numm
563 2418 612 2469 sueri
625 2431 653 2468 ex
666 2418 761 2469 materia
772 2434 832 2487 pra-

47 2481 127 2555 esente,
137 2495 290 2545 neeessariam
304 2497 401 2544 osteum
414 2494 547 2561 productam
559 2506 608 2543 esse
617 2507 658 2557 per
667 2491 830 2557 creationem.)

70 2558 192 2626 despondeo
207 2566 338 2629 dicendum,
347 2562 407 2629 qudd
417 2565 491 2615 anima
505 2563 621 2614 rationalis
633 2577 679 2614 non
693 2567 770 2629 potest
784 2564 834 2615 fieri

74 2701 98 2765 [1)
111 2710 189 2757 Dahis
203 2712 275 2759 etiam
290 2710 364 2770 inimi,
381 2724 421 2768 qu.
435 2705 494 2770 118',
508 2716 552 2757 art.
564 2712 592 2764 23
606 2716 629 2757 et
642 2709 720 2761 Seni„
734 2712 787 2756 dist.
798 2712 831 2768 8,

50 2774 78 2815 ιι-
87 2770 110 2827 2,
125 2780 166 2819 art.
179 2774 192 2819 1
205 2782 229 2821 et
244 2776 267 2828 2;
284 2780 307 2819 et
319 2788 359 2831 qu.
375 2774 405 2831 3,
418 2774 446 2819 do
457 2780 559 2832 potent,
578 2781 623 2819 art.
636 2774 659 2827 9;
673 2781 697 2819 et
707 2773 833 2831 Quodlid„

51 2826 82 2883 ffir
95 2840 133 2879 art.
152 2836 193 2890 112
210 2844 235 2883 et
255 2841 358 2899 Operae„
374 2840 419 2898 111,
439 2850 492 2893 cap.
508 2837 547 2891 93,
566 2836 620 2896 131,
635 2837 682 2881 22⁹
699 2843 724 2881 et
737 2836 795 2887 2303
809 2841 833 2879 ot

52 2887 133 2950 Opere„
146 2902 239 2949 xxvssl
247 2935 254 2963 ‚
269 2913 323 2963 cap.
337 2900 365 2957 ὃς
382 2907 406 2948 et
420 2901 512 2949 Contra
525 2901 607 2955 Gerra,
620 2900 662 2948 lita.
673 2901 709 2961 11,
723 2910 777 2957 cap.
791 2897 831 2943 87,
