1984 3309
119 106 164 155 stt
255 115 330 153 ιιιιιι
348 114 475 163 sanutus,
492 113 585 158 oomsr.
602 112 667 163 xvn,
685 110 744 151 narr.
764 114 790 150 v.

119 196 158 258 qui
172 193 294 244 uoloumtis
310 196 374 241 notus
389 191 409 240 si
425 190 508 240 iterum
520 189 657 253 imperatur,
673 189 735 239 illud
757 190 845 241 iterum
857 190 925 254 inope

118 266 177 315 rium
190 266 303 330 praecedet
317 264 398 327 aliquis
408 262 504 311 rationis
518 263 595 321 aetus,
610 267 633 311 et
651 260 686 311 sie
697 263 725 311 in
738 261 868 313 infinitum.
881 264 926 312 Hoc

119 342 195 389 autem
214 341 249 387 est
268 335 429 387 inconveniens
447 334 508 398 qndd
528 336 665 397 procedatur
682 332 708 383 in
730 334 864 386 infinitum
878 336 927 385 don

119 424 174 473 ergo
188 414 253 460 aetus
264 408 391 459 voluntatis
403 406 535 471 imperatur.

152 482 196 531 Sed
216 483 291 531 contra
305 495 310 527 :
325 492 393 528 omne
409 478 469 541 quod
487 476 560 528 estin
579 480 693 541 potestate
713 481 811 539 nostra,
827 478 927 542 suhjacet
974 509 976 536 ἱ

119 552 215 616 imperio
226 555 312 602 nostro.
325 551 443 601 Seductus
456 548 580 600 voluntatis
593 549 760 601 mutuarint
774 548 801 598 iu
813 552 925 613 potestate
974 547 976 570 ²

119 629 211 688 nostra;
223 636 274 674 nam
285 636 365 674 omnes
374 627 438 673 aetus
447 621 519 673 nostri
529 622 554 673 in
561 624 651 671 tanturn
660 621 771 671 dieantur
779 622 804 671 iu
815 625 926 686 potestate

120 701 197 748 nostra
213 709 272 758 esse,
286 695 311 745 in
323 694 433 760 quantuin
443 692 567 744 uoluntarii
576 691 682 757 suuttt).
692 693 754 762 Ergo
768 696 836 744 aetus
848 692 976 743 votem-

119 769 173 818 tatis
187 768 327 832 imperantur
340 766 353 817 ι
364 766 440 818 nobis.

154 843 309 921 (Gouonusro.
324 868 354 878 -
370 840 426 891 Ciun
443 839 502 889 ratio
514 837 587 902 possit
605 838 634 887 de
650 836 779 888 uoluntatis
795 840 851 887 actu
866 836 926 887 ordi-

120 925 187 974 nare
198 911 293 961 eidem¹
286 910 393 975 tmperari
407 910 518 959 'aratione
537 907 689 958 necessarium
708 903 768 964 est.)

152 984 286 1047 despondeo
301 982 434 1045 dicendum,
450 980 511 1043 qudd
525 979 583 1030 sieut
598 978 683 1029 dietum
700 982 737 1028 est
747 978 810 1042 (art.
821 978 891 1041 1),“
883 993 926 1028 rm·

120 1056 207 1119 perium
228 1054 285 1103 sinn
304 1053 362 1102 atiud
382 1056 416 1103 est
438 1052 507 1116 qutm
523 1055 588 1102 aetus
608 1050 705 1101 rationis
728 1050 858 1101 ordinantis
874 1062 925 1100 eum

119 1128 216 1191 quadam
235 1125 335 1175 motione
349 1126 376 1175 ad
391 1123 475 1187 aliquid
494 1123 614 1187 agendum.
632 1122 781 1172 Manifestum
794 1125 833 1173 est
849 1126 923 1172 autem

120 1198 180 1262 qudd
194 1196 251 1247 ratio
264 1200 339 1262 potest
352 1196 456 1247 ordinere
471 1198 498 1247 de
512 1200 566 1246 autu
581 1194 721 1255 voluntatis·
737 1195 797 1245 sieut
810 1196 875 1245 euim
884 1208 924 1260 po

120 1273 166 1319 test
181 1268 282 1333 judicare
294 1267 354 1331 qndd
364 1268 449 1317 bonurn
463 1266 492 1317 sit
503 1266 587 1330 aliquid
602 1266 673 1327 velle,
686 1266 719 1315 ita
732 1269 810 1329 potest
819 1267 922 1317 ordinare

121 1340 251 1405 rmperando
261 1339 321 1403 quod
329 1340 397 1389 homo
409 1338 479 1388 vetit:
489 1351 518 1389 er
526 1350 572 1401 quo
582 1339 644 1401 patet
652 1336 714 1401 quod
723 1340 792 1388 aetus
801 1340 923 1389 voluntatus

121 1415 261 1475 potestesse
277 1412 410 1475 imperatus.

153 1482 186 1531 nd
199 1482 294 1562 primunr
309 1494 362 1544 ergo
382 1482 514 1542 dicendum,
534 1480 594 1543 qudd
609 1480 668 1529 siout
684 1481 827 1541 augustinus
841 1481 922 1532 ibidem

121 1554 189 1617 dicit,
204 1571 218 1601 n
234 1552 323 1603 unimus
339 1554 429 1616 qnando
447 1551 549 1615 perfecte
563 1551 658 1614 imperat
673 1550 717 1599 siti
736 1557 764 1602 ut
782 1553 853 1616 velit,
873 1558 923 1603 tuno

119 1628 166 1689 jaro
182 1626 242 1689 ιιιι;
255 1641 268 1672 n
279 1626 320 1675 sed
329 1624 388 1688 qudd
398 1623 521 1687 aliquando
531 1622 628 1687 imperet
638 1626 663 1673 et
675 1635 722 1672 non
733 1623 805 1684 uelit,
817 1626 864 1675 hoo
872 1638 923 1676 oon-

122 1696 188 1761 tiugit
205 1710 233 1746 ex
250 1698 293 1746 troo
307 1696 366 1760 qudd
382 1710 427 1746 non
439 1694 539 1759 perfecte
553 1695 658 1759 imperat.
673 1695 839 1757 Imperfectum
850 1701 922 1746 auteur

119 1768 239 1832 imperium
251 1768 365 1830 contingit
379 1780 408 1817 ex
418 1768 461 1816 troo
474 1764 535 1829 qndd
546 1765 603 1816 ratio
613 1778 644 1815 er
654 1764 751 1815 dirersis
759 1768 866 1831 partious
877 1782 922 1819 roo

120 1843 186 1890 vetur
199 1838 226 1888 ad
241 1839 412 1903 imperandum,
422 1839 460 1888 rel
472 1839 501 1887 ad
510 1850 557 1887 nou
566 1838 723 1901 imperandum
736 1853 742 1888 :
758 1840 820 1889 unde
831 1841 922 1891 duetuat

120 1912 248 1972 interduo,
262 1914 285 1961 et
296 1924 342 1961 non
357 1909 457 1975 perteetd
470 1909 574 1975 imperat.

151 1984 184 2034 nd
198 1983 322 2034 seeundum
332 1982 460 2043 dicendum,
471 1980 530 2045 dudd
542 1981 601 2031 sicud
610 1982 636 2031 in
644 1982 756 2033 membris
767 1984 920 2048 rorpomlibus

120 2056 235 2119 quodlibet
250 2055 376 2105 membrum
388 2057 493 2117 operatur
513 2067 558 2103 non
573 2053 617 2103 sibi
634 2054 691 2113 soii,
706 2054 748 2104 sed
762 2056 807 2106 toti
820 2055 921 2120 corpori,

120 2130 145 2177 ut
158 2128 237 2178 oeulos
251 2126 312 2177 videt
321 2125 362 2176 toti
375 2125 477 2189 eorpori3
491 2124 525 2173 ita'
537 2124 607 2174 etiam
617 2128 653 2175 est
667 2124 692 2173 in
702 2127 818 2190 potentiis
830 2129 919 2190 anime,

120 2211 173 2247 nam
188 2198 315 2249 intedeetus
329 2196 438 2261 intottigit
451 2210 497 2247 non
512 2196 586 2247 sottum
596 2195 653 2259 sibi,
665 2198 706 2247 sod
720 2199 831 2251 omuibus
845 2204 922 2265 poten·

153 2341 184 2405 (t)
198 2346 233 2390 Sin
251 2346 404 2403 Augustinus,
425 2344 549 2389 Delibero
569 2344 670 2394 ortdtr„
682 2345 725 2390 tib.
748 2347 799 2407 m,
815 2358 870 2403 esp.
887 2346 900 2390 1
915 2363 920 2389 :

120 2408 196 2453 Motus
212 2420 259 2464 queo
276 2410 323 2453 tue
339 2412 382 2453 utet
397 2408 460 2452 titur
477 2408 591 2452 notantes
612 2410 784 2458 conuertitur,
797 2412 852 2456 nint·
870 2413 922 2455 esset

120 2472 275 2517 uotnoetorius
297 2475 369 2528 atque
384 2472 414 2517 io
433 2475 518 2517 nostro
536 2473 665 2527 potestate,
681 2483 760 2528 neque
782 2473 922 2519 tum-des

120 2537 176 2580 esset
190 2533 258 2579 domo
272 2533 326 2577 eiam
340 2534 371 2579 od
381 2534 523 2592 superiora,
534 2545 611 2590 nepae
621 2533 763 2591 culpandus
772 2537 830 2581 edane
839 2536 871 2581 ad
883 2537 921 2580 in·

119 2598 216 2657 sandoro
244 2597 365 2651 detorquet
387 2598 457 2653 quoae·
478 2597 604 2656 quemdam
626 2597 753 2643 cardinem
774 2599 919 2651 uoluntatis:

119 2672 194 2716 neque
208 2659 306 2702 omnino
320 2658 454 2702 monendus
464 2663 521 2704 esset
533 2663 560 2703 ut
574 2660 613 2703 die
626 2660 740 2716 aequetis
751 2665 845 2707 aeterna
855 2661 920 2706 eoiret

120 2720 241 2776 adipisci,
255 2723 324 2775 atque
342 2723 369 2762 ot
387 2720 448 2763 maid
471 2722 545 2766 nollet
559 2723 655 2771 ninere,
668 2723 739 2767 veltet
756 2729 839 2769 nutem
856 2724 918 2768 dent.

120 2780 169 2822 Hoe
184 2784 262 2825 autem
278 2792 329 2823 non
342 2792 389 2823 esea
408 2784 556 2827 monendum
573 2784 693 2829 tonnam
706 2786 821 2844 quisquis
839 2786 919 2831 eze-teta·-

120 2844 182 2889 mot
194 2842 222 2887 de
234 2842 361 2887 dominum
377 2854 480 2889 numero
494 2846 699 2894 mammete:
714 2852 757 2895 eet.
