1984 3309
140 88 187 135 8⁴2
275 96 349 135 emma
366 94 493 143 ammom,
510 92 605 137 aanor,
621 93 688 141 rum,
704 91 763 131 aar.
780 91 816 131 w.

171 179 195 224 a.
208 175 327 231 Praemrea.
340 184 488 236 quocumque
506 173 604 235 possunt
612 171 641 220 ab
649 169 755 219 iuuioem
764 169 880 233 separari,
894 175 942 217 sum

139 247 242 308 diversa,
257 245 316 295 nihil
327 243 387 293 enim
404 241 544 307 separaturi
557 256 582 293 ae
596 246 655 305 ipso.
675 242 723 291 Sed
741 242 867 304 aliquando
883 245 942 288 amus

141 319 265 383 imperatus
274 317 390 380 separatur
401 314 430 364 ab
444 314 557 379 imperio,
566 313 674 378 praeoedit
683 314 749 363 euim
760 314 897 377 quaudoque
906 312 943 359 im-

141 391 229 455 perium
242 391 266 439 et
280 400 326 437 noa
341 387 442 449 sequitur
456 390 522 437 actus
537 386 670 450 imperatus.
682 386 744 447 Ergo
762 386 824 435 alius
837 389 901 434 aubis
913 388 944 432 est

141 461 260 525 imperium
275 459 304 507 ab
318 461 370 507 aoiu
386 457 505 522 imperabo.

174 533 340 593 miratores,
359 542 509 593 quacumque
528 542 552 581 so
572 530 657 579 babent
675 529 807 578 seeundum
828 531 905 592 prins
925 532 945 575 et

139 604 280 668 posterius,
300 604 354 651 aunt
373 601 471 651 diuersa.
491 602 537 652 Sed
557 601 678 665 imperium
692 600 833 650 naturaliter
845 599 946 663 procedi

141 679 214 725 actum
230 674 374 736 imperatum.
391 673 449 735 Ergo
463 673 629 723 audiditores.

93 798 101 814 .
174 747 219 796 Sed
240 747 316 795 contra
337 748 388 807 ast,
400 745 460 808 quod
476 745 629 809 Philosophus
645 744 716 805 dicit,
734 745 799 808 quod
825 761 841 792 n
855 743 895 792 ubi
915 748 948 791 est

143 832 213 867 uuum
225 820 316 881 propter
328 817 435 879 allorum,
445 816 478 868 ibi
494 821 615 867 estunam
625 820 724 867 motum.
739 817 815 866 »Sed
829 820 898 866 actus
908 815 947 864 im·
972 861 974 878 ἰ

144 893 237 953 paratus
253 901 300 939 non
318 892 353 939 est
367 888 413 939 nisi
428 892 520 953 propter
531 888 661 953 imperium.
676 889 736 952 Ergo
748 890 806 938 sunt
821 900 904 936 uotam.
972 905 974 976 q

177 962 338 1022 (Conclusio.
351 986 383 997 -
394 960 518 1024 Imperium
532 964 555 1011 el
565 964 630 1012 actus
646 961 772 1024 imperatus
784 962 842 1010 suut
852 973 913 1009 unus
927 963 945 1007 el
972 993 974 1026 Ι

144 1033 206 1083 idem
218 1036 281 1081 aolus
295 1033 423 1094 humanus,
435 1032 494 1083 siout
508 1034 621 1096 quoddam
637 1036 726 1092 totum,
738 1030 806 1080 mulli
820 1036 902 1081 aulem
915 1044 945 1079 se·
972 1033 974 1092 !

144 1104 243 1153 cundum
259 1100 358 1167 partes).
972 1123 974 1156 ε

177 1175 312 1237 Respondes
333 1174 468 1237 dicendum,
482 1176 543 1239 quod
555 1175 612 1225 nibil
628 1175 735 1239 probibet
749 1174 830 1237 aliqua
847 1187 900 1224 esse
915 1188 945 1223 se-
972 1185 974 1208 ³

146 1246 244 1297 cundum
256 1246 310 1310 quid
327 1247 398 1298 mulla
403 1282 411 1309 ‚
421 1250 445 1297 el
453 1247 579 1297 aaouudum
590 1246 646 1311 quid
655 1259 740 1309 unum;
752 1245 863 1307 quinimo
874 1245 944 1295 omnia

146 1316 216 1367 multa
231 1323 285 1369 sunt
298 1320 421 1369 meandum
439 1318 524 1381 aliquid
538 1334 633 1381 mum,
642 1322 668 1368 ut
683 1318 807 1383 Dionysius
822 1318 893 1381 dieii,
907 1318 941 1365 ult.

145 1402 197 1451 cap.
211 1390 247 1439 De
263 1390 316 1440 diu.
331 1392 406 1440 Nom.
424 1391 464 1440 Esl
474 1393 553 1440 tamen
562 1389 691 1441 differentia
702 1390 847 1440 attondenda
859 1389 884 1438 iu
897 1391 942 1447 boe⁷
972 1389 974 1432 l

145 1461 206 1524 quod
215 1462 317 1524 quaedam
328 1467 381 1513 sunt
390 1462 525 1526 aimpboiter
536 1462 619 1522 multa,
631 1466 655 1511 el
666 1463 794 1512 secuudum
803 1462 863 1525 quid
870 1474 942 1520 uuum
972 1441 974 1466 ¹

146 1532 249 1595 quadam
263 1546 317 1585 vero
327 1532 459 1585 econverso
472 1549 478 1583 :
491 1547 563 1585 unum
573 1537 651 1585 autem
659 1536 705 1583 boo
715 1534 784 1584 modo
797 1533 883 1583 dieitur
892 1531 943 1582 siem
972 1529 974 1580 Ξ

147 1607 171 1652 et
181 1616 231 1654 ens.
240 1606 286 1655 Ens
294 1609 371 1656 autem
381 1604 516 1669 simpliciter
524 1607 561 1655 est
569 1604 710 1667 substantia3
720 1605 816 1655 sedens
825 1605 944 1655 secuudum

142 1674 248 1739 quidest
261 1676 378 1741 abcidens,
391 1677 429 1727 uel
443 1676 513 1727 eliam
527 1689 569 1726 ens
578 1676 682 1726 rationis.
692 1676 722 1725 lit
734 1676 789 1726 ideo
800 1688 944 1738 quatumque

148 1748 201 1794 sunt
214 1760 284 1795 uuum
297 1750 425 1799 secundum,
435 1749 598 1809 substantiam,
613 1751 668 1799 suut
681 1762 755 1798 unum
767 1748 911 1811 simpliciter,
924 1751 942 1793 et

147 1817 219 1867 mulia
231 1818 354 1868 seeundum
369 1820 435 1883 qnid3
452 1820 511 1870 siout
522 1822 597 1870 totum
610 1819 634 1868 in
646 1831 729 1882 genere
740 1818 878 1869 substantia
889 1830 943 1866 mu·

149 1888 249 1953 positum
262 1903 291 1939 ex
303 1891 351 1940 suis
364 1891 478 1955 partibus,
493 1892 531 1942 uel
547 1891 709 1955 integralibus,
723 1890 762 1941 val
777 1890 942 1948 essentialibus,

148 1964 183 2014 esi
197 1976 267 2011 uuum
278 1962 423 2027 simpliciam
437 1976 490 2014 nam
505 1967 577 2015 tolum
590 1968 626 2014 ost
636 1977 677 2013 eus
686 1967 709 2014 el
722 1962 856 2013 substantia
865 1960 943 2023 simpli-

150 2034 215 2099 citer,
231 2038 307 2098 parles
322 2048 376 2085 vero
387 2044 441 2085 sunl
455 2038 519 2087 entia
529 2041 553 2086 et
567 2036 699 2087 substantie
710 2036 736 2085 iu
750 2038 809 2087 toto.
825 2036 883 2094 Qum
898 2045 943 2081 uero

149 2110 203 2157 siunt
219 2106 307 2157 diversa
320 2108 443 2157 secundum
463 2108 614 2158 substantiam
630 2112 654 2158 et
666 2120 741 2157 unum
756 2106 885 2157 seeundum
894 2104 942 2153 aeci·
972 2145 974 2152 .

150 2180 219 2241 dens,
234 2182 286 2229 sunl
299 2178 390 2229 diversa
403 2180 536 2243 simpliciter
548 2184 572 2231 et
582 2193 653 2232 unum
666 2178 796 2228 secuudum
809 2178 867 2241 quid
880 2177 942 2225 :sieut

150 2249 216 2299 multi
229 2249 335 2303 homiues
348 2255 401 2301 sunt
418 2264 478 2301 unus
492 2252 601 2316 populus,
613 2254 638 2301 ot
648 2250 714 2301 multi
724 2249 816 2313 lapides
830 2252 885 2299 suut
895 2259 942 2296 unm

150 2334 260 2385 acervus,
276 2337 327 2387 quo
342 2327 377 2374 est
396 2322 471 2374 unitas
491 2322 662 2388 compositionis
678 2326 719 2373 aut
734 2321 832 2372 ordinis.
848 2319 942 2371 Similiter

150 2392 220 2443 etlam
233 2394 302 2443 multa
314 2395 444 2457 individua,
456 2408 506 2459 quae
517 2398 572 2445 suat
580 2407 652 2444 uuum
663 2404 746 2456 genere
754 2393 793 2442 uel
804 2391 891 2455 spede,
898 2391 941 2438 suut

151 2463 285 2527 simpliciter
301 2467 387 2528 multa,
405 2470 428 2517 et
445 2467 569 2518 seeundum
585 2466 639 2530 quid
656 2478 741 2527 unum3
753 2477 810 2513 nam
823 2476 874 2513 esse
883 2472 942 2511 uum

151 2549 234 2602 genere
255 2540 278 2587 et
299 2538 389 2601 specie,
402 2543 438 2589 est
456 2552 506 2589 esse
520 2552 591 2588 uuum
608 2538 735 2589 seeundum
751 2536 874 2586 rationem.
891 2533 942 2583 Siout

151 2612 226 2659 atatem
240 2608 264 2657 iu
281 2621 363 2671 genere
376 2622 451 2666 rerum
465 2610 601 2660 naturalium
614 2608 706 2673 aliquod
721 2610 795 2658 totum
812 2604 942 2670 compsalblr

151 2694 179 2730 ex
195 2679 289 2730 materia
303 2683 326 2729 et
345 2680 431 2743 iorma,
446 2684 471 2730 ut
485 2683 552 2731 bomo
571 2694 601 2731 ex
613 2680 690 2730 anima
701 2682 725 2729 el
738 2690 847 2741 corpore,
861 2675 898 2739 qui
914 2677 941 2720 est

152 2764 230 2798 onom
244 2747 369 2804 balniolo.
380 2749 435 2801 lieet
445 2750 708 2803 babeatmullitudinem
717 2748 830 2814 pardum
839 2745 940 2797 inediam

151 2816 175 2864 iu
193 2818 280 2869 aclibus
297 2818 403 2869 humanis
422 2824 487 2873 aolus
507 2822 622 2875 inferioris
641 2821 751 2887 pseudo
767 2817 908 2871 mamuodm
919 2825 940 2863 ti
