1984 3309
222 117 251 155 uu
266 116 366 156 nortus
384 116 510 159 rrrroaarra
525 118 542 155 a
556 110 708 159 vouunrarrl
817 112 864 159 aaa

55 196 121 315 ritu?
132 206 181 314 pon
192 193 223 244 sit
230 196 297 313 tartua
310 194 403 245 rationis
411 194 525 258 abaolutl,
536 195 576 246 sad
584 209 636 245 oum
647 196 742 259 quadam
751 196 862 261 motione,

56 280 72 314 n
114 278 138 315 ro
150 278 189 315 um
203 278 228 315 es
240 300 246 313 .

359 338 521 389 laureolos
536 340 565 387 ll.

164 444 249 489 Utralm
259 444 377 501 imperare
384 446 505 503 pertineat
514 447 546 491 aa
557 447 676 492 animalia
691 446 769 493 mlo.

94 555 129 605 bal
140 554 266 604 monadum
281 555 313 603 sic
325 555 464 619 proceditur.
474 555 570 605 Videtur
584 556 645 619 quoi
654 556 766 621 impurare
781 568 865 607 uonna·

59 628 112 677 nial
131 626 206 677 brutis
227 625 370 677 animalibus.
389 626 460 688 Quia,
478 628 602 677 monadum
626 627 778 692 briotnam,
796 628 867 678 uirtus

61 700 182 761 imperans
195 700 281 747 motum
292 701 326 747 ost
335 699 474 763 appetitiva3
487 701 510 749 et
521 699 594 749 uirtus
605 712 720 762 araurem
729 703 816 749 motam
828 701 866 749 oat

60 770 87 819 iu
103 767 214 819 musculis
227 771 251 819 at
264 768 289 819 in
303 769 389 820 nervia.
401 770 444 821 Sod
455 773 552 833 utraque
568 771 641 821 uirtus
652 773 688 820 ast
696 771 722 820 in
733 771 805 821 brutis
818 770 866 821 ani-

61 839 174 891 malibus.
187 840 247 903 Ergo
260 840 382 904 imparium
394 840 512 893 inuenitur
520 841 545 890 ia
556 842 631 892 brutia
644 841 789 891 animalibus.

96 917 122 961 a.
141 915 268 975 praterea,
286 914 314 963 da
327 914 413 965 ratione
427 915 487 965 servi
509 917 544 965 est
558 916 618 978 quod
635 913 657 963 ei
673 913 805 978 imperetur.
821 916 865 965 sod

62 998 148 1048 corpus
158 988 301 1047 comparatur
312 986 340 1035 ad
353 986 460 1047 animam,
471 986 529 1035 siout
539 1000 619 1036 seruus
629 986 657 1035 nd
668 984 796 1048 dominum,
806 985 866 1035 aiom

62 1054 120 1107 dicit
136 1054 288 1119 Philosophus
296 1058 320 1107 in
335 1060 353 1107 l.
365 1058 443 1107 rotat.
457 1058 516 1122 (cap.
527 1058 561 1121 l).
573 1059 633 1121 Ergo
641 1056 732 1121 corpori
741 1057 865 1121 impanatur

62 1128 93 1177 ab
103 1126 260 1179 animantiam
270 1129 294 1179 in
305 1128 391 1192 brutis,
402 1144 452 1193 qua
464 1133 519 1179 sunt
527 1131 653 1194 composita
660 1142 690 1179 ox
698 1129 773 1180 anima
784 1133 864 1179 atror-

62 1214 131 1264 pora.

99 1276 122 1323 3.
140 1270 268 1334 Proteraa,
285 1286 327 1338 por
342 1274 463 1337 imparium
477 1276 545 1324 bomo
561 1272 617 1323 facit
628 1274 739 1337 impetum
751 1273 779 1321 ad
798 1286 864 1335 apua.

64 1343 110 1394 Saul
127 1343 228 1407 impetus
242 1343 268 1393 in
284 1358 342 1408 opus
358 1345 475 1395 invonitur
488 1346 514 1395 in
531 1345 602 1394 brutis
618 1343 766 1405 animalibus,
780 1347 806 1391 nt
820 1344 865 1393 lla-

64 1426 188 1465 maaaenus
201 1414 255 1465 aiait
265 1415 312 1478 (ubi
322 1416 406 1480 supra).
417 1416 476 1479 llrgo
485 1416 510 1465 in
518 1416 591 1465 brutis
604 1414 739 1465 animalibus
750 1414 866 1463 inuenitur

63 1500 197 1551 imparium.

97 1558 144 1609 Sod
165 1562 256 1620 eontra,
270 1558 394 1623 imperium
413 1562 449 1609 eat
469 1563 532 1609 artus
554 1559 660 1623 rationis,
674 1563 701 1609 ut
721 1557 864 1609 boumont

64 1632 120 1696 (art.
134 1629 169 1693 l).
184 1630 229 1679 Sol
239 1630 345 1681 inbrutis
355 1644 401 1682 non
412 1634 447 1683 ast
458 1632 524 1683 ratio.
541 1632 600 1695 Ergo
609 1645 684 1695 noque
694 1630 824 1695 imparium.

99 1704 264 1769 (Conclusio.
276 1730 308 1740 -
321 1702 377 1755 Cirta
391 1704 502 1769 imperare
516 1708 548 1756 sit
562 1708 627 1755 aotns
638 1703 747 1765 rationis,
759 1703 867 1767 impossi-

64 1776 111 1826 bile
131 1777 168 1825 est
182 1774 315 1825 animalibus
327 1776 399 1827 brutis
412 1777 562 1841 convenire.)

98 1847 238 1911 Respondeo
253 1848 386 1911 dicandum,
401 1850 462 1913 quoa
476 1851 588 1915 imperare
600 1849 658 1899 nibil
672 1849 732 1899 alind
746 1853 782 1899 eat
801 1862 869 1912 quam

65 1921 174 1972 ordinare
189 1918 287 1984 aliquam
299 1920 325 1971 ad
342 1920 427 1984 aliquid
437 1922 548 1984 agendam
562 1935 614 1970 oum
628 1920 724 1983 prauam
740 1918 869 1968 intimativa

67 1991 180 2043 motione.
190 1991 297 2042 Orliuaro
309 1997 385 2043 aratam
397 1996 432 2042 ost
443 1993 550 2056 proprius
561 1996 626 2041 actus
638 1989 742 2040 rationis.
751 1989 816 2038 Unda
825 1988 868 2038 im·
898 2051 901 2055 A

66 2064 180 2129 possibile
192 2067 235 2114 -ast
253 2065 313 2127 quod
327 2064 352 2114 ln
369 2065 441 2115 brutia
457 2064 607 2126 animalibus,
622 2062 647 2111 in
666 2061 749 2123 qulbus
768 2072 816 2109 non
833 2063 870 2110 est

66 2137 136 2200 ratio,
152 2136 182 2186 sit
192 2137 267 2200 aliquo
277 2138 344 2188 modo
356 2134 485 2201 imperium.
531 2151 538 2161 ’

101 2210 135 2259 lo
150 2208 248 2272 primam
261 2221 315 2272 argo
331 2208 462 2270 dicendum,
474 2208 535 2273 qubd
544 2207 580 2256 ris
590 2204 715 2269 appetitiva
731 2202 814 2253 dicitur
826 2202 870 2253 im·

69 2293 152 2345 parare
167 2282 267 2342 motum,
279 2280 304 2330 in
319 2284 427 2343 quantam
441 2282 517 2331 morat
532 2277 643 2328 rabonem
654 2276 813 2339 imperantem.
826 2275 870 2325 Sed

69 2345 870 2415 booestsoluminbominibrus31nbrutisaatomanimalibusrirtm
919 2366 921 2371 ·

69 2424 198 2489 appetitiva
209 2436 256 2474 nun
269 2424 403 2488 eat‘proprie
416 2422 565 2486 imperativa,
581 2418 625 2468 nisi
636 2418 819 2483 lmperotioam
830 2431 872 2467 su·

70 2499 146 2546 matur
158 2494 220 2559 largb
230 2509 273 2560 pro
285 2498 388 2547 motivo.

102 2568 137 2618 bd
154 2568 276 2617 amandum
293 2568 427 2629 dicandum,
440 2566 500 2630 quod
512 2566 537 2614 in
546 2564 625 2614 brutis
640 2562 774 2612 animalibus
789 2572 872 2622 carpus

70 2638 164 2703 quidam
175 2640 244 2691 babet
254 2640 315 2691 uude
323 2639 421 2697 obediat
430 2640 470 2689 sed
480 2638 554 2687 aalma
562 2646 610 2686 non
618 2635 687 2685 babet
694 2634 756 2683 unda
764 2632 871 2696 imperat,

70 2712 183 2775 quianon
194 2712 262 2762 habet
273 2712 429 2763 uudeordiuet
441 2726 448 2760 a
463 2714 486 2761 et
499 2709 557 2759 ideo
568 2722 614 2759 non
628 2709 665 2758 ost
674 2706 708 2755 ibi
723 2703 781 2753 ratio
797 2702 874 2765 impe·

72 2783 158 2831 nantia
168 2785 192 2832 at
203 2783 325 2847 inoperati
332 2820 341 2843 ,
353 2782 392 2833 sad
408 2782 485 2833 solum
493 2781 615 2831 mareotis
627 2781 652 2829 ot
662 2777 736 2826 moti.

105 2855 139 2905 td
150 2853 243 2907 tortium
252 2854 388 2919 dicandam,
399 2852 460 2919 qabd
470 2852 535 2905 alitor
544 2851 660 2902 inuenitur
668 2848 768 2911 inpetus
777 2844 807 2895 ad
815 2856 873 2907 opum
