1984 3309
113 154 159 202 too
306 158 366 198 rana
379 161 403 210 1,
420 159 511 206 ooarsr.
530 158 600 208 nuri,
619 157 673 198 aar.
692 159 717 196 u.

112 254 160 290 nou
174 239 306 302 indigebant
315 237 451 288 animalibus
460 236 490 287 ad
503 236 660 288 nenessitatem
671 237 828 300 corporalem,
845 251 924 302 aeque

112 313 142 362 ad
152 313 321 373 tegumentum,
336 308 391 372 quia
405 309 462 359 nudi
478 311 544 359 erant
557 311 580 358 et
593 321 638 358 uon
652 307 840 373 erubescebant,
856 309 925 362 nullo

111 383 220 433 incitante
242 381 375 432 inordinatae
392 381 582 445 concupiscentiae
599 385 679 443 motu;
695 393 769 444 neque
785 382 815 432 ad
829 382 923 446 cibum

112 454 166 518 quia
175 452 353 517 lignisparadisi
364 454 525 517 uescebantur3
539 453 653 516 nequead
668 451 923 518 vehiculum,propter

112 525 213 590 eorporis
226 525 302 575 robur.
312 524 445 587 ludigebaut
453 528 532 574 tamffl
541 524 575 574 eis
587 525 615 574 ad
624 524 831 588 experimentalem
841 526 923 589 cogni-

111 599 197 648 tionem
213 598 346 648 sumendam
364 598 392 646 de
413 598 499 648 naturis
514 611 599 647 eorum.
618 598 682 655 Quod
704 596 865 658 significatum
887 604 924 649 est

112 684 153 734 per
165 671 210 719 boe
227 669 286 733 qudd
304 670 364 718 Deos
378 670 406 718 ad
424 682 477 719 eum
490 669 597 720 animalia
611 669 717 732 adduxit,
731 672 757 718 ut
772 668 807 719 eis
825 671 924 724 uomina

112 741 254 806 imponeret,
271 753 322 803 que
336 753 413 789 eorum
427 744 518 790 naturas
531 740 662 803 designent.

144 814 178 865 td
188 816 293 875 quartum
306 811 441 875 dicendum,
452 812 513 876 qudd
527 813 604 863 omnia
614 812 722 863 animalia
735 813 823 864 habent
838 829 922 879 quam-

113 886 166 935 dam
179 881 515 948 parneipationemiprudeutiae
529 887 552 934 et
562 884 671 946 rationis,
680 884 805 936 seonudirm
820 887 924 943 aestima·

113 958 200 1008 tionem
221 956 361 1020 naturalem,
376 970 404 1006 ex
423 970 469 1021 qua
489 956 601 1019 contingit
618 956 678 1020 qubd
701 971 768 1020 grues
792 963 923 1022 sequuntur

113 1031 207 1089 dudem,
217 1031 241 1080 et
254 1040 308 1092 apes
317 1027 427 1077 obediunt
440 1027 497 1090 regi.
513 1029 540 1076 iii
551 1027 585 1078 sio
594 1031 649 1078 tuno
664 1028 741 1079 omnia
752 1029 865 1080 animalia
879 1045 923 1094 per

113 1101 191 1164 seipsa
201 1099 290 1150 bomini
305 1099 473 1162 maduissent,
488 1098 547 1154 aaut
561 1113 622 1150 nuno
633 1099 736 1164 quaedam
752 1101 885 1152 domestica
898 1105 922 1156 ei

113 1172 231 1225 obediunt.

411 1254 570 1306 numenius
587 1255 617 1305 11.

171 1363 258 1410 Utritm
273 1364 342 1408 bomo
355 1362 474 1408 debuisset
486 1362 618 1408 dominium
628 1375 699 1420 saper
711 1374 792 1406 omues
801 1363 866 1408 aliea

448 1429 580 1471 creaturos.

145 1528 180 1578 ud
194 1529 319 1581 seeundum
335 1527 370 1577 sie
385 1527 523 1592 proaeditm.
537 1527 631 1578 Videtur
649 1526 709 1590 qabd
725 1528 801 1582 homo,
812 1542 859 1583 uon
878 1531 919 1580 ha-

113 1599 199 1649 buisset
216 1599 342 1650 dominium
359 1613 427 1663 super
438 1612 518 1649 omues
532 1599 588 1649 alias
603 1602 724 1650 oreabares.
741 1601 843 1662 Angelus
856 1602 920 1654 enim

114 1670 246 1720 naturaliter
262 1675 298 1720 est
307 1670 401 1734 majoris
416 1671 537 1734 potestatis
553 1670 621 1735 quam
634 1672 711 1730 homo,
724 1671 770 1720 Sed
789 1671 849 1722 siout
863 1674 921 1724 dioit

113 1741 264 1805 Augustinus,
278 1742 318 1790 ΠΙ.
337 1745 371 1790 De
385 1743 453 1791 Trio.
468 1742 536 1808 (oap.
552 1747 580 1806 8,
593 1746 618 1792 ut
632 1741 705 1806 intra,
720 1757 761 1806 qu.
776 1747 821 1807 do,
835 1749 878 1797 art.
893 1751 918 1810 2,

113 1812 257 1876 notabitur),
269 1814 365 1864 materia
378 1814 500 1878 corporalis
511 1814 706 1866 non'obedivisset
714 1816 742 1864 ad
752 1818 834 1867 nutum
844 1817 917 1868 etiam

114 1883 199 1934 sanetis
210 1884 305 1947 angelis.
316 1887 376 1948 Ergo
390 1885 462 1937 multb
476 1886 553 1938 minias
563 1887 650 1938 bomini
660 1887 688 1944 ¹in
700 1890 761 1937 statu
769 1885 917 1940 innocentiae„

146 1961 170 2009 ἰ
189 1959 314 2018 Praeterea,
327 1958 352 2006 in
366 1958 450 2022 paratis
461 1972 508 2009 nou
516 1962 572 2018 ¹suut
585 1960 613 2010 de
625 1959 711 2028 viribus
720 1957 801 2008 animm
816 1959 862 2010 uisi
875 1975 920 2010 uu-

114 2028 204 2087 tritiva‚
220 2032 243 2079 et
263 2029 431 2094 augmentative
449 2036 472 2080 et
489 2030 630 2094 generativa.
650 2029 690 2081 He
707 2033 782 2080 autem
799 2045 847 2082 non
864 2037 925 2084 sunt.

114 2104 173 2151 natae
187 2100 278 2161 obedire
295 2101 396 2162 rationi,
413 2104 439 2150 ut
456 2101 480 2151 in
493 2116 539 2152 uno
554 2105 577 2152 et
598 2102 680 2152 eodem
696 2101 790 2152 homine
811 2109 918 2167 apparet.

114 2173 172 2235 Ergo
189 2172 240 2222 edm
255 2172 379 2222 dominium
399 2176 514 2236 competat
533 2173 627 2224 homini
643 2173 767 2223 seeuudirm
784 2174 917 2240 rationem,

113 2240 203 2294 videtur
210 2243 269 2308 quiid
278 2245 346 2294 homo
356 2243 381 2292 iu
391 2247 452 2294 statu
460 2243 596 2294 innocentia
604 2259 650 2294 non
657 2245 810 2296 dominaretur
820 2246 918 2308 plantis.

145 2321 168 2364 3.
184 2318 314 2378 Praeterea,
325 2310 453 2379 quicunque
468 2316 597 2375 dominatur
611 2317 680 2367 alieni
695 2316 729 2366 rei
742 2355 748 2381 ‚
763 2321 839 2380 potest
856 2319 917 2370 illam

112 2401 162 2438 rem
180 2391 274 2438 mutare.
287 2388 333 2441 Sed
346 2390 414 2438 homo
429 2402 476 2452 uon
489 2389 604 2452 potuisset
619 2393 705 2440 rnutme
724 2403 816 2439 eorsum
831 2393 918 2442 orales-

11 2480 12 2483 *
113 2459 170 2508 tium
190 2472 326 2523 corporum,
344 2460 388 2510 hoo
399 2460 459 2510 enim
475 2462 545 2511 solius
559 2462 600 2512 Dei
615 2465 662 2522 est,
681 2466 706 2512 ut
724 2460 848 2526 Dionysius
862 2463 917 2516 dicit

114 2531 139 2579 in
152 2531 237 2594 Epist.
251 2531 285 2580 od
300 2531 384 2596 Potge.
395 2535 453 2596 Ergo
467 2547 513 2583 nou
529 2533 685 2586 dominabatur
694 2535 735 2588 eie.

146 2602 190 2652 Sed
204 2606 283 2652 eontra
296 2608 344 2665 est,
359 2605 420 2668 quod
431 2603 512 2655 dieitur
523 2605 593 2662 Gen„
609 2607 636 2669 L,
646 2607 674 2657 de
687 2605 796 2658 bomine:
811 2623 825 2654 u
836 2608 917 2660 Presit

115 2674 228 2724 universa
238 2679 355 2726 creature.
371 2692 385 2722 u

147 2737 305 2813 (Concursro.
314 2775 344 2785 -
355 2749 426 2800 Homo
439 2764 485 2801 non
494 2749 654 2802 dominabatur
668 2750 761 2814 augelis,
774 2752 815 2802 sed
825 2752 914 2805 animu-

116 2819 188 2876 libus‚
199 2819 345 2883 imperand03
359 2821 443 2884 plantis
461 2821 516 2872 verb
530 2826 552 2872 et
567 2821 713 2888 inanimatis,
727 2825 812 2874 ruendo
833 2825 914 2888 absque

115 2890 161 2941 ullo
177 2890 367 2957 impedimento.)
