1984 3309
254 161 288 197 ns
304 160 395 199 umorve
410 161 494 202 auru
511 163 544 201 an
560 164 659 203 comos.
811 157 856 205 ιιι

50 238 109 300 quod
117 238 198 288 anima
207 242 245 288 est
257 241 323 287 actus
335 237 437 301 corporis
445 240 542 305 physici,
553 240 664 305 organici,
676 242 777 307 potentia
787 243 858 295 vitam

49 311 162 361 habentis.

80 383 242 447 (Coucxnsro.
251 382 349 431 -Cirm
358 382 435 433 anima
443 384 582 435 intellectiva
589 386 673 435 babeat
680 386 857 451 completissiml

49 455 154 504 virtutem
170 454 325 515 sensitivam,
340 456 442 519 oportuit
458 470 540 521 corpus
554 458 592 507 cui
611 458 687 509 anima
702 458 794 523 unitur,
807 474 858 511 esse

49 541 129 591 corpus
150 527 267 588 mixtum,
284 526 345 577 inter
364 529 410 577 alia
423 529 496 592 nangis
514 530 632 581 reductum
649 532 676 581 ad
693 531 858 595 complexionis

51 599 202 663 muabtaoem
207 637 217 663 ,
227 600 297 663 quale
311 604 347 649 cst
357 614 440 664 corpus
449 601 603 666 humanum.)

81 673 221 737 Respondeo
234 672 373 735 dicendum,
388 673 449 736 quod
462 689 515 727 cum
529 674 602 725 lorma
613 689 660 726 non
672 676 701 725 sil
711 681 802 741 propter
810 690 858 727 ma-

53 744 138 809 teriam,
152 746 197 796 sed
211 745 292 809 potins
301 745 398 797 materia
412 751 504 809 propter
518 746 624 808 formam,
642 762 670 799 ex
686 749 758 799 lorma
769 752 859 812 oportet

51 818 158 868 rationem
176 817 288 880 accipere
302 831 373 881 quare
386 818 482 869 materia
494 819 524 869 sit
540 820 607 880 talis,
620 823 644 871 ct
656 834 701 871 non
714 818 856 873 iconverso.

53 889 127 940 tnirua
138 893 220 941 autem
235 889 388 952 intellectiva,
402 889 462 939 sicut
475 905 543 956 supra
555 892 657 943 habitum
670 897 720 955 est,
733 892 857 943 secundum

55 964 134 1012 natura
143 960 380 1022 ordinem,inlimnm
390 962 483 1023 padum
492 962 516 1012 in
526 963 658 1013 substantiis
668 964 859 1015 intellectualibus

55 1037 125 1099 tenet,
137 1036 163 1085 in
174 1038 270 1086 tantum
286 1034 349 1097 qnod
362 1047 410 1083 non
424 1034 491 1086 babet
505 1035 638 1086 naturaliter
651 1035 695 1086 sibi
708 1036 803 1087 inditam
817 1051 858 1087 no-

56 1106 123 1155 titiam
133 1105 254 1167 veritatis,
267 1104 328 1155 sicut
342 1103 419 1168 augeb
425 1143 434 1169 ,
446 1107 485 1156 sed
496 1110 586 1171 oportet
596 1109 656 1171 quod
667 1120 717 1159 eam
727 1108 818 1170 colligat
831 1123 860 1159 ex

52 1179 115 1228 rebus
124 1178 282 1239 divisibilibus
291 1178 403 1242 perviam
414 1192 506 1241 sensus,
515 1182 541 1229 ut
550 1179 675 1244 Dionysius
684 1179 739 1230 dicit
748 1180 796 1229 Vll.
807 1194 857 1245 cap.

52 1251 87 1298 De
98 1252 153 1302 dio.
168 1252 247 1301 Nom.
263 1252 351 1301 Natura
365 1243 442 1300 ant'em
456 1251 514 1300 nolli
527 1253 591 1302 deest
602 1250 627 1301 in
637 1251 781 1303 necessariis.
796 1253 860 1303 Unde

52 1323 163 1385 oportuit,
176 1320 241 1385 qu'od
252 1321 332 1372 anima
344 1320 485 1371 intellectiva
498 1336 545 1383 non
559 1324 631 1373 solnm
644 1322 739 1373 haberet
751 1323 861 1373 virtutem

52 1396 205 1459 intelligendi,
218 1396 260 1445 sed
275 1394 346 1445 etiam
359 1394 469 1446 virtutem
481 1396 604 1448 sentiendi.
616 1396 679 1447 detio
692 1401 766 1446 antem
780 1411 860 1447 sensus

58 1480 102 1515 uon
111 1467 135 1516 lit
147 1468 198 1518 sine
214 1479 328 1531 corporeo
343 1463 509 1530 instrumento,
520 1466 620 1531 oportuit
633 1466 701 1529 igitur
714 1468 812 1517 animam
826 1468 861 1519 in-

59 1537 187 1591 tellectivam
200 1538 242 1588 tali
257 1538 352 1602 corpori
365 1537 441 1601 uniri,
455 1540 516 1603 qnod
529 1540 601 1605 possit
614 1552 664 1590 esse
675 1538 814 1589 mnveuiens
824 1554 860 1589 or-

57 1610 551 1672 ganomsensus.0mnesante1naliisensns
560 1610 860 1675 laudantursnpratactum.

54 1683 86 1731 dd
99 1697 209 1747 organm
227 1688 307 1734 autem
323 1684 398 1732 tacius
416 1676 625 1747 requiritur,'quocl
645 1684 675 1733 sit
688 1681 786 1733 medium
803 1682 864 1733 inter

50 1756 175 1819 contraria,
190 1770 242 1819 quae
254 1759 309 1805 sont
321 1754 422 1813 calidum
433 1757 457 1804 et
467 1754 588 1818 stipidum,
598 1754 717 1805 humidum
729 1758 752 1804 et
765 1753 860 1817 siccum,

52 1828 73 1874 ct
91 1825 189 1888 similia3
204 1840 304 1891 quorsum
318 1829 356 1876 est
370 1828 444 1875 tactus
458 1826 651 1891 apprehensivns3
667 1826 700 1875 sic
714 1824 775 1875 enim
786 1828 823 1875 est
837 1825 861 1875 in

53 1898 151 1958 potentia
158 1898 321 1961 adcontracia,
328 1901 353 1948 et
363 1900 440 1959 polest
448 1897 575 1948 casentino.
582 1898 647 1949 Unde
656 1896 741 1961 quanto
752 1910 861 1958 organum

54 1972 125 2019 lactus
142 1969 214 2019 inerit
230 1969 307 2032 magis
323 1970 443 2019 reductum
462 1970 489 2020 ad
509 1970 662 2033 equalitatem
677 1968 860 2032 complexionis,

51 2044 112 2091 lanto
121 2041 296 2105 perceptibilior
311 2040 356 2091 evit
371 2044 454 2090 tactus.
466 2042 547 2091 dnima
559 2045 635 2091 autem
646 2040 784 2089 intellectiva
793 2039 862 2090 habet

53 2112 231 2176 completissimd
241 2112 355 2162 virtutem
367 2111 517 2177 sensitivam,
529 2112 582 2175 quia
593 2130 607 2160 u
617 2112 678 2175 qnod
692 2114 726 2161 cst
737 2110 861 2173 inferioris

53 2184 176 2245 praeexistit
191 2179 319 2248 perfectius
334 2184 361 2233 in
375 2183 500 2248 superiori,
513 2201 526 2231 u
542 2188 567 2235 ut
580 2182 635 2234 dicit
646 2182 804 2247 Dionysiusin
820 2182 859 2233 lib.

54 2258 87 2305 oe
101 2258 158 2307 dio.
172 2259 249 2307 Nom.
263 2258 331 2308 Unde
342 2255 444 2320 oportuit
458 2270 556 2321 corpus,
573 2255 611 2307 cni
621 2254 699 2305 unitur
711 2254 786 2305 anima
796 2256 862 2305 intol-

56 2329 141 2392 lcctiva,
151 2342 203 2380 esse
213 2344 297 2394 corpus
306 2328 423 2387 mixtum,
433 2331 455 2377 et
462 2327 520 2377 inter
529 2327 606 2379 omnia
614 2324 658 2377 alia
667 2327 739 2389 magis
746 2327 863 2377 reductum

58 2401 81 2448 ad
89 2401 244 2466 melinum
254 2398 432 2466 complexionis.
440 2400 468 2449 nt
476 2392 568 2463 propter
577 2401 629 2460 hoc,
637 2398 705 2449 homo
716 2397 776 2449 inter
786 2398 863 2449 omnia

55 2473 160 2523 animalia
169 2472 271 2523 meboris
282 2477 319 2523 est
331 2474 418 2530 tactos,
428 2475 452 2520 et
466 2471 525 2521 inter
536 2470 597 2535 ipsos
609 2471 725 2533 homiues,
738 2487 751 2516 u
761 2469 800 2533 qui
810 2474 863 2521 sunt

53 2544 151 2595 ruelioris
164 2547 250 2605 tacius,
265 2548 321 2595 sunt
335 2541 442 2592 melioris
454 2542 594 2593 intellectus.
608 2558 622 2588 u
638 2540 709 2605 Cujus
723 2542 813 2603 signum
827 2548 863 2593 est

55 2620 111 2679 quod
127 2635 141 2665 a
155 2616 239 2666 molles
251 2630 322 2667 carne
336 2612 399 2665 bend
415 2618 479 2679 aptos
492 2617 569 2665 menie
583 2614 699 2678 videmus,
712 2630 726 2659 »
739 2618 764 2664 ut
783 2613 864 2665 dicitur

55 2689 194 2739 insecundo
209 2688 355 2737 Dauniam
369 2686 436 2750 (text.
451 2685 500 2749 ol).
872 2678 877 2691 ¹

82 2762 116 2811 nd
129 2760 231 2825 primum
246 2772 303 2822 ergo
315 2758 454 2821 dicendum,
471 2756 532 2821 qnbd
548 2760 608 2807 banc
618 2756 768 2822 objectionem
783 2755 864 2818 aliquis

57 2832 110 2883 inte
126 2834 196 2883 vellet
207 2834 307 2882 evadere
319 2844 364 2895 per
374 2831 419 2879 boc
431 2830 491 2893 quod
506 2830 590 2881 diceret
604 2843 686 2893 corpus
699 2827 798 2879 bominis
812 2829 864 2875 arcte

58 2908 170 2964 peccatum
183 2902 365 2968 incorruptibile
378 2899 457 2953 subse.
470 2902 515 2973 Sed
526 2902 577 2953 baec
588 2900 706 2965 responsio
719 2912 766 2949 non
775 2896 865 2948 videtur
