1984 3309
147 195 181 231 os
190 191 307 241 nouum,
316 191 383 237 onoc
396 192 483 232 domur
495 195 523 232 ur
536 193 613 232 ssuru
624 193 675 232 rur.
688 193 791 232 courur.
826 183 871 233 tut

64 274 93 324 ad
101 271 142 323 sui
156 271 330 331 adiumentum,
341 271 448 321 animalia
456 271 511 322 verb
520 271 620 336 plantis,
630 273 655 322 et
669 271 773 323 hommes
785 271 872 338 plantis

64 348 89 395 et
103 342 252 394 animalibus.
265 343 328 392 Unde
347 344 483 393 naturaliter
499 344 568 393 bomo
581 343 709 394 dominatur
723 343 868 395 animalibus.

63 418 93 466 llt
106 418 204 481 propter
219 416 263 464 boc
278 413 434 479 Philosophus
449 414 507 466 dicit
523 415 547 464 in
560 417 578 465 l.
594 415 672 466 Polli.
684 418 748 481 tcup.
760 417 799 480 itt,
811 415 872 480 qurbd

64 487 185 540 ‹crenatio
201 486 348 550 sylvestrium
362 487 494 536 animalium
509 490 543 537 est
560 487 621 550 justa
639 491 663 537 et
678 487 801 552 naturalis,
815 488 871 552 quia

63 575 105 624 per
115 572 170 610 mm
185 560 255 608 bomo
267 558 372 607 vendicat
385 558 431 608 sibi
442 559 503 621 quod
517 561 553 609 est
564 557 697 611 naturaliter
713 573 790 610 suum.
803 575 817 606 u
827 559 870 610 Se-

64 632 150 695 cundb,
161 634 257 695 apparet
267 632 312 680 boc
326 641 356 679 ex
365 630 444 681 ordine
454 629 540 681 diune
551 631 697 694 providentioe
702 669 710 696 ,
721 645 772 695 qne
781 644 871 696 semper

62 705 174 754 interiora
192 717 236 767 per
248 701 365 766 superiora
380 703 498 765 gubernat.
517 702 580 752 tlnde
596 703 647 753 clun
668 703 738 753 homo
753 703 784 754 sit
802 717 871 768 supra

64 780 145 827 cetera
160 775 278 835 animalia,
287 777 367 838 utpote
376 775 405 824 ad
418 774 541 837 imaginem
551 774 692 835 polluctus,
706 775 871 826 convenienter

63 848 114 910 ejus
124 846 288 911 gubernationi
295 846 340 895 alie
347 845 454 895 animalia
464 847 598 896 subduntur.
608 843 694 910 teuit,
705 849 799 910 apparet
809 847 869 898 idem

64 934 94 969 ex
109 918 252 984 proprietate
264 917 366 968 bominis
383 921 408 967 et
423 918 520 968 aliorum
538 917 676 968 animulium.
699 919 725 968 ln
741 917 792 968 aliis
807 919 869 968 enim

65 991 202 1041 animalibus
212 988 331 1040 invenitur
343 990 468 1039 secuudum
482 989 656 1041 estimationem
668 990 796 1040 naturalem
806 1003 869 1054 que-

66 1064 119 1114 dam
131 1062 277 1128 panicipatio
292 1061 418 1126 prudentie
435 1063 462 1114 ud
481 1062 569 1125 aliquos
586 1061 733 1126 particulares
750 1066 829 1125 actus3
844 1061 869 1112 iu

64 1135 158 1186 bomine
171 1139 250 1184 autem
261 1133 397 1184 universalis
409 1134 546 1198 prudentia,
564 1147 614 1198 pne
624 1138 659 1185 est
669 1135 739 1183 rutio
752 1134 868 1182 omnium

63 1207 213 1270 opibilr‘um.
223 1206 296 1255 Omne
308 1209 383 1255 autem
391 1206 452 1270 quod
461 1211 497 1255 est
507 1219 548 1270 per
559 1205 755 1270 participationem
766 1203 870 1254 subditur

63 1280 84 1330 ei
97 1281 160 1345 quod
178 1281 213 1328 est
226 1290 269 1342 per
284 1276 409 1327 essentiam
427 1279 451 1328 et
463 1277 632 1327 uniuersaliter.
649 1277 713 1326 Unde
725 1279 789 1340 patet
808 1273 869 1339 qubd

63 1352 177 1402 naturalis
190 1353 227 1401 est
244 1348 358 1413 subjectio
375 1349 473 1400 aliorum
487 1348 619 1402 uuiurnliunr
633 1350 661 1398 ad
675 1350 799 1398 bominem.

92 1425 128 1474 ild
142 1423 244 1488 primum
253 1435 308 1484 ergo
320 1421 457 1484 dicendum,
467 1420 527 1485 quid
544 1419 568 1470 in
583 1420 700 1483 subjectos
711 1417 780 1467 multa
792 1422 870 1482 potest

61 1498 138 1548 iacere
153 1495 259 1560 superior
271 1496 373 1558 potestas
380 1531 389 1557 ,
402 1507 452 1558 quae
468 1505 515 1543 nou
529 1495 606 1556 potest
617 1493 691 1541 lacere
705 1490 808 1540 interior.
823 1492 870 1541 lu·

61 1570 126 1631 gelos
146 1571 226 1618 autem
248 1570 283 1616 est
301 1565 437 1615 naturaliter
459 1563 561 1629 superior
576 1562 678 1613 bomine.
700 1561 763 1612 Unde
786 1561 869 1625 aliquis

59 1642 158 1692 ellectus
171 1641 265 1703 poterat
276 1637 326 1688 lieri
339 1637 399 1687 circa
418 1635 524 1686 animalia
537 1635 621 1685 uirtute
636 1632 753 1697 angelica,
768 1632 807 1698 qui
821 1645 869 1684 nuru

60 1715 152 1775 poterat
160 1712 211 1761 lueri
222 1713 339 1774 potestate
349 1709 458 1770 bumana,
466 1707 556 1758 scilicet
569 1705 629 1771 qubd
642 1705 720 1756 stetim
733 1703 809 1756 omnia
820 1705 869 1755 ani-

60 1785 130 1835 malia
144 1783 349 1846 congregarentur.

90 1859 126 1908 ld
135 1856 265 1906 secundnm
273 1854 409 1914 dicendum,
420 1851 481 1918 qubd
490 1851 584 1916 quidam
595 1851 674 1901 dieunt
688 1848 749 1913 quod
762 1849 868 1900 animalia

60 1943 110 1993 que
125 1931 256 1978 nuncsunt
268 1925 367 1989 ferocia,
381 1931 405 1977 ct
415 1924 524 1974 occidunt
533 1923 576 1972 alin
589 1921 709 1984 astruatis,
719 1920 743 1969 in
758 1919 867 1971 stutnillo

59 2002 162 2052 luissent
175 2003 296 2050 mansuetu
306 2011 353 2048 non
370 1995 442 2048 solium
451 1995 512 2046 circa
528 1995 644 2046 bominem
654 2033 660 2054 ‚
672 1993 712 2042 sed
728 1991 796 2042 etiam
807 1992 867 2040 circa

60 2073 103 2122 alia
112 2072 235 2124 animalia.
250 2070 295 2120 Sed
305 2071 350 2119 troc
359 2072 394 2119 est
403 2068 499 2119 omuino
508 2065 668 2116 irrationabile.
683 2065 734 2114 Non
751 2063 813 2113 enim
826 2075 868 2126 per

61 2147 183 2209 peccatum
192 2141 293 2194 bominis
303 2144 384 2191 natura
392 2139 569 2190 animulinmest
577 2139 674 2199 mutulo,
683 2138 709 2185 ut
718 2133 801 2198 quibus
809 2147 868 2184 nuuc

62 2218 169 2268 mturale
178 2215 342 2266 estcomedere
352 2214 447 2264 alionum
456 2208 587 2261 animalium
597 2219 685 2270 munes,
695 2209 751 2256 tunc
757 2205 868 2256 vixissent

62 2292 89 2341 dc
103 2289 199 2348 berbis,
217 2287 277 2336 siout
292 2286 371 2336 leones
389 2288 414 2335 et
431 2283 540 2334 lalcones.
562 2283 609 2331 Nec
627 2279 708 2330 Glossa
727 2275 793 2327 Bede
812 2274 868 2326 dicit

63 2364 142 2425 Gru,
152 2362 171 2424 1,
187 2358 249 2424 quid
259 2376 273 2406 u
283 2358 346 2421 ligna
357 2360 379 2408 et
394 2356 470 2408 herbe
484 2357 542 2405 duce
554 2356 608 2404 sunt
620 2350 724 2403 omnibus
735 2348 868 2399 animalibus

63 2440 85 2484 et
96 2434 181 2485 aribus
190 2431 332 2493 incibum,n
340 2431 380 2480 sed
390 2446 404 2476 u
414 2427 558 2492 quibusdum.
572 2441 585 2471 u
597 2423 688 2474 Fuisset
697 2434 750 2486 ergo
758 2419 868 2471 naturalis

62 2505 174 2557 dsmrdir
186 2504 250 2553 iuter
260 2503 365 2566 quaedam
378 2499 494 2552 animalia.
505 2501 552 2550 Nec
565 2501 644 2548 tumen
655 2497 748 2560 propter
758 2495 803 2544 boc
815 2493 867 2544 sub-

62 2580 208 2629 traherentur
230 2574 332 2626 dominio
351 2573 464 2636 bominis,
483 2573 543 2621 sicut
565 2583 608 2620 nec
629 2581 690 2618 nuno
710 2569 802 2632 propter
824 2566 868 2615 boc

63 2651 228 2700 subtrahuntur
242 2645 344 2697 dominio
359 2646 415 2707 bei,
429 2645 496 2709 cujus
509 2641 652 2707 pmuidentia
668 2641 712 2690 boc
731 2641 805 2690 totum
821 2636 868 2687 dis-

66 2727 183 2786 pensatur,
194 2723 224 2770 ut
230 2720 301 2784 hujus
309 2717 458 2783 providentie
467 2718 536 2766 bomo
549 2711 758 2774 executorlulsset,
767 2713 792 2759 nt
801 2707 870 2760 etiam

66 2808 126 2844 nunc
138 2796 231 2858 apparet
242 2791 267 2841 lu
279 2790 416 2841 annualibus
430 2786 569 2840 domesticis.
581 2786 737 2836 llinistrantur
755 2783 816 2834 euim
827 2779 868 2829 lul·

67 2865 162 2917 cunibus
175 2863 309 2916 domesticis
320 2875 361 2927 per
371 2861 477 2912 homines
488 2858 578 2922 gallinae
589 2857 613 2907 iu
626 2857 709 2906 cibum.

99 2939 133 2989 bd
148 2937 241 2989 tertium
260 2935 399 2998 dicendum,
417 2931 478 2999 quid
495 2929 599 2983 homiues
613 2930 637 2980 in
652 2929 712 2980 stulu
732 2922 869 2978 mnueeutiur
