1984 3309
203 167 235 203 ne
251 165 434 206 emmennone
449 167 532 206 mauu
548 169 573 204 ur
591 167 710 208 (tumlti.
816 159 861 210 tto

52 244 155 309 seipsam
170 256 212 307 per
224 243 365 294 intellertnm
380 247 404 294 et
416 245 570 308 voluntatem
585 259 681 310 quornm
693 249 814 312 utrumque
823 247 860 299 in·

53 317 119 381 diget
132 316 185 378 regi
205 319 230 366 et
246 313 325 379 periei
339 315 368 366 ab
380 315 499 367 intellecto
515 320 539 367 et
555 317 672 369 volunote
686 318 736 370 bei.
749 320 778 370 Et
792 318 861 380 ideo,

52 402 123 453 snpra
132 387 323 452 gobemationam
334 401 378 451 qua
390 392 492 438 ereatura
505 388 620 439 rationalis
631 391 740 454 gubernat
751 391 859 456 seipsam,

53 464 163 525 tanquam
177 457 399 519 monuerimus,
412 459 502 522 indiget
515 460 661 522 gubernarit
674 463 729 514 beo.

356 612 513 663 laureolos
527 613 563 662 vl.

167 729 254 774 Utatur
262 729 344 773 omnio
356 729 492 775 tnrmediott
504 730 753 786 gubernenturdDeo.

85 849 121 900 ld
136 849 228 899 sextum
243 846 278 897 sie
299 845 430 911 proceditur
442 847 484 912 (l).
502 847 596 898 Videtur
609 847 670 912 qudd
688 849 764 900 omnia
777 849 860 902 imme-

55 919 116 970 unte
127 920 283 984 gubernentur
293 917 307 967 b
320 919 374 969 beo.
385 920 506 982 Gregorius
516 919 576 970 enim
585 921 704 986 Nyssenus
713 922 861 986 reprehendit

56 992 187 1056 opinionem
198 989 316 1052 Platonis,
328 991 367 1054 qni
382 990 461 1041 divisit
474 991 641 1055 providentiam
655 992 679 1041 in
693 993 735 1042 tria
746 1009 751 1043 :
763 993 861 1058 primam

55 1064 149 1126 quidem
164 1062 234 1126 primi
245 1061 300 1125 Dei,
315 1062 353 1126 qui
364 1063 469 1126 providet
479 1063 546 1113 rebus
561 1063 692 1114 coelestibus
704 1067 728 1114 et
741 1065 862 1115 universa·

53 1135 114 1185 lubus
125 1133 246 1196 omnibus;
261 1133 385 1183 secundam
401 1132 456 1184 rer'o
469 1132 635 1198 providentiam
644 1147 694 1185 esse
706 1135 764 1185 dixit
776 1148 859 1186 seeun-

54 1205 133 1256 dorum
146 1206 257 1268 deorum,
267 1205 306 1268 qui
316 1206 397 1256 eaelum
407 1206 562 1265 circumeunt,
574 1206 661 1256 seilicet
671 1210 776 1270 respectu
785 1221 862 1258 eorum

54 1292 103 1342 quae
125 1275 221 1328 suntin
237 1277 382 1340 generatione
402 1280 425 1328 et
437 1277 595 1340 corruptione3
609 1277 699 1327 tertiam
714 1276 769 1328 uerb
785 1279 863 1342 provi·

54 1350 157 1400 dentiam
177 1348 236 1398 dixit
248 1349 397 1412 quorumdam
411 1350 553 1408 demonum,
569 1348 609 1412 qni
619 1350 672 1399 sunt
682 1351 788 1399 custodes
801 1349 862 1400 eirca

54 1425 139 1471 terram
150 1422 305 1470 humanarum
318 1419 441 1471 actionum.
453 1423 514 1484 Ergo
525 1419 615 1471 uidetur
625 1419 686 1484 qndd
699 1419 775 1471 omnia
783 1420 863 1474 imme·

53 1494 115 1544 diatd
130 1493 144 1544 t
161 1495 210 1543 beo
221 1493 385 1557 gubernentur.

83 1571 108 1616 Ξ.
135 1567 267 1627 Praeterea,
286 1563 369 1614 melius
384 1568 419 1615 est
437 1565 523 1628 aliquid
540 1563 589 1616 fieri
601 1578 641 1630 per
656 1578 726 1616 nuum
740 1564 808 1630 qnam
822 1579 864 1631 per

53 1638 140 1701 multa,
157 1637 179 1687 si
193 1636 223 1686 sit
236 1636 359 1700 possibile,
373 1640 398 1686 ut
409 1636 491 1687 dieitur
504 1636 529 1686 iu
544 1637 603 1688 llll.
617 1636 715 1702 Pbpsr'e.
730 1639 797 1702 (text.
813 1637 862 1702 ta).

52 1708 98 1758 Sed
109 1711 173 1760 Deus
191 1710 269 1772 potest
283 1721 324 1772 per
337 1708 436 1772 seipsum
450 1709 535 1768 absque
551 1707 633 1759 mediis
648 1709 723 1760 causis
736 1709 812 1760 omnia
822 1723 863 1774 gu-

52 1781 160 1832 bernare.
175 1782 237 1844 Ergo
250 1779 341 1830 ridetur
351 1777 411 1844 qndd
422 1780 499 1831 omnia
509 1779 639 1831 immediate
649 1781 766 1844 gubernet.

87 1858 111 1902 a.
124 1854 253 1916 Praeterea,
267 1851 326 1902 nihil
338 1852 363 1902 in
374 1853 421 1902 beo
432 1856 469 1902 est
479 1851 588 1903 deficiens
602 1857 625 1903 ot
634 1852 803 1916 imperfectum.
814 1855 861 1906 Sed

57 1923 84 1972 ad
95 1925 213 1975 delectum
224 1923 384 1986 gnbematoris
397 1925 512 1989 pertinere
527 1924 629 1988 videtur,
641 1923 702 1988 quod
712 1925 864 1977 mediantibus

54 1997 172 2062 aliquibus
192 1997 326 2060 gubernet:
342 1996 402 2047 sient
421 2010 461 2048 rex
478 2000 595 2058 terrenus,
611 1996 664 2061 qnia
680 2009 726 2048 non
739 1996 822 2047 suffieit
835 1999 863 2048 ad

55 2072 135 2121 omnia
151 2070 256 2133 agenda,
273 2081 317 2118 nee
327 2067 410 2132 ubique
424 2071 460 2118 est
473 2079 576 2132 praesens
589 2067 614 2119 in
626 2081 667 2118 suo
677 2080 759 2130 regno,
772 2071 864 2132 propter

54 2144 99 2194 boc
117 2144 211 2205 oportet
228 2139 290 2203 qnod
308 2141 391 2190 babeat
409 2154 456 2191 suae
477 2139 646 2203 gubematiouis
661 2138 784 2190 ministros.
804 2140 863 2204 Ergo

54 2216 116 2266 bens
129 2211 265 2263 immediate
279 2210 356 2262 omnia
368 2211 488 2275 gubernat.

85 2285 136 2336 Sed
155 2286 235 2334 eontra
253 2285 305 2346 est,
320 2283 381 2346 qnod
402 2281 540 2346 Augustinus
556 2280 610 2332 dicit
631 2281 656 2330 in
672 2281 712 2331 lll.
733 2282 771 2332 De
792 2283 861 2334 Trio.

58 2357 128 2422 (cap.
146 2354 196 2419 ³)²
208 2371 222 2402 <r
233 2353 427 2412 Quemadmodum
438 2364 533 2418 corpora
542 2352 653 2418 grossiora
667 2355 690 2402 et
702 2351 810 2404 inferiora
823 2367 865 2419 per

56 2428 178 2478 subtiliora
188 2430 213 2475 et
225 2425 458 2491 potentioraquodam
470 2424 549 2475 ordine
558 2427 676 2488 reguntur,
686 2423 800 2476 itaomnia
814 2439 864 2476 cor·

55 2511 112 2562 pora
126 2511 171 2563 per
186 2496 292 2561 spiritum
305 2495 358 2547 vite
375 2496 525 2555 rationalem
542 2500 564 2546 et
577 2495 669 2560 spiritus
680 2495 733 2546 vitae
747 2497 865 2549 rationalis

56 2571 162 2621 desertor
174 2572 245 2632 atque
258 2571 365 2631 peeeator
377 2582 418 2632 per
436 2568 542 2632 spiritum
555 2569 607 2618 vitae
622 2567 754 2618 rationalem
768 2568 865 2633 plumat

54 2642 162 2705 justum3
178 2643 204 2690 et
215 2639 255 2690 ille
267 2653 309 2704 per
325 2639 400 2703 ipsum
414 2640 521 2689 Deum.»

90 2713 258 2775 (Coumnsro.
276 2738 307 2748 -
320 2711 479 2763 Gubernantur
498 2711 574 2762 omnia
591 2711 721 2764 immediate
738 2711 751 2762 l
768 2712 813 2762 lteo
827 2723 862 2761 se·

93 2847 127 2912 (l)
143 2852 176 2895 lle
188 2849 225 2894 bis
238 2849 309 2894 etiam
323 2849 405 2909 supra,
421 2862 461 2906 qn.
474 2848 518 2908 Ὠ,
537 2853 581 2894 art.
596 2847 624 2904 ἃς
640 2855 663 2894 et
678 2848 768 2895 eontra
785 2849 864 2897 (ἰωὴ,

59 2914 103 2961 lib.
113 2915 163 2973 111,
177 2910 457 2973 eep.7o‚·17,8a‚ot;
473 2916 497 2957 et
511 2913 611 2971 Operae..
625 2913 671 2972 111,
686 2923 738 2968 oep.
750 2909 803 2957 1³³.
