1984 3309
261 144 291 184 nu
306 146 431 190 normanus
447 145 637 189 manutenueris·
804 142 849 189 m

41 222 105 271 simu
122 218 215 271 aditui
226 220 268 285 (1).
283 224 346 274 dude
363 229 387 275 et
396 231 492 290 unoque
506 225 609 290 (soiinet
619 225 710 279 ‚radone
722 230 748 279 et
759 230 850 293 spnde-

40 293 121 357 resi),
137 292 272 344 naturaliter
281 295 419 358 iudicamus.

330 460 491 511 Inrrcduds
507 462 567 511 XIII.

191 583 277 627 Utrdm
286 586 428 631 eorineieutr'n
435 587 468 631 eit
477 588 585 644 quadum
593 588 705 644 moenem.

73 698 241 749 andecimum
255 700 345 768 tertium
365 703 397 753 sio
414 700 543 767 proceditur
555 704 599 769 (a).
612 704 706 755 Videtur
717 706 776 769 qudd
793 720 848 758 con-

42 768 138 819 scientia
154 768 187 819 sit
199 772 305 834 quedam
324 775 434 837 potentia.
450 774 509 825 Dioit
523 776 585 825 euim
603 774 712 838 Origenes
729 776 767 840 (iu
782 776 847 843 epist.

41 840 68 889 ad
88 843 178 906 Rom,
191 842 235 893 iib.
253 844 291 905 11,
309 858 377 909 super
392 846 462 910 iliud,
480 865 494 894 «
506 848 613 898 reddente
633 847 677 897 illis
695 848 850 901 testimonium

41 910 185 962 conscientia
197 914 229 979 o)
243 915 303 978 qnod
315 933 328 963 u
339 918 477 968 oonsoieutia
487 924 522 969 est
536 918 630 982 spiritus
641 924 753 979 correptor
767 922 789 969 et
799 934 848 983 pae-

42 982 143 1045 dagogus
161 984 249 1035 animae
264 986 376 1051 sociatus,
390 1002 435 1051 prro
450 993 569 1053 separatur
587 988 599 1041 d
616 990 695 1051 malis,
713 993 735 1039 et
749 992 849 1041 adhaeret

42 1052 142 1104 bonis.»
153 1057 200 1109 Sed
211 1058 307 1122 spiritns
315 1060 339 1109 iu
350 1060 426 1110 anima
438 1060 542 1111 nominat
552 1061 679 1125 potentiana
689 1060 802 1125 aliquam,
814 1060 851 1111 vel

40 1124 116 1189 ipsam
128 1134 251 1191 mentem,
266 1132 388 1181 secuudum
402 1131 470 1195 iliud,
486 1132 651 1195 npms.,p111:
668 1150 681 1179 o
696 1132 849 1185 Renouamiai

39 1198 122 1260 spiritu
143 1201 232 1250 mentis
245 1206 342 1263 restra,
359 1220 373 1248 »
389 1204 426 1253 uei
444 1203 518 1267 ipsam
534 1204 735 1266 imaginationem,
753 1204 812 1253 trade
828 1209 851 1255 et

41 1268 177 1335 imagiuaria
193 1272 256 1323 visio
273 1271 423 1337 spiritualis
437 1280 548 1337 rooatur,
565 1278 665 1339 adparet
680 1289 721 1339 per
740 1275 848 1339 Angusti-

40 1356 105 1407 num,
114 1346 164 1396 XII.
174 1346 263 1410 Super
272 1349 328 1395 Gen.
339 1346 375 1395 not
385 1347 426 1397 or.
439 1345 481 1412 (3).
493 1348 532 1397 Est
540 1360 593 1409 ergo
601 1346 738 1397 couscientia
747 1347 850 1411 quaedam

40 1418 152 1477 potentia.

73 1490 229 1549 2Praeterea,
241 1488 300 1538 nihil
310 1494 346 1539 est
355 1492 443 1553 poeonii
452 1488 582 1554 subjectum
593 1488 635 1540 odsi
646 1489 747 1555 potentia
758 1476 856 1543 animm?

43 1558 87 1608 Sed
98 1562 244 1614 consoientia
254 1565 290 1611 est
303 1562 431 1625 subjeetum
444 1562 542 1627 peceati.
558 1558 716 1611 diciturenim
728 1564 754 1616 ad
767 1564 816 1613 Ta't.
831 1563 849 1612 1.

42 1630 70 1679 de
80 1631 230 1695 quidusdam,
244 1633 304 1695 quod
315 1632 440 1696 inquinate
451 1636 505 1683 sunt
519 1646 596 1683 eorum
611 1634 712 1683 merset
729 1633 848 1685 conscien-

39 1704 78 1753 tia.
91 1705 153 1768 Ergo
169 1704 266 1754 videtur
277 1704 337 1767 quod
350 1702 488 1754 conscientia
505 1704 534 1754 sit
549 1702 661 1769 potentin.

69 1780 92 1827 3.
115 1776 253 1841 Praeterea,
268 1788 363 1825 neeesse
382 1778 495 1839 estquod
515 1774 653 1826 oousoieutia
674 1774 703 1825 sit
720 1779 797 1837 aetus,
814 1775 851 1827 vel

38 1848 146 1910 omnus,
164 1848 206 1897 vei
219 1846 333 1911 potentin.
352 1848 397 1898 Sed
411 1862 456 1897 non
474 1852 510 1897 est
532 1851 608 1908 artus,
627 1847 681 1910 quia
699 1860 745 1903 non
761 1861 851 1911 semper

38 1926 142 1971 oraueret
153 1921 181 1969 in
197 1919 362 1981 homine3neo
375 1919 443 1969 etiam
456 1918 559 1979 habitus,
573 1932 620 1968 non
633 1918 694 1981 euim
708 1923 769 1969 esset
780 1933 849 1967 aruum

37 1992 90 2055 quid
103 1990 266 2052 oousoientIa²
282 1992 323 2040 sed
336 1991 421 2051 muita,
433 1990 567 2055 permultos
578 1991 638 2040 eninr
654 1990 743 2041 habitus
757 2003 851 2051 eognos-

38 2065 120 2115 citisus
132 2064 262 2127 dirigimur
275 2063 300 2111 in
316 2063 418 2126 agendis.
431 2064 490 2127 Ergo
508 2062 649 2114 conscientia
663 2064 696 2111 est
708 2060 817 2125 potentia.

66 2136 112 2187 Sed
129 2139 229 2197 eontra,
243 2134 385 2186 conscientia
397 2134 480 2198 deponi
492 2138 578 2199 potest,
590 2146 638 2183 uon
652 2136 727 2183 autem
737 2132 849 2200 potentia,

36 2207 93 2269 Ergo
112 2205 265 2257 oonsm’entia
277 2218 326 2255 non
339 2209 374 2255 est
389 2205 500 2269 potentia.

66 2282 239 2346 (Concuusro.
248 2278 440 2343 -Consoientia,
452 2279 471 2328 si
478 2277 570 2343 proprie
578 2280 686 2341 sumator,
695 2275 797 2342 potentia
804 2290 850 2327 non

37 2359 78 2414 est,
86 2352 130 2403 sed
137 2354 209 2401 aetus
219 2364 267 2413 quo
281 2348 399 2400 soIeutiam
415 2354 513 2401 nostram
529 2348 556 2400 ad
572 2363 599 2400 ea
613 2364 663 2413 qua
678 2346 766 2413 agimus
776 2347 851 2411 appli-

37 2439 114 2476 camus
121 2443 130 2490 ;
138 2436 213 2488 quam
223 2422 404 2487 applicationem
415 2422 516 2487 sequitur
527 2423 561 2473 vel
570 2420 668 2484 litigatio
677 2417 852 2504 vgexenmtio.)
888 2402 918 2493 ds

60 2554 99 2626 ,(1)
119 2557 177 2601 Non
194 2552 231 2598 nin
247 2559 329 2597 tamen
345 2552 374 2597 ab
390 2552 522 2609 Augustino
533 2551 571 2607 qui
585 2550 721 2606 moderante
738 2550 785 2593 non
803 2554 851 2592 me·

39 2626 206 2751 m133.mis
216 2688 289 2733 etiam
300 2687 325 2731 iu
335 2687 366 2741 11,
378 2688 458 2735 Seni„
467 2686 521 2731 ἀίει.
535 2682 574 2741 id,
590 2688 670 2740 quaest.
688 2682 711 2741 ἰ,
726 2688 769 2727 ort.
782 2680 813 2733 I;
827 2684 852 2723 et

41 2760 119 2807 uuaeste
134 2752 178 2810 17,
194 2751 230 2795 De
243 2752 333 2799 verit„
345 2756 389 2794 ort.
402 2751 431 2802 13
444 2755 467 2793 et
482 2750 511 2794 ad
525 2746 709 2803 Rom.,11‚ieet.
725 2744 748 2805 3,
762 2742 807 2789 eni.
823 2740 849 2787 t.

71 2824 100 2886 (3)
119 2828 157 2871 Ex
171 2836 228 2881 cap.
245 2823 261 2868 ’1
277 2828 304 2866 en
316 2822 368 2867 otiis
379 2822 482 2877 ejmdem
494 2820 549 2873 tiori·
558 2822 606 2876 jam
617 2822 721 2861 notatum
734 2820 771 2860 est
781 2822 850 2867 supra

39 2901 77 2944 qu.
91 2888 135 2947 78,
143 2893 191 2933 art.
207 2886 234 2946 t,
243 2884 299 2933 niun
312 2884 340 2929 de
351 2894 449 2931 nurnero
462 2894 572 2929 munaum
585 2880 718 2929 interiorum
733 2880 849 2934 ageretur.
881 2872 888 2893 ·
