1984 3309
86 206 121 244 nrr
137 207 178 245 raro
191 207 249 255 oum
262 206 343 248 amor.
358 205 391 248 ro
403 207 508 248 ronnrrr.
522 207 593 250 rarat
606 207 715 261 noturus,
729 211 782 250 unu.
801 201 847 249 toa

339 367 496 422 AR'HOELUS
509 369 549 420 lv.

69 483 159 530 latrum
176 495 251 542 opero
263 485 338 542 print
351 485 455 530 tundata
468 485 567 541 suerint
581 486 663 531 minus
674 486 779 544 qmmcto
792 485 823 532 ad

240 549 388 603 mum,
399 549 472 607 qudm
481 559 554 606 opero
562 551 654 594 matra.

69 659 102 707 hd
119 662 231 723 quartum
248 657 282 708 sic
299 658 431 722 proceditur
447 658 491 724 (ll.
506 657 599 709 llidetur
617 657 677 722 quod
695 672 765 723 opera
782 659 851 724 primi

42 729 140 779 hominis
162 729 252 779 luerint
271 729 347 780 minius
366 725 469 780 efficacia
482 729 512 780 ad
526 730 675 791 merendum,
695 729 764 795 qndm
781 743 851 796 opera

41 804 123 850 nostra.
135 801 218 852 Gratia
229 801 292 852 enim
301 815 330 851 er
343 801 384 852 liei
393 801 547 852 misericordia
555 803 693 868 datur,quae
708 802 781 866 magis
791 803 850 854 iadi-

42 872 144 933 gentibus
156 873 266 924 suhrenit
275 873 358 937 magis.
368 873 414 924 Sed
423 887 465 924 nos
474 873 604 937 indigemus
612 875 685 937 magis
692 874 773 938 gratia,
782 873 850 938 quam

41 945 123 1005 primus
141 948 215 996 homo
232 945 259 995 iu
277 947 338 995 statu
353 945 501 996 innocentie.
512 947 572 1009 Ergo
589 945 705 1010 copiosihs
720 945 849 996 infunditur

40 1017 99 1066 nohis
118 1017 213 1081 gratia3
228 1031 299 1081 quar,
313 1017 365 1066 edm
382 1016 412 1067 sit
427 1017 491 1067 radir
504 1017 595 1082 meriti,
616 1029 686 1082 opera
701 1019 780 1068 nostra
800 1013 850 1066 eili-

41 1089 123 1138 caoiora
139 1089 173 1139 ad
186 1089 320 1140 merendum
334 1088 467 1138 redduntur.

66 1164 89 1210 Ξ.
104 1161 242 1223 Praeterea,
253 1161 282 1210 ad
295 1159 401 1209 meritum
410 1160 533 1224 requiritur
546 1173 624 1224 pugna
635 1159 740 1226 quedam
752 1162 776 1210 et
790 1157 850 1210 dilli-

42 1232 115 1282 cultas
132 1231 226 1282 Dicitur
239 1231 302 1282 enim
312 1233 341 1280 ll.
352 1231 387 1281 od
396 1233 470 1294 lina,
490 1233 510 1281 ll
524 1248 529 1281 z
547 1249 560 1278 u
570 1233 621 1282 Nou
636 1230 791 1293 coronabitur,
805 1229 850 1282 nisi

43 1304 73 1362 qui
85 1303 196 1368 legitimo
211 1303 343 1353 certaverit.
360 1319 374 1348 u
389 1303 418 1352 Et
431 1303 586 1368 Philosophus
601 1302 656 1353 dicit
670 1301 694 1352 in
707 1304 736 1352 ll.
755 1303 849 1360 nette„

41 1375 92 1436 qudd
103 1395 118 1424 a
128 1376 210 1426 virtus
219 1379 256 1424 est
265 1375 325 1424 circa
334 1373 426 1425 difficile
435 1379 460 1425 et
468 1376 562 1426 honum.
574 1391 588 1422 n
600 1375 646 1426 Sed
657 1387 718 1423 nunc
730 1377 765 1424 est
777 1373 851 1438 major

42 1459 110 1510 pugna
127 1452 154 1499 et
167 1447 299 1497 difficultas.
314 1447 374 1509 Ergo
388 1450 412 1495 et
425 1447 498 1511 major
512 1444 615 1496 eilicaoia
627 1446 655 1494 ad
669 1446 809 1494 merendum.

68 1523 90 1568 t.
106 1519 360 1582 Praeterea,ldagister
373 1517 442 1582 dicit,
457 1519 537 1568 lllllV.
553 1519 617 1581 dist„
631 1517 660 1566 ll.
670 1517 711 1567 lib.
727 1519 847 1580 Seoteut,

43 1591 201 1653 qnhduhomo
211 1603 259 1641 uon
267 1590 388 1640 meruisset
397 1590 521 1640 tentationi
531 1589 665 1640 resistendo.
678 1589 851 1640 >redundantem

43 1669 137 1714 meretur
160 1663 204 1729 qui
222 1662 345 1712 tentationi
364 1661 459 1712 resistit,
475 1663 536 1724 lingo
560 1660 687 1713 efficaciora
706 1665 761 1712 sunt
783 1674 852 1728 opera

43 1741 114 1787 nostra
128 1737 159 1787 ad
173 1735 326 1796 merendum,
340 1732 408 1796 qulm
419 1734 443 1782 in
453 1733 527 1798 primo
538 1736 607 1783 statu.

70 1809 112 1859 Sed
130 1811 216 1860 eontra
234 1810 283 1869 est,
301 1806 355 1870 quia
372 1803 499 1856 seeundirm
516 1806 560 1855 hoc
577 1805 647 1856 horno
666 1809 728 1857 esset
748 1805 850 1858 melioris

42 1881 174 1931 conditionis
188 1881 244 1944 post
256 1882 385 1941 peccatum.

69 1953 236 2014 (Concnusro.
257 1977 287 1988 -
301 1951 373 2015 Opera
393 1949 462 2014 primi
474 1948 575 2000 hominis
589 1947 717 2000 efficaciora
736 1951 802 2002 erant
823 1949 852 2000 ad

44 2025 171 2074 merendum
183 2023 256 2088 qulam
269 2026 360 2084 nostra,
375 2021 396 2071 si
412 2025 523 2086 pensetur
534 2021 592 2072 ratio
602 2020 676 2071 meriti
685 2021 723 2070 vel
734 2034 763 2070 er
777 2019 849 2083 gralia

43 2094 74 2142 rel
88 2109 118 2144 ex
134 2094 269 2160 quantitate
283 2094 358 2157 operis
372 2094 488 2156 ahsoluta3
505 2091 524 2143 si
537 2091 592 2142 vend
608 2105 638 2142 er
654 2092 784 2156 quantitate
798 2103 850 2156 pro·

44 2165 176 2228 portionali,
191 2164 271 2214 minias
283 2165 385 2214 clheacia
399 2163 489 2232 erant.)
591 2163 593 2168 '

70 2238 210 2303 despondeo
222 2235 343 2287 dicandum
349 2274 358 2300 ,
373 2235 434 2300 qudd
447 2233 564 2299 quantitas
577 2234 653 2285 meriti
667 2247 697 2283 er
709 2232 798 2285 duobus
809 2246 850 2296 po·

44 2310 84 2357 test
93 2310 197 2372 pensari.
211 2309 263 2358 Uno
273 2308 339 2358 modo
352 2321 381 2357 ex
395 2307 471 2356 radice
485 2306 604 2356 eharitatis
618 2308 642 2358 el
651 2304 729 2369 gratiae
739 2321 746 2367 ;
758 2308 782 2354 et
797 2303 851 2354 talis

46 2381 154 2441 quantitas
171 2378 250 2430 meriti
264 2381 385 2443 respondet
404 2378 500 2443 premio
518 2377 650 2440 essentiali,
668 2375 728 2440 quod
744 2375 849 2427 consistit

46 2448 66 2498 in
79 2451 119 2501 hei
132 2451 256 2502 fruitione.
272 2450 315 2506 Qui
333 2450 394 2501 cuim
412 2462 440 2498 ex
452 2450 534 2514 maiori
554 2449 663 2498 charitate
679 2447 765 2512 aliquid
781 2447 849 2511 hoii,

46 2524 166 2583 perlectihs
176 2525 227 2573 Deo
236 2521 327 2572 fruitur,
339 2523 389 2572 hilo
402 2521 470 2570 modo
482 2521 575 2585 pensari
591 2523 666 2585 potest
677 2519 793 2583 quantitas
803 2531 852 2568 me-

48 2592 80 2640 riti
100 2606 129 2644 er
145 2593 279 2658 quantitate
302 2593 385 2658 operis.
406 2596 462 2654 Qua
484 2592 575 2656 quidem
594 2594 628 2641 est
647 2591 749 2654 duplex,
764 2589 853 2639 seilicet

49 2663 145 2714 mulcta
158 2671 183 2716 et
193 2665 377 2729 proportionalis.
394 2665 467 2715 Vidua
481 2663 543 2714 enim
556 2677 606 2726 quar
620 2661 682 2711 misit
693 2663 738 2710 duo
753 2673 798 2710 aera
811 2659 853 2708 mi·

51 2737 135 2786 nutain
149 2735 351 2801 gazophylacium,
361 2736 437 2786 minus
451 2749 510 2799 opus
524 2734 580 2784 iecit
594 2733 720 2797 quantitate
736 2731 851 2790 absoluta,

52 2804 113 2866 quam
127 2808 162 2858 'ulli
180 2807 223 2872 qui
237 2819 319 2870 magua
337 2821 432 2857 munera
447 2808 586 2870 posuerunt;
600 2805 641 2854 sed
657 2801 782 2868 quantitate
800 2811 852 2861 pro-

83 2930 115 2992 (1)
130 2937 163 2982 Ite
173 2936 211 2981 his
224 2936 296 2981 etlam
309 2936 334 2981 in
346 2938 384 2997 11,
395 2936 474 2986 Soet„
487 2935 541 2982 dist.
554 2932 594 2993 29,
604 2943 645 2989 qu.
655 2929 683 2990 1,
698 2933 741 2974 art.
754 2925 778 2970 d.
