1984 3309
137 138 184 185 tic
275 144 352 185 curua
367 144 496 195 suemus,
510 141 604 189 cossi.
617 143 682 196 zen,
696 142 755 182 sur.
767 146 812 184 ru.

136 224 275 275 considerari
291 222 417 287 dupliciter.
437 223 487 271 Uno
506 221 573 271 modo
591 223 717 286 quactum
730 222 768 272 od
786 222 937 272 exercitium

137 297 223 357 oetcs;
237 298 261 345 ct
277 296 311 344 sic
329 297 393 343 sctus
409 291 504 343 rationis
524 306 615 356 semper
634 293 746 357 imperari
761 297 861 358 potest:
881 295 939 343 sicut

137 364 188 415 circ
201 365 307 415 indicitur
317 363 384 415 sicui
395 360 455 427 quod
466 364 571 414 attendat
581 366 606 414 et
614 364 704 414 ratione
713 367 803 415 utatur.
814 365 864 415 iiio
874 367 939 415 modo

138 440 261 502 puuctum
279 436 314 485 cd
335 436 477 499 objectum,
488 440 595 499 respectu
614 436 681 500 cujus
697 436 745 487 dno
761 442 829 487 actus
845 437 938 487 rationis

138 509 283 559 attenduntur
297 522 303 555 ι
317 505 502 570 primoquidem,
518 511 544 555 ut
556 507 750 557 vennonenses
764 508 852 571 aliquid
861 520 939 573 appre
972 521 974 560 ι

138 580 234 637 ιιιιιάιιῐς
243 580 266 628 et
275 580 319 627 hoc
328 591 374 629 non
385 580 422 629 est
432 578 457 627 iu
471 580 586 641 potestate
594 582 687 642 nostra,
697 580 742 629 hoc
755 579 820 629 enim
832 579 939 642 contingit

137 664 179 715 per
187 650 294 699 uirtutem
305 648 402 713 aiicujus
415 649 510 700 luminis
519 649 555 699 uel
567 650 688 713 naturalis,
696 650 736 701 rei
744 651 937 714 supernaturalis:

138 724 162 771 et
175 720 226 771 ideo
244 724 353 783 quantum
366 722 396 770 ad
413 722 471 785 hoc,
484 724 548 771 ectus
560 720 658 771 rationis
672 734 720 771 non
736 726 773 772 est
786 722 812 771 in
829 726 941 786 potestate

139 797 228 857 nostru,
245 806 288 843 uec
307 792 416 857 imperari
427 795 510 857 potest.
530 792 593 843 Atius
611 796 688 843 autem
704 796 769 843 actus
781 794 881 844 rationis
895 798 939 853 est,

140 878 179 913 um
194 864 232 915 liis
242 878 293 929 quae
303 864 466 928 apprehendit,
477 863 581 915 assentit.
591 862 616 912 Si
625 864 695 926 igitur
704 864 792 915 tuerint
802 866 849 914 alia
862 878 940 930 appre-

42 985 49 999 ,
141 936 318 999 hense,quibus
326 935 456 987 naturaliter
464 934 711 987 intellectusassentiat
721 936 790 997 (sicut
799 937 874 1000 prima
882 936 941 1002 prin-

141 1007 219 1073 cipis),
234 1022 341 1059 assensus
350 1008 428 1057 talium
443 1007 479 1057 uel
493 1006 609 1057 dissensus
622 1019 668 1056 non
679 1006 751 1057 estin
761 1010 879 1071 potestate
892 1022 941 1058 nos
972 1033 974 1038 ·

103 1077 105 1081 '
141 1080 190 1141 tra,
205 1080 246 1129 sed
258 1080 283 1131 in
296 1078 375 1129 ordine
392 1082 478 1129 naturae
493 1093 500 1127 :
515 1080 539 1127 et
550 1078 604 1127 ideo
620 1078 712 1142 proprii
730 1079 847 1143 loquendo
859 1084 940 1129 natura

141 1148 237 1213 imperio
249 1150 359 1215 subjacet.
375 1150 433 1200 Sunt
445 1152 523 1200 sutem
538 1150 642 1213 quedam
656 1152 819 1214 apprehensa,
833 1166 886 1215 que
899 1165 941 1201 non

142 1222 197 1272 adeo
209 1222 349 1273 convincunt
364 1224 504 1274 intellectum
516 1222 573 1285 quiin
588 1221 660 1285 possit
673 1222 786 1273 emendus
805 1225 845 1273 set
857 1224 941 1274 dissen-
972 1285 974 1292 Ι

142 1293 197 1355 tire,
211 1295 246 1345 vei
262 1295 342 1345 saitem
357 1308 472 1345 assensum
487 1294 524 1344 vei
544 1292 672 1344 dissensum
693 1296 837 1357 suspendere
851 1299 942 1360 propter
972 1317 974 1330 =

142 1366 239 1429 adquam
258 1378 361 1432 museum
372 1368 395 1415 et
408 1364 433 1414 in
442 1364 525 1415 talibus
537 1377 644 1415 assensus
653 1366 692 1415 uei
700 1366 823 1417 dissensus
832 1368 939 1432 inpetus-

141 1439 188 1487 tate
202 1439 278 1487 nostra
293 1439 341 1500 est,
359 1441 381 1487 et
391 1436 433 1485 sub
446 1436 541 1499 imperio
553 1438 621 1487 cadit.

173 1509 208 1559 td
226 1509 321 1573 primum
341 1520 393 1571 ergo
409 1507 544 1568 dicendum,
560 1507 620 1571 qudd
634 1508 692 1559 ratio
706 1522 737 1559 eo
760 1512 829 1562 modo
848 1512 940 1575 imperat

142 1578 184 1629 sibi
198 1580 257 1643 ipsi,
268 1580 328 1629 sicut
343 1584 367 1630 ct
384 1580 490 1631 uoluntas
507 1584 583 1629 movet
596 1580 694 1643 seipsam
701 1618 711 1643 ‚
725 1583 839 1646 utsupra
858 1584 938 1633 dictu·

142 1654 178 1700 cst
190 1651 199 1714 (
207 1664 246 1714 qu.
257 1654 286 1713 9,
301 1654 342 1700 art.
355 1652 399 1715 3),
414 1650 558 1714 inquantum
572 1652 662 1702 scilicet
673 1656 772 1716 utraque
791 1655 893 1717 potentis
904 1668 939 1703 re-
972 1689 974 1694 -

142 1721 240 1771 flectitur
252 1734 320 1784 supra
336 1736 403 1773 surum
421 1726 511 1783 actum,
526 1724 550 1772 et
560 1734 590 1771 ex
607 1722 690 1773 uuo'in
706 1724 770 1774 atiud
783 1725 864 1775 tcadit.

174 1792 208 1841 nd
226 1793 350 1843 secumdum
369 1794 502 1855 disemum,
516 1793 577 1856 qutd
589 1796 681 1858 propter
694 1795 852 1847 diversitatem
862 1797 938 1860 objec-
972 1799 974 1804 '

144 1868 216 1915 torum
235 1876 284 1928 quae
305 1869 358 1915 actu
372 1866 456 1917 rationi
478 1866 938 1930 subduntur,uihi1prohibctrutioccm
972 1873 974 1932 ξ

143 1936 241 2001 seipsam
255 1936 387 2002 participare
403 1953 409 1987 :
425 1938 483 1988 sieut
496 1937 521 1986 in
537 1937 666 2001 cognitione
680 1938 857 1990 conclusionum
873 1940 938 2004 parti·
972 1977 974 2004 ÷

144 2009 230 2074 cipitur
244 2009 342 2074 cognitio
354 2010 527 2075 principiorum.
972 2009 974 2022 '

177 2082 211 2133 td
223 2081 315 2133 tertium
328 2084 392 2146 patet
404 2081 523 2149 responsio
536 2096 566 2132 ex
579 2080 653 2132 dictis.

428 2234 587 2285 nunccius
602 2235 651 2283 vti.

254 2343 339 2388 Utricm
355 2346 422 2389 octos
439 2342 559 2400 oppetitur
574 2342 682 2386 sensitici
698 2342 841 2398 imperetur.

176 2450 210 2499 nd
219 2450 340 2514 septimum
351 2452 385 2501 sic
399 2449 526 2515 proceditur
534 2449 579 2515 (t).
589 2448 753 2513 videturqudd
766 2452 833 2500 actus
845 2448 940 2501 sensitiri
972 2443 974 2512 j

145 2522 259 2587 appetitus
271 2534 317 2573 ncu
329 2522 499 2585 sitimpcratus.
513 2520 572 2571 nisit
581 2520 642 2571 enim
656 2521 938 2585 apostotus‚nom.,vn:
972 2549 974 2554 -

146 2612 160 2642 ιι
170 2596 219 2645 Non
238 2594 298 2645 euim
313 2595 373 2658 quod
389 2595 438 2645 volo
451 2596 551 2657 bonum,
560 2596 603 2644 troc
618 2606 675 2658 sgo;
686 2610 699 2641 u
712 2597 735 2643 ct
749 2593 829 2643 titossa
843 2592 939 2656 exponit,
972 2589 974 2648 j

145 2665 204 2727 qrrdd
222 2681 235 2713 ιι
245 2666 313 2715 horno
323 2665 373 2713 ruit
390 2677 436 2715 nou
449 2665 624 2731 concupiscere,
637 2668 661 2715 et
673 2668 751 2714 tamen
765 2663 914 2727 concupiscit.
929 2679 940 2707 u
972 2665 974 2726 ζ

178 2804 211 2866 (1)
229 2808 261 2850 Dc
271 2806 306 2850 his
315 2805 384 2850 etism
396 2808 465 2867 iniri,
479 2822 520 2867 qu.
532 2807 572 2871 to',
587 2814 631 2856 art.
643 2808 668 2869 3,
681 2814 705 2855 ct
717 2822 758 2867 qu.
771 2808 812 2867 56,
827 2813 871 2854 art.
883 2806 908 2862 43
921 2813 941 2850 et
972 2759 974 2854 Ξ

146 2878 185 2920 qu.
196 2866 241 2925 25,
252 2868 280 2911 do
292 2868 369 2926 verit,
382 2876 425 2913 cst.
438 2869 462 2915 t.
972 2883 974 2886 '
