1984 3309
131 205 165 242 un
179 202 263 241 tou
276 200 425 242 οοσιιιποιιιι
439 204 558 244 macru
575 204 747 249 εοιιιοιιιιιυιι.
794 200 841 249 iti

34 284 109 335 tentia
126 281 230 333 existens
243 280 390 345 pesbnodum
403 284 455 331 actu
471 281 598 346 intelligat,
617 282 706 351 oportet
719 286 780 351 qubd
797 291 842 341 boc

33 364 142 407 causetur
152 355 182 404 ab
190 354 266 417 aliquo
276 352 396 403 mulceto
409 352 449 416 qui
461 367 550 419 semper
558 357 592 406 est
600 356 625 406 in
636 361 696 407 actu.
709 359 750 409 iiic
764 364 839 412 autem

34 435 66 479 est
81 426 216 477 intellectus
231 426 359 492 separatus.
376 425 437 488 Ergo
450 426 479 475 ab
498 424 609 491 aliquibus
630 428 762 482 substantiis
776 446 843 497 sepa·

33 501 90 551 ratis
103 501 229 552 causantur
240 496 331 560 species
339 496 510 560 intelligibiles,
522 496 605 562 quibus
618 502 669 551 actu
685 502 841 567 intelligimus.

64 572 112 623 sed
123 572 207 621 contra
224 571 273 629 est,
285 565 339 631 qnia
353 568 477 618 secundnm
495 570 555 630 boc,
570 570 675 623 sensibus
693 586 739 624 non
753 572 842 639 indige-

35 656 113 693 remus
124 642 155 692 ad
170 638 354 702 intelligendum.
366 638 431 697 Quod
442 643 506 703 patet
518 654 569 691 csse
582 642 664 692 laisum
667 681 676 707 ,
685 657 714 695 ex
726 647 769 695 boc
783 658 841 709 prce·

35 714 118 779 cipue,
133 713 198 778 quod
211 709 252 775 qui
271 714 334 761 caret
347 724 396 761 nno
414 724 499 776 scum,
510 714 573 763 nullo
586 714 652 765 modo
667 719 742 781 potest
760 718 844 771 babere

36 786 156 838 scientiam
173 785 204 835 de
215 782 365 834 sensibilibus
374 783 437 834 ilius
448 798 530 835 sensus
543 787 576 851 (ut
583 785 633 850 jam
643 787 730 854 cupri).

65 860 266 925 (donauero-
271 854 369 918 Species
379 853 542 921 intelligibiles,
551 856 633 923 quibus
643 860 717 911 anima
724 860 841 928 inteiligit,

38 945 82 981 non
95 929 198 980 effluunt
216 927 232 977 a
247 926 330 977 formis
347 926 480 991 separatis.)

69 1001 209 1065 Respondes
220 998 351 1058 dicendum,
364 995 425 1061 qnid
437 998 662 1065 qnidampcsnerunt
674 1002 762 1067 specics
777 1003 845 1057 intei-

38 1070 137 1135 ligibiies
147 1070 224 1122 nostri
243 1069 374 1121 intedeetus
385 1070 507 1133 presedere
523 1072 551 1121 ab
569 1072 680 1137 aliquibus
698 1074 785 1141 formis,
805 1078 843 1129 vel

38 1144 171 1195 substantiis
196 1142 318 1206 separatis.
340 1142 370 1191 lit
392 1143 436 1191 boc
458 1142 584 1207 dupliciter.
605 1146 669 1197 Plato
687 1147 763 1213 cuim,
785 1148 845 1201 sieut

38 1219 123 1267 dictum
137 1218 176 1266 osi
194 1216 253 1276 (art.
275 1212 308 1277 1)
320 1212 399 1277 posuit
415 1213 500 1265 formas
513 1229 588 1266 rerum
607 1218 748 1269 sensibilium
762 1234 804 1285 per
818 1235 843 1273 se

37 1291 85 1340 sine
98 1286 201 1338 materia
214 1284 382 1349 subsistentes;
392 1284 451 1334 sicut
462 1286 557 1345 formam
571 1288 683 1353 hominis,
693 1304 761 1355 quam
770 1293 843 1344 nomi-

38 1364 106 1412 nabat
118 1374 172 1425 per
192 1372 218 1406 ee
232 1356 360 1406 bominem
375 1371 384 1405 :
397 1360 421 1407 et
437 1357 532 1407 turmam
543 1360 580 1409 vei
597 1358 671 1410 ideam
688 1362 757 1425 equi,
775 1371 843 1427 quam

37 1431 171 1484 nominabat
182 1444 234 1494 per
242 1442 387 1493 seequum,
398 1431 422 1478 et
432 1428 466 1479 sic
476 1430 505 1479 de
514 1430 572 1481 aliis.
587 1432 632 1482 llas
643 1445 696 1495 ergo
710 1432 795 1485 formas
809 1448 845 1487 se-

37 1510 127 1569 paratas
139 1502 248 1568 ponebat
264 1498 405 1563 participari,
417 1503 440 1550 ct
453 1501 481 1550 ab
492 1501 567 1552 anima
578 1507 671 1567 nostra,
685 1508 710 1555 et
726 1504 738 1554 d
751 1507 846 1558 materia

36 1577 161 1642 corporali.
177 1573 214 1625 Ab
225 1572 303 1623 anima
316 1570 409 1635 quidem
421 1575 507 1635 nostra,
522 1574 551 1625 ad
564 1576 759 1641 cognoscendum3
771 1576 785 1629 i
797 1592 845 1629 ma·

36 1651 92 1700 teria
99 1648 161 1701 verb
174 1644 299 1711 corporali,
309 1644 338 1695 ad
352 1644 486 1709 essendnm·‚
501 1648 527 1696 ut
543 1646 601 1697 sicut
614 1648 708 1699 materia
721 1650 844 1713 corporalis

36 1736 74 1784 per
83 1723 132 1772 boc
144 1719 211 1783 qnod
224 1715 348 1781 paricipat
358 1714 433 1765 ideam
449 1716 548 1782 lapidis,
562 1716 587 1768 iit
600 1716 638 1769 bic
649 1718 721 1785 lapisa
734 1721 765 1772 ita
778 1721 845 1773 intel-

38 1794 109 1843 lectu,
118 1794 206 1843 noster
218 1800 261 1853 per
276 1788 322 1838 boc
332 1788 393 1851 quod
403 1787 525 1853 participat
541 1790 615 1841 ideam
630 1790 725 1857 lapidis,
741 1793 766 1844 ut
777 1792 845 1844 intel-

37 1865 108 1927 ligens
121 1862 236 1929 lapidem.
250 1857 395 1923 Partieipatio
408 1863 484 1911 autem
499 1860 556 1912 idea
571 1860 597 1912 iit
611 1876 653 1927 per
669 1864 767 1929 aliquam
782 1865 845 1915 simi-

38 1937 159 1987 titudinem
173 1933 252 1998 ipsius
262 1933 320 1982 idee
333 1930 358 1981 in
375 1931 524 1999 participante
539 1932 626 1998 ipsam3
641 1948 682 1999 per
695 1936 785 1986 modum
798 1952 844 2001 quo

37 2009 152 2074 exemplar
160 2004 315 2071 participetur
323 2003 353 2053 ab
361 2004 568 2068 exemplatusicut
576 2005 644 2069 igitur
653 2007 752 2070 ponebat
760 2007 845 2059 turmas

37 2080 174 2139 sensibiles,
188 2088 242 2140 quae
256 2078 310 2126 snut
325 2074 350 2125 in
368 2075 464 2125 materia
479 2077 603 2141 corporali,
617 2078 709 2128 eiflnere
731 2078 758 2128 ab
769 2077 845 2143 ideis,

38 2152 93 2202 scut
108 2150 225 2215 quasdam
242 2159 324 2197 earum
335 2146 506 2211 similitudines3
521 2148 552 2197 itu
563 2149 661 2212 ponebat
673 2148 762 2212 species
775 2149 844 2200 intel·

38 2222 135 2286 ligibiles
147 2220 225 2271 nestri
239 2219 370 2270 intellectus
383 2230 436 2269 esse
448 2219 609 2271 similitudines
621 2220 729 2285 quasdam
743 2220 844 2273 idearum

38 2300 65 2346 ab
77 2298 112 2348 eis
125 2296 270 2353 effluentes,
284 2296 309 2343 et
321 2294 414 2358 propter
426 2294 482 2354 boc,
492 2296 518 2345 ut
529 2306 596 2358 snpra
607 2294 692 2345 dictum
704 2297 739 2345 cst
749 2295 806 2360 (art,
819 2296 842 2361 t)

38 2370 147 2420 scientias
166 2372 194 2419 et
207 2365 359 2417 diffinitiones
375 2364 404 2415 ad
419 2365 483 2415 ideas
501 2365 619 2416 referebat.
638 2366 683 2417 Sed
698 2366 751 2428 qnia
766 2370 844 2417 contra

39 2443 149 2493 rabonem
163 2451 244 2490 rerum
255 2435 397 2488 sensibilium
408 2439 456 2495 est,
467 2436 527 2499 qudd
542 2449 620 2487 earum
633 2436 709 2489 iormae
719 2438 846 2490 subsistant

40 2514 123 2577 absque
137 2509 260 2572 materiis,
271 2512 298 2559 ut
310 2508 443 2559 Aristoteles
454 2508 610 2573 multipliciter
617 2509 711 2574 probat;
722 2510 773 2561 ideo
787 2510 845 2563 Avi·

41 2596 111 2633 ceum
123 2585 170 2634 bac
186 2581 303 2647 positione
315 2583 411 2644 mmet,
421 2579 499 2644 posuit
510 2576 610 2631 omnium
620 2593 694 2631 rerum
703 2581 843 2632 sensibilium

42 2653 200 2719 intelligibiles
212 2652 301 2717 species
313 2665 360 2702 non
374 2649 464 2716 quidem
474 2664 516 2716 per
525 2665 550 2702 se
560 2650 681 2703 subsistere
695 2652 780 2717 absque
795 2667 844 2703 ma-

43 2726 110 2788 teria,
121 2727 163 2777 sed
173 2724 325 2791 praeexistere
339 2723 517 2775 immaterialiter
524 2723 549 2773 in
560 2722 710 2775 intellectibus
722 2724 841 2789 separatis.

41 2800 59 2845 A
74 2812 170 2860 qnorum
184 2798 261 2863 primo
275 2796 406 2847 derivantur
417 2795 549 2862 hujusmodi
561 2794 650 2859 species
663 2795 842 2861 insequentem,

43 2872 66 2916 et
78 2869 113 2919 sic
124 2870 152 2921 de
167 2870 229 2930 aliis,
244 2881 319 2933 nsque
333 2867 361 2917 ad
369 2866 474 2917 ultimum
483 2866 623 2919 intellectum
634 2871 843 2933 separatnm,quem

44 2939 147 2991 nonnae
159 2940 320 2992 intellectum
333 2940 455 3003 agentem,
470 2938 540 3003 ique
545 2976 555 3004 ,
568 2942 594 2991 ut
606 2939 656 3005 ipsc
669 2937 737 3001 dicit,
751 2938 847 2989 effluunt
