1984 3309
149 114 197 162 ata
391 121 452 162 raas
466 124 490 172 r,
507 123 599 168 coner.
616 122 705 162 nnn.

148 202 260 265 apparent
271 199 445 263 phantasmata,
457 199 499 250 sod
507 199 601 250 distorta
611 203 635 250 et
644 199 784 263 inordinatn3
794 200 851 252 sium
861 198 938 250 accidit

149 271 175 322 in
190 270 376 322 febricitantibus.
394 270 419 320 Si
432 268 487 322 verb
501 271 576 322 adbuc
588 270 660 334 mapa
674 274 748 334 motus
760 271 861 334 udatur,
876 286 939 335 appu·

150 346 201 393 rent
213 344 371 406 phantasmata
386 340 504 406 ordinata3
519 341 577 393 sicut
592 341 690 394 maxime
705 343 764 394 solet
779 343 940 408 contingerem

149 414 195 465 dne
208 413 359 478 dormitionis,
373 415 428 466 etin
443 415 573 469 bominibus
585 414 675 477 sobriis,
686 418 709 466 ct
720 415 856 467 habentibus
866 418 939 467 iorteru

148 484 342 549 imaginationem·
350 489 394 551 (1).
406 486 432 536 Si
444 490 522 539 autem
535 489 610 540 motus
623 499 735 550 vaporum
750 487 818 536 tuerit
831 488 940 546 modicus,

150 571 196 608 non
209 558 282 608 solum
292 557 424 620 imaginatio
441 561 544 610 romanet
560 558 647 617 libera,
668 558 789 614 sedetiam
803 558 853 623 ipss
870 573 940 610 seusus

150 631 278 683 communis
295 644 325 683 ex
336 634 402 694 parte
413 631 521 694 soluitur,
534 631 565 680 ita
580 631 640 694 quod
655 631 724 682 bomo
736 629 826 694 judicat
836 631 907 682 interi

150 702 174 751 in
183 702 315 754 dormiendo
324 715 352 752 ea
360 716 411 764 que
419 702 496 761 uidet,
508 701 595 753 somnia
608 715 673 762 esse,
682 702 748 766 quasi
756 701 875 766 dijudican

150 786 188 825 res
201 777 225 823 et
237 787 312 824 rerum
323 773 491 825 similitudines.
502 772 547 824 Sed
558 777 636 824 amen
650 787 679 824 ex
690 773 764 838 atiquo
772 777 835 838 purte
847 790 852 800 ’

150 858 232 896 seusus
249 845 378 896 comumnis
393 846 485 908 ligatus.
505 848 533 896 Et
551 846 602 898 ideo
618 846 670 896 dcet
688 846 775 910 aliquas
790 846 831 896 siu

151 917 263 968 dboems
275 917 290 967 d
302 918 386 980 rebus3
397 922 476 970 amen
490 931 580 982 semper
595 919 620 987 in
640 918 753 982 aliquibus
771 918 820 970 deci

150 989 220 1053 igitur
236 1004 277 1053 per
296 991 387 1040 modum
400 1004 449 1054 ‚quo
464 1005 546 1044 sensus
562 990 656 1041 soluitur
670 994 693 1042 et
710 989 823 1052 imaginun

151 1060 256 1124 miendo,
276 1061 385 1112 liberatur
400 1062 512 1125 judicium
530 1062 670 1126 intellectus,
689 1076 734 1112 non
751 1067 827 1112 umen

152 1134 216 1183 Unde
228 1133 262 1183 iili
276 1134 315 1198 qui
328 1134 460 1186 dormiendo
474 1135 622 1200 syllogisant,
636 1147 687 1186 cium
701 1131 828 1188 excitantur

151 1211 291 1270 cognoscunt
303 1220 329 1259 so
342 1206 366 1257 iu
379 1207 454 1271 aliquo
468 1207 585 1260 deiecisse.

470 1375 474 1380 ”
492 1386 606 1406 *ιη-ιιι-

378 1543 547 1614 QUAESTIU
565 1543 720 1608 LXXXV.

171 1687 206 1733 Dc
217 1687 285 1732 modo
297 1691 318 1734 ot
327 1685 415 1734 ordino
425 1687 597 1746 iutetiipccdi,
607 1688 637 1734 ic
649 1689 699 1734 octo
710 1687 827 1734 articulos
840 1687 928 1734 diuisa.

183 1837 268 1889 Deinde
281 1837 470 1888 considerandum
486 1840 521 1887 est
534 1837 561 1887 de
584 1838 650 1887 modo
668 1840 691 1888 et
703 1837 782 1888 ordine
796 1837 944 1902 intelligendi.

151 1913 179 1961 Et
193 1911 252 1960 circa
265 1911 307 1960 huc
321 1913 452 1974 queruntur
462 1912 513 1958 octo
528 1924 534 1958 ι
550 1912 577 1958 1⁰
590 1910 668 1960 Utrum
683 1909 813 1960 intellectus
823 1914 901 1962 noster
912 1910 946 1960 iu·

150 1983 238 2045 telbgm
255 1982 405 2033 abstrahendo
423 1980 510 2045 species
522 1980 750 2047 dpbantasmatibus.
765 1987 790 2030 2⁰
808 1983 889 2032 Utrum
900 1996 947 2046 spe·

151 2055 198 2106 cies
217 2053 370 2117 iuteltigibiles
387 2051 529 2104 abstractea
544 2053 738 2118 phantasmatibus
757 2067 781 2104 se
803 2055 904 2112 babeant
922 2055 947 2106 ad

150 2128 290 2179 intellectum
302 2130 421 2189 nostrum,
431 2130 456 2175 ut
469 2125 538 2189 quod
553 2124 724 2189 ictetiipitcr,
737 2126 773 2176 vel
786 2125 845 2176 sicud
860 2127 890 2176 id
903 2141 947 2190 quo

152 2199 318 2263 intelttqitcr.
333 2204 358 2248 3⁰
364 2200 444 2248 Utrum
456 2197 589 2246 intellectus
597 2200 675 2248 noster
688 2197 820 2251 naturaiiter
837 2197 947 2261 intelligat

151 2271 216 2337 priuis
239 2271 312 2333 magis
334 2269 471 2323 uniuersale.
491 2272 518 2318 t0
538 2269 617 2318 Utrum
633 2267 763 2320 intellectus
783 2272 863 2321 noster
881 2269 948 2334 possit

150 2345 223 2396 multa
237 2343 303 2394 simul
322 2342 458 2406 intelligere.
473 2346 499 2390 5⁰
515 2341 594 2392 Utrum
607 2341 736 2392 intellectus
749 2346 825 2392 noster
838 2341 947 2402 intelligat

152 2415 309 2480 componendo
322 2418 346 2463 et
359 2413 488 2465 dividendo.
502 2417 528 2462 6⁰
539 2413 617 2464 Utrum
631 2412 761 2464 intellectus
773 2412 847 2477 possit
865 2427 945 2464 errare.

183 2550 215 2614 (1)
227 2551 285 2599 Haec
293 2552 361 2609 porro
373 2564 424 2608 qua
432 2552 461 2596 ad
469 2551 557 2598 variam
569 2553 709 2598 somniorum
719 2551 876 2598 conditionem
885 2563 945 2609 spec·

152 2613 218 2670 tant,'
234 2628 281 2659 non
295 2627 324 2659 ex
334 2616 377 2659 lib.
395 2615 430 2659 Do
445 2627 527 2659 somno
538 2618 559 2659 ct
574 2615 666 2672 cicilia
680 2615 785 2671 superius
799 2619 896 2672 notato,
910 2615 945 2660 sed

152 2691 181 2723 ex
191 2679 234 2722 bib.
248 2678 282 2722 De
292 2678 423 2722 insomniis
433 2678 579 2734 colliguntur,
591 2676 630 2733 qui
647 2678 791 2735 subjungitur
802 2679 945 2734 praecedeuti,

152 2746 179 2784 ut
191 2745 215 2783 et
226 2753 255 2784 ex
263 2740 305 2784 lib.
316 2739 351 2784 De
360 2739 515 2786 divinatione
523 2751 569 2797 per
582 2741 757 2796 comminationi
768 2745 821 2796 post
830 2746 946 2796 utrumque

153 2802 311 2856 subnectitur;
326 2808 350 2847 ot
360 2801 418 2847 torte
428 2803 483 2847 oiim
492 2804 536 2847 sub
544 2801 625 2848 andern
636 2803 785 2860 inscriptione
796 2815 850 2849 cum
861 2803 946 2850 ceteris

153 2864 243 2912 duobus
256 2866 389 2912 notabatur.
