1984 3309
112 211 147 249 nn
160 210 265 261 nom,
279 210 321 255 our
333 210 366 247 ax
379 210 515 249 samarcam
528 212 557 249 ur
571 210 718 265 consonans,
733 212 787 252 nne.
821 204 854 251 97

42 287 155 339 unimaet
167 286 278 338 carmhos
290 290 314 338 et
327 286 416 339 omibus
426 302 434 352 3
445 290 536 352 oportet
547 286 610 339 euim
622 288 650 341 de
659 289 786 343 substantia
798 304 851 356 spe-

42 359 87 409 ciei
98 370 151 410 esse
164 358 274 423 quicquid
284 362 319 409 est
332 358 489 423 communiter
497 355 526 409 ho
539 358 665 411 substantia
677 360 779 412 omnium
791 362 853 415 indi-

42 433 164 483 uiduorum
174 434 218 482 suh
234 430 311 495 specie
325 435 495 481 contentorum.
513 432 562 483 Alio
575 432 630 484 aero
647 434 713 484 modo
726 438 802 499 potest
813 436 852 487 in-

42 504 172 569 colligiae,
184 503 248 569 quod
259 501 329 553 etiam
338 504 388 553 haec
399 502 476 552 anima
487 502 518 552 sit
528 502 567 553 hic
578 505 654 555 homo.
666 506 694 555 Et
705 506 749 556 hoc
759 506 853 571 quidem

43 576 149 627 sustineri
165 579 261 641 posset,
278 575 299 625 si
310 578 436 639 poneretur
447 572 510 638 quio
525 575 607 627 anime
620 576 736 627 sensitivae
749 579 852 643 operatio

44 652 101 698 esset
110 648 165 713 ejus
176 647 271 712 propria
288 646 337 697 siue
352 658 449 711 corpore
455 684 464 711 ,
479 646 629 711 quia-omnes
642 648 851 715 operationesque

43 720 198 770 attribuuntur
215 719 308 769 homini
321 719 476 769 conuenirent
488 718 532 769 soli
546 719 637 771 anime.
654 721 714 771 illud
728 725 804 773 aowin
817 726 853 774 est

42 805 185 857 unaqueque
209 804 249 841 res
266 792 327 855 quod
347 795 457 855 operatur
472 791 617 854 operationes
635 791 697 843 iilius
712 792 771 844 rei:
791 795 851 847 uude

41 863 94 913 illud
106 868 143 914 ent
154 864 230 913 homo
244 863 305 927 quod
318 866 428 927 operatur
444 862 590 926 operationes
606 862 713 914 hominis.
729 866 853 917 Osteusum

45 941 79 982 est
93 938 169 986 autem
182 933 247 999 quod
263 936 359 984 sentire
370 948 418 985 uon
430 938 466 984 est
475 935 578 998 operatio
587 936 670 987 anime
682 934 784 1001 tauthm3
797 937 851 989 chm

45 1006 111 1066 igitur
121 1008 221 1056 sentire
232 1004 263 1055 sit
276 1006 381 1069 aueum
392 1004 499 1069 operatio
508 1006 618 1070 hominis,
627 1006 681 1057 licet
692 1021 737 1059 nou
748 1008 850 1073 propria,

45 1078 188 1129 manifestum
202 1080 241 1128 est
250 1075 313 1141 quod
322 1078 392 1129 homo
406 1089 455 1127 nou
468 1080 504 1127 est
517 1078 593 1128 anima
603 1076 702 1141 tauthm,
714 1080 753 1129 sed
765 1079 851 1143 aliquid

44 1150 193 1213 compositum
208 1148 327 1199 exanima
341 1151 365 1198 et
378 1160 485 1213 corpore.
502 1150 567 1200 Plato
580 1146 636 1200 verh
653 1163 742 1214 ponens
754 1152 852 1201 sentire

42 1234 88 1270 esse
100 1221 221 1286 proprium
236 1220 319 1271 animae
324 1258 334 1285 ,
348 1232 436 1285 ponere
453 1220 528 1285 potuit
540 1220 600 1287 quhd
619 1223 687 1272 homo
700 1225 761 1273 esset
772 1222 850 1275 anima

41 1298 105 1344 utens
117 1306 225 1357 corpore.

71 1365 104 1415 ai
118 1366 223 1429 primum
240 1376 296 1427 ergo
312 1363 453 1426 moenium,
466 1362 529 1427 quod
546 1362 671 1415 secuudum
684 1362 848 1428 Philosophum

42 1434 65 1483 iu
79 1436 122 1499 ix,
135 1436 244 1487 Ertaia:
260 1452 274 1482 u
287 1434 348 1484 illud
358 1432 480 1499 potissime
493 1434 584 1485 videtur
597 1446 647 1485 esse
660 1436 850 1501 unumquodque,

45 1507 102 1568 quod
111 1512 145 1557 cst
152 1505 283 1571 principale
294 1505 320 1557 iu
333 1506 384 1570 ipso
395 1520 401 1555 ε
414 1522 429 1553 u
438 1504 499 1555 sicut
510 1506 570 1569 quod
581 1505 638 1555 iacit
653 1508 729 1555 rector
739 1505 848 1571 civitatis,

45 1577 126 1628 dicitur
137 1579 219 1630 ciuitas
235 1578 325 1628 facere.
343 1578 372 1627 Et
381 1579 427 1628 hoc
446 1576 513 1627 modo
531 1575 651 1641 aliquando
663 1576 723 1640 quod
734 1579 769 1627 est
784 1577 848 1641 priu-

42 1648 145 1712 cipaieiu
158 1650 257 1701 homine
273 1648 357 1700 dicitur
369 1650 459 1712 laomo;
474 1648 595 1713 aliquando
607 1648 699 1715 quidem
713 1662 766 1713 pars
779 1648 849 1700 iutel-

39 1721 134 1786 tectira,
144 1720 277 1773 secundhm
290 1720 326 1770 rei
335 1720 475 1783 verinum,
484 1734 536 1784 quae
551 1720 633 1770 dicitur·
644 1720 716 1769 laonio
728 1720 848 1789 interiore¹

40 1794 160 1857 aliquando
175 1793 234 1844 vero
248 1806 304 1857 pars
320 1791 434 1842 sensitiva
450 1805 504 1841 cum
522 1804 632 1857 conpore,
649 1791 773 1841 secundom
787 1790 849 1843 testi·

40 1866 161 1917 natiouem
171 1865 343 1930 quorumdam,
355 1863 396 1928 qui
411 1862 484 1913 solium
502 1862 561 1913 circu
574 1860 692 1913 sensibilia
705 1862 848 1926 detinentun3

40 1942 60 1986 et
70 1938 108 1988 hic
118 1937 204 1988 dicitm
212 1936 288 1985 homo
299 1938 425 1986 exterior.

67 2012 100 2059 ad
112 2008 243 2060 secundam
256 2008 389 2070 dicendum,
402 2004 466 2071 quod
477 2018 522 2055 nou
537 2004 644 2069 quaelihet
654 2004 781 2055 substantia
794 2018 847 2068 pas·

39 2081 183 2132 tiemarisest
196 2078 329 2145 hypostasis
337 2080 376 2130 uel
388 2090 503 2143 persona,
513 2078 553 2128 sed
565 2092 616 2141 quae
628 2076 697 2127 hahet
710 2076 848 2141 completam

40 2159 139 2203 naturam
157 2151 265 2217 speciei:
281 2152 342 2201 uuoe
357 2147 441 2199 manu's
453 2148 492 2208 vel
505 2162 545 2213 pes
558 2162 605 2199 uou
617 2152 695 2212 potest
704 2145 749 2197 dici
760 2148 847 2211 hypos-

40 2225 90 2274 tasis
101 2225 140 2274 rei
151 2236 268 2288 persuua3
283 2226 308 2272 et
317 2219 428 2272 similiter
438 2233 482 2269 uec
490 2216 582 2286 amma,
595 2219 645 2269 cium
656 2218 686 2270 sit
696 2232 750 2283 pars
759 2218 847 2283 speciei

41 2298 151 2348 humanm.

343 2381 505 2433 aschetinus
517 2382 546 2431 V.

109 2501 204 2546 Utrum
212 2499 297 2543 anima
306 2499 340 2543 ait
353 2496 484 2554 compositu
493 2510 522 2541 en
531 2496 634 2541 materia
643 2499 667 2541 et
679 2497 771 2552 sonmo.

67 2612 99 2661 to
105 2610 219 2675 quintum
228 2606 262 2658 sic
274 2606 410 2671 proceditur
419 2603 464 2669 (i).
474 2604 568 2656 Videtur
581 2604 643 2669 quud
653 2604 729 2655 mima
742 2604 773 2655 sit
785 2617 849 2655 com·

41 2684 109 2741 posita
121 2695 153 2732 ex
163 2678 267 2730 materia
279 2681 304 2728 et
314 2676 397 2727 torma.
410 2676 519 2725 Potentia
533 2676 594 2726 euim
608 2678 688 2726 contra
701 2679 776 2725 actum
787 2673 849 2724 diui·

42 2753 104 2802 ditm.
117 2753 168 2803 Sed
182 2749 262 2801 omnia
279 2760 424 2812 quaecuuque
433 2751 486 2797 auat
497 2748 523 2797 iu
534 2752 584 2799 actu
596 2746 736 2811 participant
747 2743 849 2809 primum

42 2830 122 2888 uorum,
131 2824 174 2888 qui
187 2824 253 2876 Deus
264 2823 313 2882 δὴ
326 2833 369 2883 pen
382 2818 450 2882 cujus
458 2818 657 2883 participationem
670 2816 748 2867 omnia
755 2818 810 2865 suut
819 2817 845 2862 et

74 2932 102 2991 (i)
113 2934 148 2980 Do
162 2932 202 2979 his
219 2926 327 2989 otiaml,
338 2928 485 2979 Sestiudist.
501 2928 528 2988 8,
540 2934 623 2986 quaest.
639 2924 667 2986 5,
679 2912 763 2977 arta&
775 2928 799 2969 et
811 2924 846 2979 11,
869 2915 873 2925 '

711 3016 739 3067 3·
