1984 3309
564 64 571 91 t

134 220 167 257 nn
180 219 262 259 amn
274 219 422 260 securarum
435 220 556 261 numncru
570 223 750 264 coarosnnmrr.
799 212 846 264 aba

45 298 112 362 gicis,
126 297 250 363 impeditus
262 300 332 349 bono
351 300 381 349 ab
391 298 540 366 intelligendo
552 300 575 350 in
589 304 640 351 actu
648 306 655 363 ,
668 302 738 352 etiarn
748 314 775 353 ea
789 316 846 369 quo

43 385 88 420 run
97 369 217 421 scientiam
226 370 374 435 praeaccepit.
383 371 504 437 mensib,
513 374 566 437 quia
574 374 618 423 hoc
624 373 722 437 quilibet
730 374 754 424 iu
770 374 848 439 seipso

44 441 135 507 experiri
151 442 317 507 potest,un
335 444 427 506 quanio
444 444 527 508 aliquis
544 448 640 495 conatur
661 446 745 510 aliquid
759 446 847 497 inlelli-

42 526 90 571 gere
97 551 104 572 ,
111 512 196 564 format
205 512 251 563 sibi
259 512 337 577 aliqua
348 515 519 577 phantasmata,
527 528 568 579 per
578 516 668 567 morium
678 516 846 581 exemplorum,

44 582 65 631 in
74 584 154 647 qnibm
165 584 234 649 quasi
245 583 357 648 inspiciat
372 586 434 649 quod
452 586 581 650 intelligere
599 589 682 639 studet.
696 590 725 638 lit
739 588 792 639 inde
814 594 849 639 est

43 655 104 705 etiam
113 658 175 720 quon
187 657 280 721 quando
294 657 395 720 minoem
403 658 510 709 uolumus
520 659 596 709 lacere
606 659 691 723 aliquid
700 660 847 725 intelligere,

45 728 184 791 proponimus
197 728 222 779 ci
240 729 363 791 exempla,
377 742 407 779 cx
422 728 504 792 quibns
518 730 561 781 sibi
574 733 734 794 phantasmata
750 734 848 785 formare

45 798 110 861 possit
122 801 151 851 ad
168 800 356 863 intelligendum.
368 800 442 865 liujus
452 806 529 853 autem
543 802 600 853 ratio
614 807 664 868 est,
677 804 732 867 qnia
747 804 848 869 potentia

45 872 191 932 omnnium
206 871 393 936 proportionetur
412 874 568 935 cognoscibili.
584 875 648 925 Unrle
664 871 795 926 intellectus
806 890 848 926 an-

47 943 97 1002 geli,
109 944 147 1007 qui
161 947 202 994 est
213 942 317 993 totaliter
329 942 348 992 h
358 956 453 1007 corpore
466 949 598 1009 separatus,
614 960 656 1010 per
668 946 804 1011 hujusmodi
811 946 848 997 iu-

47 1014 164 1078 telligibile,
182 1015 314 1066 meremur
323 1015 450 1079 cognoscit.
461 1017 593 1069 intellectus
604 1019 793 1083 solumbonum,
807 1019 847 1083 qni

48 1090 78 1133 est
88 1089 222 1152 conjunctus
233 1088 333 1151 corpori,
348 1088 464 1151 proprioru
476 1088 595 1153 objectum
608 1094 643 1141 εει
655 1091 784 1154 quidditas,
794 1090 847 1142 ¹sire

47 1163 113 1209 notura
126 1161 149 1211 in
161 1158 264 1211 materia
277 1160 388 1223 corporali
399 1159 513 1225 eristeus3
525 1164 549 1211 ει
562 1176 603 1225 per
611 1163 744 1227 hujusmodi
756 1167 849 1214 naturas

46 1231 157 1283 nubilium
172 1244 254 1283 rerum
263 1230 332 1281 etiam
345 1231 372 1283 in
384 1230 535 1283 invisibilium
546 1246 623 1285 rerum
639 1234 760 1297 aliqualem
769 1234 848 1299 cogni-

47 1302 121 1354 tioncnr
136 1303 255 1355 ascendit.
271 1304 305 1353 lie
320 1302 409 1353 ratione
425 1308 501 1353 autem
517 1304 587 1368 hujus
601 1308 690 1355 natura
701 1309 737 1355 est
749 1306 809 1371 qubd
821 1304 846 1355 in

46 1374 111 1439 atiquo
127 1375 255 1427 indiuiduo
266 1374 366 1435 existat,
381 1376 441 1438 quon
454 1390 502 1427 nou
523 1380 559 1426 est
581 1376 667 1441 absquo
680 1376 777 1427 muterla
798 1390 847 1427 eor-

46 1448 119 1513 porali3
132 1449 196 1499 sicut
210 1447 240 1498 de
255 1446 343 1497 ratione
363 1451 449 1498 nature
462 1448 544 1512 lapidis
555 1452 590 1499 est
603 1448 664 1511 quod
676 1447 707 1497 sit
720 1449 744 1497 in
759 1449 803 1499 hoe
815 1450 849 1499 la·

46 1518 104 1583 pite,
118 1524 142 1571 et
157 1521 188 1570 de
203 1517 294 1569 ratione
307 1522 396 1569 naturae
409 1520 462 1584 equi
476 1522 513 1569 est
527 1520 586 1584 quod
601 1520 630 1569 sit
643 1520 667 1569 in
680 1520 724 1569 hoc
739 1532 812 1584 equo,
825 1524 847 1571 ot

45 1589 72 1638 sio
85 1591 112 1641 (le
123 1592 185 1643 aliis.
203 1590 269 1641 Unde
281 1594 365 1639 natura
381 1590 475 1655 lapidis,
490 1588 528 1642 vel
542 1586 704 1659 cujuscumque
724 1590 848 1642 materialis

45 1662 72 1710 rei
83 1664 190 1729 cognosci
200 1676 249 1714 non
260 1666 338 1727 potest
351 1659 462 1727 completi
476 1668 501 1714 et
513 1663 576 1723 verb,
591 1663 636 1713 nisi
648 1663 772 1713 secundnm
786 1664 847 1729 quod

48 1736 222 1797 cognosciturus
235 1735 261 1784 in
269 1733 401 1799 particulari
411 1734 521 1787 existens.
531 1734 669 1785 Particulare
679 1740 755 1792 antem
765 1747 848 1799 appre-

47 1805 159 1859 hendimus
170 1820 215 1871 per
233 1819 329 1855 sensnm
344 1809 368 1854 et
382 1805 576 1869 imaginationem.
593 1807 622 1855 nt
636 1806 796 1858 ideo‘necesse
812 1811 848 1858 est

46 1878 69 1924 ai
86 1881 127 1928 hoc
144 1880 207 1943 quod
226 1877 360 1927 intellectus
376 1881 429 1935 actu
447 1879 559 1943 intelligat
578 1892 644 1928 suum
664 1878 777 1945 objectum
795 1893 849 1944 pro·

46 1947 124 2012 pion,
142 1951 206 2013 quod
220 1952 343 1999 convertat
358 1962 382 1998 sc
397 1950 425 1999 ad
439 1950 651 2013 phantasmata,nt
665 1950 795 2013 speculetur
808 1964 849 2001 na-

46 2024 110 2071 lurum
117 2021 277 2073 universalem
287 2020 313 2069 in
320 2020 450 2084 particulari
459 2021 605 2071 existentem.
614 2019 637 2068 Si
646 2023 722 2071 autem
732 2019 850 2085 proprium

46 2092 156 2154 objectum
170 2094 303 2144 intellectus
314 2092 387 2142 nostri
400 2097 461 2143 esset
473 2093 546 2143 torma
559 2095 676 2157 supralata,
687 2090 759 2143 uel‘si
770 2092 850 2144 formae

46 2178 114 2217 rerum
131 2166 279 2218 sensibilium
296 2164 448 2231 subsisterent
464 2179 512 2215 uon
527 2165 551 2214 in
568 2162 753 2228 particularibus,
769 2177 851 2221 secun·

46 2237 92 2287 lum
101 2240 236 2291 Platonicos
245 2255 252 2304 ;
262 2252 312 2289 uon
328 2240 443 2301 oporteret
456 2240 515 2301 quod
529 2238 658 2287 intellectus
672 2238 749 2287 noster
760 2250 851 2303 semper

46 2306 188 2375 intelligendo
202 2311 348 2363 converteret
361 2323 386 2361 se
400 2311 428 2360 ad
440 2311 607 2374 phantasmata.

74 2381 220 2447 ltprimum
235 2396 292 2446 ergo
305 2379 440 2443 dicendum,
452 2380 513 2445 quid
526 2380 615 2445 species
627 2384 767 2431 conservate
781 2380 806 2431 in
816 2380 852 2433 in-

47 2453 133 2505 tellectu
147 2454 253 2518 possibili
268 2454 294 2503 in
309 2466 337 2503 eo
350 2449 451 2503 esistunt
462 2452 621 2515 nominaliter,
635 2452 725 2517 quando
739 2455 792 2503 actu
805 2466 851 2505 non

48 2522 163 2591 intelligit,
181 2526 241 2577 simu
254 2539 325 2590 supra
341 2525 427 2575 dictum
441 2528 476 2575 est
492 2528 543 2588 [qn.
556 2528 585 2573 79
595 2562 601 2587 ,
613 2527 654 2574 art.
667 2528 681 2573 6
695 2528 719 2575 et
733 2526 769 2589 7).
789 2527 853 2577 Unde

49 2597 72 2644 ai
82 2599 125 2648 boc
135 2599 196 2661 qnod
208 2596 400 2660 intelligamusin
412 2600 472 2660 actu,
484 2609 531 2646 non
545 2594 628 2645 sufficit
643 2596 693 2661 ipsa
710 2598 852 2649 conservatio

50 2670 171 2730 specierum
185 2684 192 2731 ;
204 2670 245 2721 sed
261 2671 353 2733 oportet
365 2668 425 2733 quod
439 2666 472 2718 eis
485 2671 577 2719 utamur
591 2668 714 2717 secundum
724 2670 784 2733 quod
798 2682 851 2720 con·

50 2739 106 2788 renit
120 2742 296 2805 rebusquorum
310 2742 364 2790 sunt
373 2738 478 2804 species,
489 2753 540 2803 qua
551 2741 605 2791 sunt
617 2742 697 2789 natura
712 2739 737 2789 in
752 2738 852 2804 particu-

50 2806 129 2861 laribus
139 2812 275 2862 existentes.

77 2882 110 2935 ιι
129 2884 255 2934 mountain
278 2880 414 2944 mudum,
429 2880 489 2945 qubd
508 2881 576 2933 eliam
599 2882 675 2946 ipsum
693 2883 851 2947 phantasmata

52 2955 84 3000 cst
103 2952 225 3008 unihmto
238 2952 276 3007 roi
292 2951 452 3015 particularis3
469 2951 529 3005 undo
547 2965 593 3003 non
611 2952 699 3017 indiget
719 2950 851 3015 magnatio
