1984 3309
211 146 242 182 nn
258 143 396 184 rrnrnuronu
411 147 586 186 cnunrnnlnuu
603 149 618 186 Α
635 149 691 188 nno.
810 143 853 189 ιιι

51 221 111 273 turia
126 233 173 272 non
182 221 328 287 imputentur·
336 223 424 275 homini
437 226 465 275 ad
478 225 583 276 meritum
598 227 634 276 vol
649 226 793 278 demeritum.
808 227 855 279 Hoo

52 296 129 344 autom
145 296 180 344 ost
193 293 285 344 fulsum.
299 295 350 346 lion
362 296 432 358 igilur
443 297 504 348 Dens
516 299 593 347 movet
603 298 752 348 voluntatem.

84 365 130 416 sod
148 368 227 416 contra
243 371 293 429 ost,
308 369 368 431 quod
382 365 464 417 dicitnr
478 365 584 434 Philip„
599 369 618 418 ll
635 385 640 418 ε
656 386 670 418 u
684 372 743 421 Deus
756 375 803 432 osl,
818 370 857 435 qui

52 441 161 502 operatur
172 439 198 488 in
211 439 278 490 nobis
291 440 350 491 rollo
364 444 387 490 ol
398 441 515 505 portloero.
525 455 539 488 n

85 510 284 573 (Concnnsro.—
293 512 412 576 Proprium
423 518 459 562 ost
469 513 510 563 Dei
520 513 660 564 volunlatem
672 529 770 580 movere,
783 515 856 580 ipsam

53 581 78 630 in
95 581 187 632 volente
204 584 338 646 causando,
359 588 383 634 el
402 583 514 648 objectiud
536 585 632 636 intorids
652 587 774 638 ollioaoilor
794 589 855 638 illam

54 651 209 714 inclinando.)

84 725 221 788 Respondoo
232 725 362 790 dicendum,
377 727 439 790 quod
454 729 513 780 siout
523 729 666 792 intellectus,
682 736 707 780 ut
717 730 801 781 dietum
812 741 857 798 est,

55 800 161 846 movetur
174 798 202 848 ab
212 797 316 861 objecto,
328 802 351 847 el
363 797 391 847 ab
409 812 437 849 oo
451 800 491 863 qui
505 802 566 851 dedit
579 801 686 852 virtutem
700 802 855 866 intelligendi3

54 866 88 917 ila
101 869 321 920 uoluntaunrovolur
331 869 360 920 ab
369 870 462 935 objecto
473 873 533 936 quod
545 877 581 923 ost
593 875 690 935 bonum,
703 876 727 924 et
740 874 768 924 ab
781 886 808 924 eo
818 874 857 937 qni

56 943 133 990 causat
148 939 258 990 undum
270 940 371 991 uolendi.
387 942 467 992 Potost
483 948 559 993 nutem
575 945 682 994 volumtas
695 943 782 995 moveri
799 944 857 994 uiuit

57 1010 86 1059 ab
98 1011 203 1075 objecto,
216 1010 375 1076 &quocunque
386 1013 456 1077 bono,
467 1019 602 1066 nontamen
616 1016 756 1067 sulsscioulor
769 1020 793 1067 ot
808 1017 858 1067 elli-

57 1081 145 1143 caciter,
158 1083 203 1133 nisi
217 1081 297 1134 llleo.
308 1083 430 1134 Nononinr
439 1085 579 1136 sufficienler
589 1088 675 1151 aliquid
683 1090 757 1152 poteo
767 1100 857 1138 movero

56 1152 145 1217 aliquod
155 1154 249 1219 mobile,
261 1153 306 1204 nisi
319 1155 390 1205 virtus
403 1156 476 1205 activa
486 1157 599 1208 moventis
611 1160 718 1222 excedat,
730 1159 767 1210 vol
778 1159 857 1209 saltem

57 1225 158 1288 ndoonot
170 1227 280 1276 virtutum
292 1227 405 1290 passivum
419 1228 519 1280 mobilis.
531 1230 607 1280 Virtus
622 1233 699 1281 autern
712 1231 802 1295 passiva
815 1244 857 1282 vo·

57 1294 148 1347 luntatis
164 1310 190 1348 uo
208 1298 312 1349 exlendit
332 1299 361 1348 ad
374 1299 460 1349 bonum
478 1299 503 1349 in
517 1301 660 1352 uniuersali:
678 1306 715 1354 est
734 1302 794 1350 onim
808 1302 858 1366 ejus

57 1368 170 1432 objectum
185 1368 272 1418 bonum
286 1369 428 1431 universale,
440 1371 499 1421 siout
517 1375 541 1422 et
551 1372 681 1424 intellectus
695 1373 810 1436 objectum
824 1376 860 1422 ost

58 1453 98 1490 eno
108 1440 250 1491 uniuersale.
264 1440 386 1502 Quodlibet
396 1446 474 1493 ιιιιιιι
487 1443 573 1496 bonum
587 1447 688 1496 oroalnm
701 1447 737 1494 ost
748 1444 859 1507 quoddam

57 1511 191 1574 particulare
205 1512 307 1575 bonnm3
322 1512 383 1564 solus
401 1518 475 1564 autern
489 1517 550 1565 Dens
564 1522 598 1565 osl
611 1515 697 1565 bonum
710 1514 858 1566 universale:

57 1584 114 1633 undo
126 1583 180 1646 ipso
190 1583 254 1633 solun
265 1582 346 1648 implet
359 1585 514 1650 voluntatem,
528 1590 550 1636 et
563 1585 704 1637 sufficienler
717 1598 767 1636 earn
784 1591 861 1636 movet

58 1658 82 1705 ut
89 1655 215 1720 objectum.
230 1654 338 1705 Similiter
350 1659 426 1706 auteur
444 1661 468 1707 οι
478 1657 553 1708 unlus
564 1657 655 1709 rotondi
666 1655 679 1707 l
690 1657 738 1719 uolo
749 1658 796 1707 lieo
809 1671 861 1707 oau-

58 1730 124 1776 solnr.
138 1726 205 1776 Velle
217 1725 280 1776 onim
299 1726 358 1776 nihil
371 1727 431 1797 aliud
446 1732 482 1778 eut
497 1729 564 1793 quirun
579 1729 696 1780 inclinatio
712 1729 814 1793 quaedonr
836 1729 861 1778 in

58 1798 171 1862 objectum
176 1797 312 1861 uoluntatis,
318 1799 378 1862 qnod
385 1804 421 1850 ost
426 1801 511 1850 bonum
519 1802 657 1852 universale.
667 1801 778 1852 inclinare
786 1805 861 1850 aulon

61 1870 83 1917 in
96 1871 180 1921 bonurn
194 1869 337 1933 uniwrualo,
353 1875 389 1921 ost
404 1872 471 1936 primi
485 1874 616 1942 moventis,
629 1873 666 1923 oui
678 1873 862 1937 proportionotnr

62 1941 149 1992 ultimus
163 1940 218 1991 linis
235 1955 241 1989 z
257 1941 316 1991 siout
326 1942 352 1992 in
362 1944 430 1993 mbos
440 1945 546 1994 humanis
557 1945 653 2007 diligero
665 1945 693 1994 nd
706 1945 788 1993 bonurn
802 1955 862 1992 com·

61 2026 140 2077 nune,
152 2017 191 2064 ost
207 2013 260 2077 ojus
280 2013 319 2076 qui
335 2018 418 2077 praeost
430 2015 579 2066 multitudini.
596 2016 659 2064 Unde
682 2016 777 2076 utroquo
796 2013 863 2062 modo

62 2083 176 2146 proprium
194 2087 230 2134 ool
249 2083 290 2133 Dei
307 2097 399 2135 movero
417 2086 571 2150 voluntalem,
587 2085 626 2136 sod
646 2083 743 2134 mortuil
763 2083 863 2133 secundo

62 2156 127 2206 nodo
136 2153 238 2205 interitu
252 2167 302 2206 enm
314 2154 453 2206 inclinando.

90 2228 124 2276 ld
140 2227 243 2291 primurn
264 2239 318 2290 ergo
335 2227 470 2291 doousluu,
485 2227 546 2291 qnod
565 2227 620 2277 illud
638 2227 698 2290 qnod
716 2227 820 2275 moretur
836 2226 864 2276 ab

64 2299 144 2363 altero,
165 2299 251 2349 dicitur
269 2298 335 2362 rogi,
353 2300 374 2350 si
387 2303 504 2350 moueatur
524 2303 603 2350 conlui
623 2296 792 2348 inclinationem
812 2309 864 2360 pro·

63 2371 144 2432 prinmr
159 2372 206 2430 sod.
222 2370 242 2420 si
258 2376 377 2422 morentur·
387 2373 417 2421 ab
429 2371 474 2421 alio
487 2373 548 2435 quod
566 2367 608 2421 sini
622 2368 660 2419 dal
670 2369 785 2432 propriam
797 2369 865 2420 inoli-

64 2443 190 2507 nalionem‚
202 2455 251 2492 non
263 2442 345 2492 dioilur
356 2443 408 2506 cogi
418 2459 424 2490 τ
434 2442 494 2493 siout
504 2455 572 2506 gravo
585 2440 636 2490 edm
648 2443 751 2490 movetur
762 2441 864 2490 deorsum

64 2513 75 2561 'o
89 2519 214 2577 generante
225 2525 272 2564 non
282 2516 378 2577 cogitur.
389 2515 428 2564 Sio
438 2514 508 2577 igilur
519 2515 579 2565 Dono
591 2513 703 2563 urolondo
714 2511 864 2573 voluntatum,

65 2598 106 2634 non
116 2586 180 2651 cogit
192 2586 268 2650 ipsam
277 2623 285 2648 ,
294 2586 347 2652 qnia
362 2586 400 2636 dut
413 2585 434 2636 ei
447 2586 497 2649 ejus
512 2585 624 2650 proprian
639 2582 819 2634 inclinationem.

94 2659 126 2708 ‚ld
136 2659 264 2709 seeundum
273 2655 406 2720 dicendum,
421 2655 579 2720 qudd'nroveri
590 2654 724 2715 voluntario,
736 2657 771 2704 est
780 2652 864 2703 moveri

68 2741 93 2776 ox
103 2743 140 2792 so,
150 2731 173 2779 id
183 2733 219 2780 est
229 2727 243 2777 l
252 2728 365 2792 principio
378 2727 508 2779 intrinsooo.
520 2729 564 2778 Sed
575 2729 629 2777 illud
639 2725 775 2790 principium
785 2722 865 2799 intrinj

70 2812 140 2851 sonum
157 2805 237 2866 polost
251 2813 302 2850 esse
313 2801 345 2850 oli
359 2799 403 2849 alio
416 2798 529 2862 principio
544 2799 683 2859 oririuseco;
698 2801 721 2846 ot
732 2796 766 2846 sio
780 2805 865 2842 moveri

71 2882 96 2920 or
107 2886 130 2924 so
143 2886 190 2925 uon
203 2875 318 2936 repugnat
330 2871 354 2922 oi
363 2871 424 2936 qnod
434 2873 470 2921 ost
482 2870 569 2922 moveri
580 2870 607 2920 ab
621 2869 673 2920 alio.
