1984 3309
134 185 165 222 na
178 181 358 223 rnoraoarroua
371 183 485 234 norimus,
500 184 616 230 onaurnu
627 183 660 224 an
674 183 776 225 conns.
811 175 857 224 tlt

86 263 121 314 Ad
141 261 266 312 monadum
290 258 422 324 dicandum,
444 260 505 324 quod
523 261 655 312 assimilatio
676 261 805 325 generantis
829 264 858 314 ad

51 335 160 398 genitum
169 343 216 382 non
229 332 259 382 sit
268 335 360 396 propter
368 332 493 393 materiam,
502 333 542 383 sed
551 336 644 398 propter
651 333 748 385 formam
759 333 858 398 agentia,

50 407 114 471 qnod
125 407 222 468 generat
236 403 280 454 sibi
294 403 376 454 simile.
392 404 455 454 unae
469 416 515 454 non
532 408 621 469 oportet
636 406 664 455 ad
678 406 722 456 hoo
734 404 796 470 qaod
810 404 859 457 ali·

50 477 106 542 quis
119 474 259 526 assimiletur
273 487 326 537 avo,
335 473 396 538 quod
409 475 504 524 materia
517 475 640 540 corporalis
652 475 747 527 seminis
756 476 825 528 inerit
834 476 860 527 in

50 563 110 610 avo,
125 548 168 599 sed
186 546 246 610 qnod
265 547 295 597 sil
313 545 337 596 in
354 545 441 596 semine
458 546 534 612 aliqua
552 547 623 598 virtus
641 548 743 598 derivata
757 548 786 598 ab
805 561 857 612 aro,

50 621 172 672 medianto
182 621 256 684 patre.
937 627 940 632 ·

82 694 114 743 El
133 691 239 743 simililer
257 690 378 742 dicendum
395 694 431 742 est
449 693 478 742 ad
500 691 602 742 tertium.
618 693 676 742 Nam
695 691 794 743 affinitas
813 705 859 744 non

48 763 181 816 attenditur
199 761 323 814 secundnm
337 763 469 828 materiam,
483 763 524 814 sed
541 762 613 826 inagis
626 762 752 814 sanandum
768 764 859 815 denra-

49 838 142 888 tionem
156 835 244 886 turmae.

82 909 118 960 Ad
128 910 237 972 quartum
248 907 379 966 dicendum,
394 905 455 970 qnod
468 907 563 956 verbnm
577 906 697 971 angustini
711 921 758 958 non
773 911 810 959 est
823 908 858 959 aio

47 979 243 1044 intelligendam,
258 979 318 1044 quoa
332 979 357 1029 in
371 978 442 1029 Adam
460 983 511 1028 actu
522 978 593 1030 fuerit
611 984 650 1029 aut
668 979 783 1030 seminalis
801 981 859 1032 ratio

47 1054 122 1118 hujus
135 1050 239 1102 hominis
253 1050 393 1114 propinqua,
404 1052 444 1100 aul
454 1050 586 1114 corpulenta
598 1054 648 1114 elna
660 1051 795 1102 mbstanlia.
810 1053 856 1104 Sed

47 1129 176 1188 utrumque
191 1121 238 1171 fnit
250 1121 275 1172 in
288 1121 358 1171 Adam
373 1119 499 1170 secundnm
516 1121 638 1185 originem.
653 1123 711 1172 Nam
725 1125 748 1174 el
762 1124 859 1175 materia

47 1193 191 1260 corporalis,
207 1206 257 1258 qua
273 1191 400 1242 ministrata
419 1195 454 1242 est
468 1191 482 1242 l
495 1195 568 1242 matre
582 1193 667 1256 (qnam
683 1197 748 1244 vocat
768 1209 859 1259 corpu·

47 1269 150 1318 lentam
169 1264 373 1325 substanttam),
393 1263 509 1314 derivatur
526 1263 668 1326 originaliter
683 1264 712 1314 ala
732 1266 817 1329 Adanu
834 1270 859 1317 et

47 1339 158 1391 similiter
166 1335 241 1386 virtus
252 1334 326 1386 activa
335 1334 435 1386 existens
446 1334 471 1384 in
482 1333 571 1385 semina
581 1334 653 1398 patris
658 1371 667 1398 ,
679 1349 731 1398 qne
743 1339 779 1385 est
787 1337 858 1400 nujus

49 1411 155 1464 hominis
169 1408 298 1474 propinqua
311 1405 369 1458 ratio
381 1405 505 1456 seminalis.
518 1406 563 1456 Sed
576 1405 680 1456 Christus
694 1405 777 1457 dicitnr
787 1405 858 1458 luisse

48 1484 72 1533 iu
96 1483 174 1534 Adam
195 1478 333 1530 secundiane
355 1477 527 1543 corpulentam
548 1477 733 1536 substantiam,
755 1477 858 1529 sednon

48 1553 194 1605 securulr'em
204 1549 348 1600 seminalem
361 1551 499 1613 rationem
510 1548 563 1612 qnia
572 1547 667 1598 materia
681 1547 783 1612 corporis
796 1548 857 1612 ejus,

48 1641 102 1690 quaa
114 1623 247 1676 ministrata
260 1624 296 1672 csl
306 1619 320 1670 a
330 1621 399 1672 llatae
407 1619 510 1684 Virgine,
519 1619 622 1671 derivata
633 1622 668 1670 est
678 1619 706 1670 alr
721 1619 805 1684 ldam3
818 1621 859 1671 sad

48 1699 125 1748 virtus
139 1694 217 1746 actim
230 1705 277 1742 non
293 1695 328 1742 est
337 1692 438 1742 derivata
449 1691 477 1741 ab
490 1691 575 1754 Adam,
589 1691 643 1755 qnia
659 1705 740 1756 corpus
750 1691 802 1756 ejus
813 1705 860 1743 nou

50 1774 84 1819 osa
98 1769 227 1819 formatum
237 1763 395 1828 pervirlntem
410 1762 481 1813 virilis
490 1762 599 1826 seminis,
610 1763 649 1826 aori
663 1763 795 1826 operatione
807 1762 859 1827 spi·

49 1841 109 1892 ritus
123 1838 210 1890 sancti.
222 1836 285 1887 'ralis
299 1835 362 1886 enirn
375 1837 453 1900 partus
466 1834 560 1884 docebat
575 1847 627 1884 eum
638 1835 683 1898 (l),
691 1833 731 1898 qui
744 1837 779 1884 est
792 1847 860 1898 super

50 1913 131 1964 omnia
144 1908 282 1962 benedictus
296 1908 356 1962 naus
369 1906 394 1956 in
408 1907 489 1958 saecula
508 1906 650 1957 saeculorum.
668 1907 748 1955 lmen.

85 2031 117 2095 (l)
133 2035 277 2086 usurpatum
291 2041 320 2074 ex
332 2023 457 2074 Ambrosio
470 2026 494 2070 in
515 2026 600 2082 npmno
611 2026 622 2070 1
635 2023 780 2077 Nativitatia3
795 2027 822 2068 nt
834 2029 858 2069 et

51 2107 156 2154 sequens
173 2091 292 2150 appendix
304 2095 352 2136 tum
367 2089 399 2136 od
409 2089 490 2139 Rom„
504 2090 528 2147 l,
542 2100 603 2135 vers.
619 2085 660 2144 25,
673 2091 722 2131 tarn
733 2085 765 2131 od
779 2086 860 2136 llam„

51 2161 97 2218 1x‚
114 2169 178 2204 vera.
191 2154 216 2214 5,
229 2159 275 2200 etc.

182 2375 285 2428 PRlllAE
302 2373 403 2426 Pinnas
419 2372 529 2424 summm
546 2371 739 2424 ranunculum

322 2479 342 2515 a.
361 2477 451 2516 annun
467 2475 607 2526 nominans,

87 2581 98 2618 'a
113 2577 193 2619 mannia
206 2575 266 2626 quim
278 2573 376 2624 plurimis,
387 2572 564 2622 manuscriptorum
577 2569 715 2621 exemplarium
728 2569 830 2609 collatione

345 2637 364 2668 et
372 2629 461 2681 pracsidio
469 2635 581 2679 repurgato,

411 2769 509 2829 aruns.
