1984 3309
135 173 182 220 tes
330 179 391 220 sans
409 181 431 231 r,
449 179 542 226 ponsa.
560 178 634 231 oxu,
651 177 709 218 aar.
727 180 745 218 r.

166 259 195 310 ot
205 257 265 308 eirea
278 259 322 308 lroe
333 259 465 320 queruntur
478 255 524 306 duo
534 271 540 305 :
551 259 579 305 l⁰
594 254 674 305 Uirium
687 255 775 319 aliquid
787 256 816 306 de
826 252 925 305 ainerio

135 331 279 380 movertatur
292 325 316 377 ia
334 327 453 378 mutatum
466 329 573 383 numme
588 330 683 378 nature.
697 331 727 376 2⁰
740 327 821 379 iltrdur
841 339 927 386 moen,

134 401 194 464 qued
213 403 248 450 est
262 400 369 450 humane
382 400 537 463 generationis
554 399 709 464 principium,
723 399 755 450 sit
774 400 804 451 de
825 399 928 466 saperdae

135 469 245 521 alimenti.

435 534 594 586 repedetis
606 535 626 585 l.

183 637 266 683 Uirium
281 639 375 696 alleato
389 640 416 686 de
431 641 547 685 alimento
560 642 714 685 conmortales·
732 641 760 685 irs
773 641 899 686 veritatem
966 620 967 623 Ἰ

422 703 532 748 leomarum
541 706 643 748 reaturo.

165 808 309 874 dopmnum
318 811 350 862 sio
359 811 488 876 proceditur
497 810 543 876 (l).
551 810 646 862 Videtur
652 809 782 874 qardduiinil
791 813 821 864 de
829 811 930 862 alimento

134 886 236 934 transeut
252 882 277 932 ia
291 883 410 934 ueriutem
426 884 532 934 humeae
546 886 643 934 natue.
662 881 749 934 Dicitur
760 884 825 934 eninr
835 886 930 940 Metto,

135 955 174 1006 llv
190 971 196 1004 :
213 955 308 1005 adnuae
322 954 383 1016 uuod
395 953 420 1004 ia
430 967 458 1004 os
470 953 552 1013 intrat,
564 953 588 1003 in
598 957 702 1004 uentrem
713 954 792 1016 uadit,
807 958 833 1005 et
845 969 886 1020 per
899 967 931 1004 se·

134 1038 225 1076 oessum
236 1023 354 1076 emittitur.
370 1040 384 1071 a
399 1025 442 1075 Sed
459 1024 660 1088 quodomnium,
674 1037 722 1076 nou
737 1025 866 1076 transitio
881 1025 933 1076 aeri·

134 1099 205 1146 tatem
222 1096 327 1145 humeae
348 1099 441 1146 nature.
456 1096 516 1158 orgo
532 1094 591 1145 nihil
604 1095 633 1146 de
651 1094 761 1146 alimento
778 1095 804 1146 in
817 1098 931 1148 ueritatem

134 1168 240 1217 humane
255 1169 348 1216 nature·
356 1166 445 1216 transit.
472 1217 478 1233 x

166 1242 188 1288 2.
204 1239 324 1299 Preterea,
339 1237 489 1302 Philosophus
501 1236 525 1287 iu
535 1238 552 1287 l.
566 1237 604 1287 De
614 1241 737 1302 uenerat„
752 1237 878 1304 distinguit
892 1252 932 1290 eer-

135 1322 186 1360 uem
207 1309 345 1360 secuudum
368 1309 474 1372 speciem
486 1308 519 1373 (el
538 1311 564 1358 et
581 1308 720 1358 secundum
741 1311 900 1367 materiam,-
915 1315 933 1359 et

134 1380 188 1434 oirit
198 1379 258 1444 quod
268 1398 281 1428 u
291 1393 343 1431 cero
354 1378 476 1430 secuudum
485 1378 705 1430 materiamedveuit
713 1382 739 1430 et
748 1381 843 1431 reoedil.
853 1398 870 1430 a
878 1382 933 1443 Quod

135 1457 212 1504 autem
226 1451 376 1504 enalimeaie
391 1454 527 1514 generetur,
540 1449 634 1501 aduenit
647 1453 670 1500 et
684 1451 780 1502 reoedit.
796 1452 897 1516 Ergoid
913 1453 934 1502 iu

135 1525 195 1588 quod
211 1525 344 1575 alimentum
358 1522 510 1586 conuertitur,
524 1526 561 1574 ost
571 1535 624 1572 mro
634 1522 773 1572 amodum
787 1526 933 1583 materiam,
968 1536 969 1541 ¹

135 1599 159 1646 et
169 1610 214 1646 nou
223 1609 276 1646 oeno
290 1595 426 1646 seeundum
434 1595 551 1658 epeoiem.
563 1593 608 1645 seo
616 1595 660 1646 hoe
668 1593 770 1657 pertinet
778 1595 808 1646 ad
820 1596 933 1648 veriteleut

135 1667 239 1716 humeae
259 1671 359 1726 uetare,
381 1667 441 1729 quod
459 1665 559 1728 pertinet
573 1664 602 1716 ed
619 1664 719 1729 speeiem
739 1665 800 1729 ejus
821 1667 884 1730 Ergo
900 1666 934 1718 ali

39 1751 41 1758 ·
136 1741 237 1788 ruentum
250 1751 296 1788 uon
309 1737 388 1788 tmnsit
400 1738 426 1788 ia
435 1737 557 1788 ueritatem
571 1739 675 1787 humane
688 1739 786 1788 nutare.

168 1813 190 1859 3.
200 1810 326 1869 Praeterea,
338 1808 366 1859 ad
377 1809 496 1860 ueritutenr
506 1809 612 1859 humane
623 1811 709 1859 nature
719 1808 838 1872 pertinere
848 1811 934 1862 uidetur

135 1879 272 1929 leonaidum
283 1879 397 1930 radicale
411 1880 443 1944 (3)
453 1897 460 1943 3
472 1880 533 1944 quod
545 1879 566 1929 si
576 1880 725 1943 dependatur,
736 1881 828 1931 restitui
841 1895 890 1932 uon
900 1893 936 1944 pu

170 1997 202 2062 (1)
217 2001 249 2046 De
261 1999 376 2044 bisetium
388 1999 412 2044 iu
422 2001 453 2055 11,
465 1999 543 2047 Soet„
555 1998 609 2042 dist.
627 1996 667 2054 30,
680 2011 720 2054 qu.
732 1997 760 2056 2,
776 2005 822 2043 ort.
834 2001 862 2054 ¹3
878 2005 903 2046 ut
917 2006 937 2044 et

136 2063 269 2182 afflegem,
279 2061 331 2170 glut.
346 2059 527 2121 tt,qr.1‚art.
540 2061 565 2120 2,
581 2061 718 2118 questione.
731 2059 760 2114 43
772 2068 797 2106 et
812 2062 936 2119 Quadlid„

170 2193 201 2258 (i)
213 2200 249 2242 Ex
258 2209 331 2254 greco
342 2185 417 2258 ιῖδος,
428 2199 486 2241 text.
501 2193 533 2239 35
544 2208 572 2241 so
584 2193 704 2253 deinceps,
713 2195 779 2252 quod
788 2200 813 2241 et
830 2197 869 2242 elil
882 2197 937 2242 red·

136 2267 193 2312 dunt
208 2269 341 2313 cerandum
353 2269 474 2330 [ormam.
488 2268 543 2324 quia
559 2267 633 2313 tornis
646 2272 683 2312 est
698 2279 750 2323 qum
764 2268 805 2314 dat
818 2269 933 2327 speeiem,

137 2341 164 2374 ee
184 2331 280 2386 proinde
293 2330 307 2376 d
321 2331 405 2376 oreris
420 2325 481 2389 sidae
495 2332 625 2388 appellatur
638 2329 720 2376 eodem
732 2343 779 2387 quo
793 2333 885 2390 speeies
897 2344 936 2376 no-

138 2400 214 2458 mine,
227 2406 253 2446 ut
266 2401 418 2458 Philosophus
431 2401 518 2460 possim
533 2407 608 2447 vocat.

171 2468 201 2533 (3)
219 2473 254 2518 Sio
268 2474 352 2519 dietum
363 2507 369 2532 ,
381 2475 446 2530 quasi
461 2474 526 2520 radix
539 2480 563 2519 et
574 2473 737 2530 leudesium,
748 2486 793 2519 sea
805 2475 937 2520 elimentum

138 2534 252 2591 quoddam
264 2541 288 2580 et
298 2537 473 2595 nutrimentum,
487 2549 534 2593 quo
549 2536 645 2582 subinde
654 2536 776 2582 deficiente
788 2549 816 2582 eo
828 2538 936 2582 exhausto

138 2595 214 2643 dedali
224 2598 271 2643 uita
280 2603 303 2642 et
312 2599 402 2652 interita
415 2601 450 2645 vel
461 2599 582 2648 radicale,
591 2599 657 2656 quasi
668 2598 803 2655 dpuinoipio
812 2601 936 2657 ingenitum

138 2661 243 2718 corpori,
258 2661 317 2706 sieut
330 2665 354 2706 et
368 2662 433 2706 radix
449 2667 486 2706 est
498 2662 523 2706 id
539 2663 601 2718 quod
615 2661 689 2717 primo
704 2662 833 2707 innascitur
847 2661 933 2716 arbori,

138 2729 162 2767 et
179 2723 239 2778 quod
259 2724 329 2768 uitem
351 2723 411 2767 illius
429 2725 512 2780 nutrit,
529 2729 613 2780 auget,
628 2729 758 2769 conseruet.
780 2725 842 2770 Hine
859 2724 936 2769 medici

135 2785 318 2842 primiueaiam
327 2789 422 2840 vooaut,
436 2792 618 2843 componuntque
630 2786 683 2831 oleo
692 2798 739 2842 quo
750 2786 829 2832 intuso
843 2788 937 2832 nutritur

138 2843 236 2902 tempas,
251 2851 275 2889 et
285 2856 331 2900 quo
344 2844 418 2889 ellum
427 2847 581 2906 extinguitur3
592 2853 619 2892 ut
631 2847 820 2894 Bmdtemote'dtss
832 2849 870 2894 vel
883 2849 936 2893 ilie

139 2907 290 2963 roalpplaieis
304 2905 404 2951 medicis
424 2908 502 2954 uidere
519 2915 555 2955 est
571 2916 626 2966 post
644 2911 713 2956 Pierii
727 2910 934 2970 elementem,
