1984 3309
135 180 181 229 dns
339 189 431 239 eruar,
445 188 538 233 numer.
551 188 606 237 xci,
619 187 675 225 rur.
693 186 729 225 uu.

134 281 193 317 runs.
201 267 245 319 Sed
253 267 278 317 in
289 265 340 315 aliis
348 266 454 330 operibus
462 264 560 317 duem:
571 264 657 315 «nint
665 266 726 317 Deus
736 280 743 313 z
752 264 836 328 liut3el
847 264 935 315 iusim

134 342 178 389 est.
188 355 201 385 a
212 338 270 402 Ergo
284 336 389 389 similiter
400 337 478 389 debuit
489 337 535 387 dici
547 337 576 388 de
588 336 688 388 hominis
702 335 863 401 productione.

165 414 188 461 n.
204 410 325 467 praterea,
336 423 418 475 eorpus
432 411 556 459 numanum
569 408 584 458 l
595 409 642 459 ileo
651 407 784 460 immediate
793 412 831 460 est
840 410 935 473 imnum,

135 486 162 533 ut
177 482 344 546 supradictum
363 484 399 533 est
414 481 473 545 (art.
487 480 529 543 ²)-
543 480 602 544 Erpo
615 479 808 530 inconvenienter
829 479 914 530 dicitnr
930 497 937 529 ι

136 572 150 601 a
162 554 282 607 Faciamus
297 553 421 605 hominem.
433 570 447 599 u

167 631 190 676 3.
205 627 332 687 Prolem,
347 627 419 677 torma
433 624 530 675 humani
546 623 647 688 eorporis
661 626 697 673 est
715 623 766 687 ipsa
780 622 875 688 anima,
889 640 940 691 que

136 701 173 749 est
180 713 220 763 per
228 698 364 763 spiraculum
371 698 431 749 vitm.
444 697 635 748 inconvenienter
640 708 695 759 erpo
703 698 825 758 postquam
834 696 938 747 dixerat:

137 788 152 819 e
169 770 287 822 Formauit
297 772 357 821 lteus
369 770 485 823 homiuem
496 770 525 820 de
540 769 687 831 limoterre,
704 784 718 813 n
729 767 851 830 subiunxit
866 784 874 818 ι
889 770 940 819 «nt

136 842 256 907 inspiravit
265 842 290 893 in
303 842 384 893 taciem
398 843 449 906 ejus
462 841 602 907 spiraculum
614 839 677 890 vitae.
689 854 704 885 a

168 916 325 976 l.Praterea,
343 914 434 977 anima,
449 926 500 978 quae
516 915 552 963 eat
570 911 705 976 spiraculum
721 910 790 974 vitm,
804 915 843 961 est
855 912 882 963 iu
894 916 941 963 toto

136 999 249 1051 corpore,
268 990 291 1036 et
311 984 464 1050 principaliter
479 985 505 1035 in
520 985 597 1035 corde.
612 985 663 1035 Nou
681 996 734 1045 ergo
752 983 834 1033 debuit
847 984 941 1046 dicere,

136 1060 196 1124 quod
213 1075 227 1107 n
243 1056 362 1122 inspiravit
374 1057 399 1107 in
412 1057 492 1107 taciem
509 1056 561 1120 ejus
573 1054 712 1120 spiraculum
724 1054 787 1105 vite.
802 1072 818 1101 e

169 1136 192 1181 d.
207 1132 334 1192 Preterea,
346 1142 413 1181 sexus
431 1129 570 1179 masculinus
585 1132 609 1179 et
626 1126 759 1177 laemininm
777 1128 898 1191 pertinent
916 1133 944 1180 ad

136 1216 231 1267 corpus,
250 1201 325 1265 imago
345 1200 399 1252 rerd
417 1200 458 1251 liei
479 1200 508 1251 ad
527 1199 636 1251 animam
655 1197 702 1248 Sed
717 1197 795 1249 anima
812 1203 943 1252 secundum

136 1274 287 1337 augustinum
303 1286 349 1324 uon
363 1271 407 1323 luit
420 1273 480 1323 faeta
492 1275 547 1323 ante
560 1284 651 1336 eorpus.
666 1269 860 1321 inconvenienter
877 1287 943 1336 erpo,

136 1345 315 1399 cucurrisset:
335 1362 352 1392 a
362 1346 395 1395 td
408 1344 533 1407 imaginem
547 1357 612 1395 surum
630 1342 687 1393 iecit
699 1342 783 1405 illum,
798 1359 813 1389 s
829 1344 922 1395 addidit
937 1361 944 1396 ι

137 1419 286 1470 didasculum
297 1422 320 1468 et
331 1417 449 1467 foeminam
458 1416 545 1467 creavit
554 1429 628 1467 eos.»

168 1493 195 1544 lu
205 1490 344 1543 contarium
354 1493 390 1540 est
401 1488 524 1541 auctoritas
533 1488 668 1552 Scriptura.

170 1564 365 1628 (Cosmusso.-
373 1560 485 1619 Quoniam
495 1575 547 1625 qne
557 1560 714 1625 principaliter
724 1559 880 1624 intendimus,
892 1579 946 1614 cum

138 1633 219 1698 rnajori
235 1632 396 1683 deliberatione
419 1637 442 1683 et
460 1632 536 1683 studio
550 1633 625 1684 iacere
647 1631 821 1695 consuevimus,
836 1632 896 1684 hinc
911 1641 948 1686 est

138 1706 197 1770 quod
212 1703 367 1770 productionis
381 1705 482 1768 corporis
498 1705 615 1768 hominis,
625 1706 717 1771 propter
732 1717 803 1768 quem
821 1704 869 1755 alia
883 1708 948 1758 iacta

138 1780 201 1836 suut,
213 1774 335 1839 specialem
346 1777 438 1827 modum
452 1777 570 1841 Scriptura
584 1774 745 1841 expresserit.)

169 1848 303 1911 ltespondeo
325 1847 490 1900 dicendumst
510 1850 622 1913 primum,
640 1846 702 1911 quod
719 1847 777 1897 sicut
799 1849 949 1911 Augustinus

142 1918 205 1981 (cap.
219 1919 257 1969 12.
266 1916 274 1981 )
284 1916 339 1967 dicit
350 1917 375 1968 iu
385 1920 414 1969 Vl
424 1956 430 1983 ,
441 1921 525 1985 Super
533 1920 596 1969 Gen.
612 1918 647 1967 ed
658 1918 703 1967 tit.
717 1930 764 1967 non
774 1916 800 1965 in
811 1918 858 1968 hoc
870 1933 950 1983 prace-

138 1990 285 2041 minethomo
298 1990 423 2042 eliisrebus
436 1992 495 2054 quod
511 1993 571 2041 Deus
584 1989 641 2041 iecit
648 1990 726 2053 ipsum
734 1988 865 2052 hominem,
875 1994 949 2055 quasi

138 2061 182 2112 alia
199 2061 249 2126 ipse
271 2074 317 2113 non
335 2061 428 2126 lecerit,
446 2061 500 2112 cum
520 2061 629 2126 scriptum
645 2061 676 2111 sit
691 2076 697 2109 :
714 2061 818 2124 «Opera
832 2074 950 2114 manuum

138 2137 228 2185 inanum
242 2138 296 2186 snut
310 2134 378 2197 creli3
395 2151 409 2181 »
426 2138 449 2185 et
463 2134 517 2185 alibi
531 2148 538 2183 ε
554 2133 671 2183 atridam
688 2132 846 2184 fundaverunt
863 2146 952 2186 manns

140 2207 199 2271 ejus,
207 2224 220 2255 n
231 2209 272 2259 sed
282 2207 306 2257 iu
315 2209 360 2258 hoe
368 2208 428 2271 quod
435 2207 462 2257 ad
472 2205 595 2267 imaginem
603 2204 645 2255 itai
653 2205 727 2267 lacus
737 2205 860 2255 minemo.
869 2206 951 2257 Utitur

139 2281 216 2329 tamen
225 2280 340 2344 Scriptura
350 2279 375 2329 in
384 2278 533 2343 productione
542 2276 642 2328 hominis
647 2273 742 2341 speciali
748 2276 816 2327 modo
824 2276 948 2342 loquendi,

140 2352 168 2400 ad
182 2351 350 2402 ostendendum
368 2352 428 2413 quod
448 2349 493 2399 alie
511 2352 604 2413 propter
621 2348 737 2399 hominem
751 2347 813 2397 iacta
829 2353 893 2399 sunt.
914 2353 949 2400 Ea

140 2421 202 2472 enim
217 2436 268 2485 qum
285 2421 441 2486 principaliter
451 2420 605 2484 intendimus,
620 2434 671 2470 mam
683 2418 764 2483 majori
777 2418 949 2472 deliberatione

140 2495 163 2543 el
173 2492 247 2543 studio
260 2493 421 2543 consuevimus
434 2492 520 2543 iacere.

172 2566 206 2615 rid
215 2564 340 2615 secundum
353 2564 488 2625 dicendum,
504 2562 565 2628 quod
576 2577 624 2614 non
637 2567 672 2613 est
682 2562 860 2625 intelligendum
872 2564 949 2615 Mnus

140 2635 232 2699 Angelis
245 2633 329 2684 dixisse
342 2650 347 2683 :
362 2652 376 2681 «
389 2634 510 2685 Faciamus
522 2634 652 2697 homiuem,
666 2650 680 2679 a
694 2637 719 2682 ut
731 2632 825 2698 quidam
835 2638 949 2698 perverso

140 2707 308 2758 intellexerunt.
324 2705 369 2756 Sed
383 2708 427 2758 lroc
446 2705 529 2755 dicitur
542 2706 570 2755 ad
588 2705 724 2768 signandum
741 2704 898 2768 pluralitatem
913 2709 950 2758 di-

140 2780 244 2830 vinarum
257 2790 418 2843 personarum,
433 2790 528 2842 quarum
545 2776 620 2842 imago
638 2777 767 2841 expressius
787 2777 908 2829 inuenitur
923 2780 949 2830 in

140 2852 240 2903 homine.

172 2926 205 2976 td
224 2923 316 2974 tertimn
334 2923 468 2987 dicendum,
486 2922 546 2988 quod
569 2924 661 2989 quidam
677 2922 843 2976 intellexerunt
863 2939 951 2990 corpus
