1984 3309
138 170 185 219 sto
332 176 393 216 runs
409 178 426 227 r,
443 176 538 221 onam.
555 176 641 227 uxrxr,
659 176 713 217 sur.
732 178 749 215 1.

441 324 601 377 numeneus
617 326 635 375 l.

274 437 361 483 ntum
374 437 519 483 sensualitas
533 437 611 483 sotim
624 437 657 483 ait
669 437 809 495 appetitiva.
978 452 979 505 3

170 559 204 608 nd
217 557 318 623 primum
328 555 363 607 sie
376 554 507 621 proceditur
516 554 559 619 (t).
571 553 666 606 Videtur
675 550 734 619 irato
749 554 886 605 sensualitas
899 568 946 604 uon

139 630 213 682 solim
232 629 263 679 sit
276 628 418 695 appetitiva,
431 628 471 678 sel
485 626 554 677 etiam
566 626 691 689 cognitiva.
707 625 765 675 nisit
778 625 841 676 enim
857 630 947 691 Augus·
978 616 979 685 l

139 702 218 761 tinus,
230 702 281 751 llll.
296 702 333 749 lle
349 701 427 761 rein„
442 696 504 763 quil
518 698 655 749 «sensualis
671 698 752 747 atrimae
766 702 843 747 motus
852 698 915 762 ‚qui
926 697 948 745 in
978 686 979 751 l

140 774 241 841 eorporis
253 786 335 826 sensns
342 771 477 833 intenditur,
485 771 552 822 nobis
566 767 730 835 pecoribusque
741 771 871 824 communis
880 774 925 825 est.
936 787 948 816 n
978 774 979 831 3

141 847 188 897 Set
202 844 305 911 eorporis
317 857 399 897 sensns
410 844 453 895 sub
466 843 491 893 ri
500 843 616 907 mgnitiva
629 842 767 893 ominetur.
779 841 842 905 Ergo
853 856 950 893 sensus·
978 840 979 861 t

141 918 244 969 litasset
257 916 434 981 incognitus.
499 973 502 977 ,
978 926 979 977 3

172 996 197 1041 2.
214 990 406 1053 Patareaque
422 988 507 1038 salunt
520 988 563 1038 suh
576 999 623 1037 una
632 984 757 1049 diuninse,
772 985 884 1037 videntur
899 1002 951 1039 esse
978 1004 979 1029 r

140 1062 210 1113 nnius
220 1063 319 1125 generis.
335 1061 380 1112 Sel
393 1060 533 1121 Augustinus
547 1059 572 1109 in
588 1059 636 1109 llll.
650 1059 687 1108 De
704 1059 784 1121 Tria,
796 1058 881 1129 dividit
900 1074 951 1110 sen·
978 1114 979 1117 ,

140 1134 268 1184 sualitatem
281 1134 361 1182 eontm
373 1131 484 1183 rationem
497 1130 639 1195 superiorem
651 1133 674 1179 et
688 1128 834 1194 interiorem,
850 1145 906 1195 qnae
925 1132 952 1191 ad
978 1194 979 1199 ἵ

140 1204 293 1270 cognitionem
302 1203 426 1270 pertinent.
434 1202 495 1267 Ergo
505 1196 718 1253 sensualitas'etiam
729 1201 809 1251 estuis
820 1202 950 1265 cognitiva.
978 1216 979 1221 ¹

174 1282 196 1327 3.
212 1277 337 1341 mures,
353 1274 488 1326 sensualitas
504 1274 528 1324 in
540 1274 668 1324 tentatione
679 1274 781 1323 hominis
793 1276 858 1324 tenet
872 1274 948 1326 locum
978 1294 979 1323 ς

139 1350 261 1416 serpentis.
276 1349 320 1400 Sed
340 1361 435 1412 serpens
447 1346 473 1397 in
486 1346 613 1399 tentatione
625 1342 749 1410 primorum
767 1348 913 1413 parentum,
928 1362 951 1397 se

139 1423 222 1473 timuit
233 1425 259 1471 ut
274 1417 382 1471 nuntians
400 1424 424 1471 et
439 1427 569 1484 proponens
583 1420 715 1483 pooeeurm,
731 1417 791 1481 quod
805 1422 841 1468 est
857 1418 899 1470 vis
912 1432 950 1470 en·
978 1418 979 1433 ³

141 1495 237 1558 gaitsa
250 1497 311 1558 Ergo
321 1494 457 1545 sensualitas
468 1496 504 1543 est
515 1491 551 1544 vis
565 1490 691 1559 cognitiva
978 1486 979 1501 *

173 1566 217 1617 Sed
229 1571 309 1618 eontra
319 1570 368 1630 est,
379 1564 440 1630 quod
458 1564 595 1615 sensualitas
610 1560 721 1615 diffinitur
733 1576 784 1613 esse
792 1567 814 1627 j«
829 1567 950 1629 appetitus

141 1650 218 1687 rerum
231 1639 261 1689 ad
275 1652 358 1701 eorpus
370 1636 545 1701 pertinentium.
563 1652 577 1682 n
978 1642 979 1697 3

177 1710 339 1773 (Coumusro.
354 1735 385 1747 -
401 1707 527 1788 Senmlitas
539 1722 586 1759 non
597 1706 695 1771 aliquam
705 1706 888 1771 cognoscitivam
901 1710 948 1761 vir·
978 1700 979 1767 ἶ

143 1783 215 1831 tutem
228 1780 337 1845 importat
343 1817 352 1843 ‚
364 1780 404 1831 sed
417 1791 499 1830 emme
514 1780 561 1829 vim
576 1778 751 1845 appetitivam.)
978 1770 979 1825 l

176 1852 311 1917 Respondes
325 1852 461 1914 meandum,
471 1850 533 1915 qutl
549 1865 634 1906 nornen
644 1850 822 1901 sensualitatis
833 1861 955 1919 sumptum
978 1830 979 1895 i

145 1924 235 1975 uidetur
247 1922 261 1973 i
273 1921 374 1974 sensuali
383 1925 455 1985 motu,
466 1923 494 1971 de
507 1936 552 1987 quo
566 1923 705 1986 Augustinus
718 1922 830 1986 loqrritur,
847 1924 902 1976 llll.
921 1928 957 1975 De
978 1946 979 1981 γ

147 1997 228 2050 Tria,¹
246 1995 305 2047 sieut
318 1995 347 2044 ab
366 1999 419 2044 actu
435 1990 532 2045 sumitur
550 2008 634 2046 nomen
650 1994 773 2059 potentie,
788 1998 814 2044 ut
833 1995 847 2045 t
864 1997 958 2049 visione

145 2068 225 2118 uisus.
241 2068 316 2118 Motus
335 2070 412 2117 autem
430 2066 543 2117 sensualis
562 2070 598 2116 est
611 2066 728 2131 appetitus
747 2068 958 2131 apprehensionem
978 2076 979 2129 3

147 2140 280 2191 sensuram
291 2152 451 2203 consequens,
465 2140 530 2189 aetus
542 2138 604 2189 enim
616 2138 788 2203 apprehensivae
800 2138 898 2191 rimans
911 2157 958 2193 non
978 2150 979 2189 ὲ

148 2214 181 2263 ita
191 2210 283 2277 proprie
296 2210 377 2261 dieitur
388 2214 478 2271 motus,
490 2209 550 2260 sieut
564 2210 624 2259 aetio
639 2210 769 2275 appetitus;
781 2223 836 2260 nam
853 2214 958 2275 operatio
978 2216 979 2243 s

147 2284 239 2333 virtutis
255 2281 427 2347 apprehensive
444 2280 562 2345 perlinitur·
577 2282 602 2331 in
619 2283 663 2331 hoe
677 2280 738 2346 qutd
751 2294 788 2331 res
803 2284 959 2346 apprehense

148 2357 203 2405 sunt
219 2353 245 2403 in
262 2352 466 2417 apprehendente3
483 2352 587 2417 operatio
610 2356 685 2403 autem
708 2352 797 2403 virtutis
820 2356 959 2419 appetitiva

147 2424 266 2488 perficitur
277 2424 302 2473 in
316 2426 360 2475 hoo
369 2422 430 2487 quoa
443 2427 554 2487 appetens
565 2423 687 2475 inclinatur
699 2424 723 2473 iu
737 2437 785 2473 rem
795 2427 958 2490 appetibilem.
978 2464 979 2471 ἶ

148 2496 177 2544 Et
187 2496 239 2547 ideo
251 2495 352 2558 operatio
368 2494 542 2558 apprehensirae
554 2494 644 2545 uinetis
656 2495 795 2547 assimilatur
806 2498 890 2563 quieti3
905 2513 959 2564 ope
978 2520 979 2523 ¹

150 2566 209 2617 ratio
225 2571 302 2617 autem
311 2566 403 2617 virtutis
417 2566 550 2631 appetitiva
560 2567 877 2630 magisnssimilaturmotui.
893 2572 959 2621 Unde

151 2652 194 2703 per
206 2638 334 2688 sensualem
348 2642 434 2687 motum
444 2636 578 2701 intelligitur
588 2638 690 2703 operatio
701 2638 833 2705 appetitiva
847 2640 956 2693 virtutis:

151 2714 175 2761 et
190 2710 224 2761 si'o
232 2709 368 2760 sensualitas
380 2713 415 2760 est
430 2722 514 2760 nomen
525 2710 641 2775 appetitus
651 2710 762 2761 sensitivi.

183 2784 215 2833 nd
229 2782 326 2847 primum
339 2796 394 2846 ergo
407 2781 539 2846 licendum,
548 2781 607 2846 qrrod
619 2795 659 2845 per
668 2784 712 2833 hoe
723 2782 784 2847 quud
797 2782 856 2834 dicit
868 2788 959 2849 ringus·

187 2907 219 2973 (t)
234 2914 266 2958 Ile
281 2911 410 2971 hisatium,
422 2914 506 2969 quest
521 2907 560 2969 25,
578 2910 612 2956 llo
624 2911 709 2962 neret,
724 2914 767 2957 art.
784 2910 807 2958 1.
