1984 3309
146 205 191 251 llo
291 213 366 251 rama
382 210 511 260 sucurre,
525 210 617 256 ounsr.
634 207 673 259 rr,
691 207 747 246 aar.
763 209 806 248 vu.

145 303 214 355 super
231 301 335 340 mensam
345 287 454 338 meamin
462 299 534 350 reguo
543 299 632 348 meo3u
648 287 672 334 et
684 285 789 344 mitto„
801 283 845 334 tl:
863 283 944 334 u'llue·

69 360 74 366 '
147 359 258 411 saunizate
271 357 337 408 vobis
349 355 620 419 thesamumincoe103»
632 358 655 405 et
670 355 775 418 Marto,
786 355 844 406 XXV
851 357 866 405 ‘z
878 371 893 404 u
903 355 943 402 tle-

144 432 206 492 nite,
228 428 341 480 benedieti
365 427 438 479 Patris
457 427 515 490 mei,
536 426 651 492 possidete
669 439 775 488 regnum.
797 443 812 474 u
836 427 898 490 Ergo
920 427 943 474 al

144 500 306 554 beatitudiuem
320 500 464 563 requiruntur
476 493 587 550 exteriora
597 498 665 550 hona.

175 579 199 624 2.
214 574 340 634 Preterea‚
357 569 483 621 serundirm
500 569 604 620 Boetinm
621 571 645 618 in
659 569 696 618 lll.
711 571 750 620 De
760 569 851 619 consol.
864 569 944 635 (prosa

144 645 181 706 ll)
190 682 199 708 ,
214 661 228 691 u
240 643 357 693 beatitudo
378 645 413 692 est
435 645 507 690 status
530 640 630 690 omnium
645 641 759 690 horrorum
787 642 944 705 aggregatione

144 716 266 783 perlectus.
282 730 297 759 n
311 714 356 764 Sed
369 712 481 763 exteriora
493 715 547 762 suut
559 712 634 774 aliqua
646 711 747 762 hominis
763 713 834 775 bona,
843 711 899 762 lieet
912 712 946 760 rni-

145 785 215 849 nimr‚
226 789 250 834 ut
260 784 399 847 Augustinus
408 783 461 834 dicit
473 783 528 847 (lib.
540 783 568 832 ll.
579 781 703 834 Delibero
713 783 832 842 arbitrio,
843 797 897 849 cap.
910 789 943 835 ll.

146 861 169 907 et
182 857 223 906 lib.
240 858 259 906 1;
272 859 393 919 Retroot„
411 869 462 920 rap.
475 855 516 918 9).
532 855 591 918 Ergo
608 854 657 920 ipsa
671 854 740 905 etiam
759 853 909 918 requiruntur
922 855 944 903 al

149 927 325 983 beatitudiuem.

179 1007 203 1052 3.
220 1001 346 1062 Preterea,
358 998 480 1064 Dominus,
494 1001 583 1050 Multo.
593 1037 602 1058 ,,
613 999 646 1060 V,
656 997 712 1049 diett
726 1014 732 1047 :
750 1015 764 1045 «
774 999 865 1050 ltleroes
878 1004 947 1050 vestm

149 1071 219 1120 multa
229 1075 265 1120 est
276 1071 300 1119 in
312 1070 383 1119 omlis.
396 1085 410 1116 »
423 1069 468 1120 Sed
482 1083 536 1120 esse
545 1068 570 1118 in
583 1069 646 1118 coelis
661 1068 774 1132 signifieat
786 1083 839 1120 esse
853 1071 881 1122 in
893 1073 945 1122 lom.

148 1143 207 1206 Ergo
218 1142 297 1192 saltem
310 1140 373 1191 loeus
383 1140 481 1192 exterior
493 1140 616 1204 reprimitur
630 1140 659 1190 ad
673 1139 848 1192 beatitudiuem.

179 1213 224 1263 Sed
239 1215 318 1264 contra
335 1216 384 1276 est,
402 1212 463 1275 quod
482 1211 563 1262 dicitur
583 1211 607 1261 iu
629 1211 725 1261 Psalmo.
749 1213 948 1271 Lllll112nouil

149 1284 211 1336 euim
220 1283 278 1333 mihi
287 1286 321 1333 est
331 1283 355 1333 iu
366 1284 432 1344 ooelo,
446 1288 469 1334 et
478 1283 523 1333 lte
534 1282 588 1346 quid
599 1283 662 1333 voltu
671 1295 740 1346 super
748 1285 851 1334 terram?
863 1302 879 1334 n
890 1285 949 1350 quasi

150 1358 209 1408 diem
222 1360 231 1406 ⁹.
243 1355 305 1406 Nihil
317 1355 384 1420 uolo,
396 1355 440 1405 nisi
453 1357 497 1407 hoe
512 1355 574 1420 quod
588 1355 701 1418 sequitur,
713 1354 769 1406 milri
780 1357 900 1410 adherere
909 1359 948 1406 ltro

148 1427 233 1479 bonum
245 1430 288 1478 est.
303 1426 362 1490 Ergo
376 1425 433 1476 nihil
448 1422 509 1478 aliud
524 1429 587 1478 entra
605 1427 676 1478 lteum
687 1427 715 1478 ad
732 1427 903 1482 beatitudinem
918 1443 947 1478 ne-

150 1499 255 1563 quiritur.

186 1570 342 1634 (Concuumo.
356 1569 433 1620 -lu
455 1569 622 1621 beatitudiuem
642 1571 721 1635 patriae
742 1572 859 1624 exteriora
882 1576 948 1631 bona,

151 1640 388 1706 operimentum,
405 1653 451 1691 nou
465 1641 576 1706 spirituali
591 1642 736 1706 deserviunt,
752 1645 818 1696 nullo
832 1649 900 1698 modo
917 1659 948 1696 re-

151 1711 284 1776 quiruntur3
300 1712 328 1762 ad
345 1725 396 1763 eam
410 1716 486 1762 tamen
501 1713 679 1776 beatitudiuem,
694 1729 746 1777 qnae
761 1715 786 1766 iu
804 1717 860 1770 vitae
879 1719 949 1769 uotiua:

150 1795 177 1833 ae
189 1782 372 1845 contemplative
386 1782 492 1848 operibus
506 1783 634 1848 perficitur,
651 1786 780 1838 necessaria
795 1780 891 1842 suntut
907 1791 950 1839 ins-

151 1855 288 1915 trumenta.)

182 1923 318 1988 Respondeo
337 1925 473 1990 dicendum,
489 1927 550 1990 quod
564 1929 592 1978 ud
610 1928 775 1980 beatitudiuem
797 1930 951 1996 imperfectum

152 1996 249 2060 qualiter
261 1997 285 2046 in
295 1999 339 2046 har
349 1996 398 2047 uita
410 2001 486 2061 potest
499 1999 594 2064 haberi,
609 2001 754 2065 requiruntur
763 2003 881 2054 exteriora
889 2005 952 2064 bourn„

153 2081 201 2119 non
210 2067 275 2131 quasi
285 2068 314 2117 de
326 2067 425 2118 essentia
434 2069 583 2120 beatitudinis
599 2071 733 2132 existentia,
747 2074 788 2122 sed
798 2074 866 2137 quam
876 2075 953 2124 instru-

154 2139 284 2189 mentaliter
295 2137 605 2198 doseruientia-beatiturliui,
616 2155 666 2205 que
675 2143 781 2194 consistit
789 2144 814 2194 in
824 2148 952 2210 operatione

153 2211 258 2273 montis,
273 2214 299 2260 ut
314 2209 396 2260 dieitur
412 2209 437 2260 in
450 2211 469 2260 l.
484 2211 599 2261 Etticor.
615 2218 683 2276 toap.
695 2216 724 2264 m
737 2215 774 2264 rel
789 2217 851 2278 10).
870 2218 952 2278 ludiget

154 2280 216 2331 enim
230 2283 299 2332 homo
315 2279 340 2330 in
355 2281 399 2330 lrao
415 2281 464 2331 vita
479 2283 613 2333 necessariis
628 2285 744 2348 eorporis,
758 2288 807 2336 tam
828 2289 857 2337 ad
874 2301 951 2353 opem·

151 2350 238 2402 tionem
258 2350 349 2402 virtutis
372 2353 566 2418 contemplativae,
580 2354 647 2418 quim
664 2355 733 2406 etiam
750 2357 779 2406 ad
800 2359 952 2424 operationem

152 2419 244 2470 virtutis
258 2423 352 2488 artire3
365 2424 393 2473 ad
406 2437 474 2487 quam
484 2424 552 2475 etiam
564 2427 628 2490 plura
642 2425 686 2476 alia
699 2427 863 2490 requiruntur,
876 2429 954 2494 quitus

152 2495 257 2542 exerceat
269 2507 338 2558 opera
352 2495 431 2545 activae
442 2495 541 2546 virtutis.
555 2495 601 2546 Sed
614 2498 642 2547 ad
654 2499 819 2550 beatitudinem
832 2502 952 2564 perlectum

152 2576 203 2626 qua
218 2562 244 2612 in
253 2563 342 2616 visione
355 2567 397 2616 liei
410 2567 526 2628 consistit,
539 2568 601 2618 nullo
612 2569 677 2620 ruodo
696 2570 832 2634 hujusmodi
845 2573 907 2623 rona
922 2587 953 2620 ne-

153 2633 282 2697 quiruntur.
296 2635 368 2700 Cujus
382 2636 438 2688 ratio
448 2642 497 2701 est,
511 2638 563 2701 quia
577 2641 654 2690 omuie
668 2641 800 2706 hujusmodi
817 2645 878 2694 bona
894 2650 952 2694 exte-

152 2706 211 2756 riora
223 2708 260 2756 vel
280 2709 423 2770 requiruntur
436 2712 464 2760 ad
479 2714 666 2764 sustentationem
680 2715 785 2765 animalis
796 2718 905 2782 corporis,
920 2718 953 2765 vol

153 2777 299 2839 requiruntur
317 2779 345 2826 ad
358 2779 446 2842 aliquas
462 2782 606 2844 operationes
623 2799 679 2848 quas
697 2799 738 2849 per
755 2787 856 2840 animale
875 2803 953 2852 eorpus

153 2858 296 2924 exeremus,
307 2859 357 2928 qum
369 2849 475 2902 humanae
484 2853 540 2905 vito
548 2855 700 2920 conueniunt3
716 2857 756 2908 illa
770 2863 847 2910 autern
856 2861 952 2924 perferto

155 2914 271 2966 notium
281 2929 332 2979 me
343 2931 368 2967 n
380 2919 472 2972 nuens
482 2924 524 2976 uei
540 2927 657 2993 construo,
672 2929 710 2979 vu
720 2929 763 2980 eni
776 2930 801 2982 in
819 2931 894 2982 nmo
905 2933 951 2983 sun
