1984 3309
263 193 267 201 ·
359 170 389 209 nu
404 168 557 211 luminosos.
815 167 861 221 'iot

48 259 124 308 mus,
140 246 296 297 intentionem
313 250 412 298 nostrum
426 250 454 299 uo
470 251 541 299 Deum
556 248 687 314 dirigimus3
702 264 754 315 qun
770 253 862 316 quidem

49 319 159 369 intentio
171 318 219 369 uim
232 319 338 370 clamoris
350 321 418 371 habet
429 319 470 385 (t).

84 392 122 441 Ad
145 391 272 441 secundum
289 392 424 458 dicendum,
442 392 502 458 quod
527 394 637 445 terminus
657 396 726 446 liutet
749 397 861 449 rationem

50 461 136 514 ultimi
157 462 223 527 iinis;
244 463 285 514 sud
304 477 350 515 non
371 476 461 529 semper
479 465 572 529 ultimi,
592 471 697 532 respectu
716 467 802 531 totius,
821 471 862 521 sud

49 534 196 601 quandoque
211 539 316 600 respecto
327 532 424 601 alicujus
435 536 516 601 partis.

84 606 124 656 Ad
133 604 229 656 tortium
237 607 372 670 dicentium,
384 608 445 672 quod
455 608 534 659 fruitio
543 608 651 673 importat
661 609 753 673 quidum
763 612 862 676 quietem

49 682 157 743 quaeest
171 678 196 728 in
212 678 272 741 fine,
287 682 347 743 quod
361 680 462 745 pertinet
476 679 549 731 sotum
562 681 592 730 ud
608 680 712 731 ultimum
726 682 808 748 tinem3
822 686 863 735 sed

49 750 157 801 intentio
178 751 287 815 importat
305 756 391 803 motum
406 753 430 802 in
449 752 535 815 finem,
545 764 592 802 non
610 754 687 803 auum
697 752 856 818 inquietum:

50 824 119 875 unde
135 835 183 873 non
197 827 233 873 est
247 822 330 875 similis
344 824 410 876 ratio.

350 977 512 1029 nuniconos
527 980 567 1031 111.

187 1094 274 1139 Uirium
287 1094 376 1153 uliquis
384 1096 458 1152 posuit
467 1096 541 1142 simul
549 1097 597 1143 dno
608 1097 739 1144 intendere.

85 1212 124 1265 nd
142 1210 236 1263 tertium
251 1212 284 1262 sio
297 1202 425 1276 proceditur
436 1212 477 1278 (t).
497 1213 592 1264 Videtur
604 1214 665 1279 quod
679 1229 724 1266 non
737 1216 810 1280 possit
823 1217 862 1267 uti·

50 1284 107 1349 quis
122 1282 193 1334 simut
206 1283 325 1335 intendere
337 1284 410 1347 plura.
427 1284 486 1335 Dicit
497 1285 558 1335 eninr
571 1286 709 1348 Augustinus
722 1286 747 1336 in
763 1287 804 1337 iio.
825 1290 860 1336 De

50 1372 135 1407 serm.
162 1357 268 1405 Domini
287 1357 313 1406 in
329 1358 424 1417 monte,
445 1356 505 1420 quod
525 1374 539 1405 u
556 1370 603 1415 non
620 1362 694 1422 potest
712 1360 781 1409 horno
797 1359 864 1409 simul

53 1430 183 1481 intendere
194 1428 266 1478 Deum
282 1432 306 1480 et
317 1429 458 1481 eommodum
476 1431 599 1494 corporate.
611 1446 626 1477 u
639 1430 699 1494 Ergo
712 1430 762 1494 pari
777 1432 864 1482 ratione

54 1515 136 1567 neque
149 1499 226 1563 aliqua
239 1499 282 1551 aliu
297 1500 349 1551 duo.

86 1579 116 1632 2.,
131 1572 261 1635 Prummu,
276 1572 371 1623 intentio
386 1572 490 1623 nominat
503 1575 589 1623 motum
606 1573 730 1624 voluntatis
743 1574 773 1625 ud
786 1573 862 1625 turmi-

53 1660 125 1700 num.
139 1644 186 1695 Sed
200 1643 270 1695 nnius
279 1648 354 1695 motus
367 1658 415 1696 non
426 1648 522 1711 possunt
530 1658 580 1695 esse
589 1645 665 1709 plures
676 1644 770 1696 termini
780 1659 809 1696 ex
817 1657 862 1695 unu

53 1724 135 1788 purte·
157 1718 218 1781 Ergo
232 1720 338 1769 uoluntas
350 1733 396 1770 non
409 1722 484 1784 potest
497 1718 566 1770 simul
579 1719 650 1771 inulta
660 1718 787 1771 intendere.

89 1800 117 1845 3.
134 1792 267 1857 Preterea,
283 1791 381 1843 intentio
394 1790 551 1857 prnsupponit
564 1794 639 1842 aetum
655 1791 750 1843 rationis
768 1791 867 1843 sivein-

55 1863 178 1917 tellectis.
194 1860 239 1912 Sed
254 1879 268 1911 u
279 1875 325 1913 non
340 1863 452 1929 contingit
464 1862 532 1914 simut
545 1864 611 1927 plura
622 1864 755 1927 intelligere,
765 1881 779 1912 n
788 1877 866 1914 seonn·

52 1939 112 1991 dium
129 1934 297 1999 Philosophum
310 1935 366 1997 tob.
377 1937 405 1986 11.
422 1936 518 2000 Τομέα..
530 1949 580 2000 oop.
593 1934 634 2002 t).
643 1936 701 2000 Ergo
714 1936 782 1987 etium
792 1948 866 2001 neque

53 2006 177 2070 contingit
190 2005 259 2056 simul
271 2006 336 2070 plura
350 2006 477 2059 intendere.

86 2080 136 2133 Sed
146 2081 228 2129 eontra
239 2094 244 2127 :
255 2090 291 2129 urs
301 2078 402 2129 imitatur
411 2081 523 2132 naturam.
534 2077 579 2128 Sed
589 2080 669 2128 nutura
679 2091 707 2129 ex
714 2078 865 2128 instrumento

54 2151 165 2205 intendit
183 2151 239 2201 dnus
257 2150 380 2214 utilitates,
393 2150 453 2201 sieut
473 2148 551 2212 lingua
564 2148 681 2200 ordinatur
696 2150 826 2213 angustum
844 2152 868 2199 et

53 2228 80 2277 ad
98 2222 249 2289 locutionem
255 2260 265 2287 ‚
279 2226 306 2273 ut
316 2222 399 2273 dicitur
417 2221 441 2271 in
452 2222 491 2271 lii.
503 2221 540 2270 De
550 2222 634 2269 animo
651 2222 735 2285 (prope
746 2220 830 2283 tinem,
842 2222 868 2271 ut

54 2302 79 2350 et
94 2298 141 2348 lib.
157 2295 196 2356 ΙΙ,
211 2297 269 2345 tert.
291 2295 348 2359 88).
365 2296 423 2358 Ergo
434 2292 484 2359 puri
502 2292 591 2346 ratione
610 2306 646 2343 ars
665 2292 703 2344 vel
718 2292 775 2343 ratio
792 2294 869 2355 potest

55 2366 133 2421 simul
148 2364 237 2431 aliquid
253 2378 324 2415 unum
338 2366 367 2415 ud
379 2366 437 2415 duos
448 2365 505 2415 fines
521 2364 637 2428 ordinare;
652 2366 676 2413 et
688 2362 720 2415 itu
734 2365 811 2429 potest
826 2362 867 2413 nli·

53 2439 109 2504 quis
127 2435 199 2489 simui
214 2438 281 2501 pluru
293 2435 422 2489 intendere.

91 2593 127 2657 (1)
148 2595 188 2640 sio
209 2593 271 2639 enim
293 2592 343 2650 ipse
361 2594 460 2650 Prosper
478 2590 565 2637 indiout
580 2603 634 2637 oum
647 2592 681 2637 sie
703 2590 795 2649 pionius
810 2590 867 2635 unz

59 2659 166 2704 Clamor
183 2656 215 2702 od
230 2656 308 2701 Deum
328 2659 360 2701 est
375 2656 479 2701 intentio
502 2654 583 2699 cordo
604 2658 625 2700 et
643 2654 779 2714 superaucta
795 2652 871 2697 (tileo-

57 2723 154 2773 tiomis‚·
165 2720 228 2777 qnia
236 2730 332 2776 semper
338 2720 433 2777 petitur
442 2716 505 2775 qood
513 2729 607 2775 semper
615 2721 721 2776 optatur.
731 2717 782 2761 1100
790 2719 869 2760 nucem

58 2785 111 2829 Deo
127 2780 303 2829 ubsooods'tum
313 2794 364 2826 non
378 2785 426 2831 ert,
436 2779 552 2837 qnoniam
561 2780 592 2824 nri
602 2782 684 2837 ipsum
694 2779 759 2825 redit
767 2776 831 2835 quod
840 2777 869 2822 ab

57 2850 115 2906 ipre
136 2844 269 2904 prooessit.

97 2913 136 2979 (fl)
152 2918 187 2963 De
200 2915 239 2962 his
248 2915 328 2975 eoum,
343 2926 382 2971 qu.
395 2912 436 2975 23,
449 2913 478 2961 de
490 2914 569 2973 verit,
579 2918 624 2961 aut.
639 2912 678 2960 uu.
