1984 3309
148 136 193 184 etl
352 141 414 182 runs
428 143 451 192 r,
467 141 560 187 quesn.
577 140 643 190 cxii,
660 139 715 179 ner.
733 141 750 177 1.

450 280 609 331 telleneus
625 281 643 330 1.

285 387 370 432 Uirum
379 388 461 446 anyele'
470 387 497 431 irc
507 385 667 431 ministerium
677 385 817 431 mittuntur.

181 507 213 556 ln
223 505 322 570 primum
331 505 365 556 sic
374 504 503 570 proceditur
512 503 555 570 (l).
568 504 661 566 Videtur
671 503 732 567 quiid
746 502 824 566 angeli
834 503 858 552 in
867 502 928 552 minis

149 577 231 628 teritum
244 590 290 627 ncn
302 577 427 628 mittentem.
441 575 523 627 Omnis
534 575 596 628 enim
612 574 690 625 missio
703 578 738 625 est
748 575 779 625 nd
794 574 895 638 aliquem
907 575 929 623 le·
951 604 956 669 ι

150 648 295 699 terminatum
311 649 394 698 lecum
411 647 457 697 sed
474 647 575 698 actiones
591 646 758 696 intellectuales
777 659 825 696 nun
841 645 929 696 cenem*
957 693 958 696 ,

150 721 206 769 nnnt
218 719 315 784 aliquem
328 720 412 783 lucum,
422 718 476 782 qnin
487 719 617 770 intellectus
626 717 739 768 abstrahit
747 717 778 766 alr
788 716 829 767 htc
840 719 865 766 ct
877 731 930 766 nnn.
957 709 958 744 l

150 791 208 842 cnm
222 791 293 854 igitur
306 791 409 842 ncticnes
421 790 529 854 cimice
542 789 588 840 sint
601 787 777 851 intellectuales,
789 785 932 852 ridelnrquli
958 764 959 824 l

151 863 227 926 angeli
236 863 266 913 nd
277 876 330 914 suns
342 862 443 914 cenom
453 862 554 924 agendas
566 871 612 911 nun
626 859 756 910 mittnntnr.
955 847 958 903 l

183 938 206 982 2.
219 936 345 995 Preterea,
356 934 439 983 coelnm
447 945 582 996 empyreum
592 936 626 982 est
634 931 697 981 lucus
706 931 827 996 pertinens
839 933 869 983 ed
880 931 934 995 digni·
958 973 959 983 ,

151 1007 220 1055 telem
232 1005 374 1067 angelornm.
388 1005 413 1054 Si
424 1003 495 1066 igitur
508 1004 537 1054 nd
549 1009 592 1054 nc'e
607 1001 727 1052 mittentur
740 1002 764 1051 in
784 1002 935 1058 ministeriun,
959 1047 960 1052 ,

151 1076 242 1125 ridetur
257 1073 318 1138 qued
333 1087 412 1126 eurum
426 1074 533 1138 digniteti
549 1073 635 1137 aliquid
652 1073 773 1138 (lupercum
788 1076 855 1138 quod·
868 1077 903 1125 est
915 1074 937 1121 ir·
959 1085 960 1118 u

152 1158 301 1197 conueniens.

92 1247 101 1265 .
184 1220 207 1266 s.
222 1218 348 1279 Praenren,
365 1217 465 1270 euterim
476 1218 595 1281 cccnenlic
608 1215 704 1281 impedit
717 1215 938 1280 snpientiaeclrnten-

152 1283 285 1351 plnlicnem.
302 1288 367 1339 Unde
383 1288 467 1338 dicitnr
479 1289 569 1352 Ecclt,
586 1287 699 1340 llllllvlll
717 1303 723 1335 ε
740 1289 811 1348 «Qui
830 1289 939 1340 minoratur

151 1363 219 1423 actu„
224 1359 336 1425 percipiet
349 1359 495 1423 sapientiam.
511 1375 525 1407 n
539 1359 565 1410 Si
579 1359 649 1423 igitur
662 1359 736 1422 angeli
747 1359 820 1424 aliqui
830 1361 939 1411 mittuntur

151 1432 181 1481 nd
198 1431 310 1483 exteriora
325 1431 465 1495 ministeria,
478 1431 568 1484 cicietur
583 1431 643 1495 qued
660 1431 803 1482 retardentur
816 1433 831 1483 l
850 1437 941 1484 centem-

152 1502 263 1568 plntione.
281 1504 325 1554 Sed
346 1506 393 1554 tcta
414 1517 493 1553 eorum
513 1503 628 1554 lentitudo
649 1502 674 1552 in
695 1503 894 1567 contempleticne
912 1501 941 1552 liei

151 1575 267 1629 consistit.
281 1575 304 1625 Si
319 1588 374 1639 erqo
389 1575 550 1638 mitterentur,
564 1587 643 1626 eornm
661 1573 779 1629 benetune
793 1575 941 1626 minueretur:
964 1517 966 1620 i

153 1647 213 1709 qnod
224 1648 259 1696 est
273 1645 447 1698 inmureuiens.

185 1721 208 1767 l.
222 1718 347 1781 Praeterea,
367 1718 497 1770 ministrare
511 1721 546 1769 est
558 1717 680 1770 inferioris.
699 1718 763 1769 Unde
781 1719 869 1771 (licitur
885 1721 944 1774 luet

153 1788 193 1838 llll
209 1803 214 1839 :
232 1788 310 1847 «Quis
325 1790 398 1855 majcr
411 1790 463 1841 esti
475 1790 515 1854 qni
527 1791 652 1854 recumbit,
664 1803 693 1840 en
710 1789 749 1840 illc
764 1791 806 1854 qui
822 1788 946 1842 ministret?

153 1873 230 1910 nonne
244 1859 284 1924 qni
297 1862 448 1912 recnmlitln
460 1862 504 1912 Sed
519 1861 596 1924 angeli
609 1864 662 1916 sunt
676 1860 773 1924 majores
792 1862 862 1912 nobis
876 1861 946 1913 urdine

153 1934 247 1981 nature.
261 1932 321 1995 Ergo
338 1945 384 1984 unu
398 1933 520 1983 mittuntur
530 1933 555 1982 in
568 1931 720 1984 ministerium
729 1934 844 1984 nostrum.

185 2004 230 2054 Sed
250 2007 328 2054 ccntrn
344 2007 394 2067 eet,
407 2005 468 2067 qnod
488 2003 570 2054 dicitur
588 2003 685 2062 Emori..
698 2005 771 2054 lllllll
790 2019 795 2054 :
816 2005 899 2056 nllcce
912 2017 948 2066 cqc

154 2074 242 2126 mittem
256 2075 362 2140 angelum
373 2089 449 2127 uncum
465 2075 506 2140 qui
517 2075 630 2140 precedat
640 2079 673 2126 te.
686 2091 700 2122 n

185 2144 344 2211 (Coucnusrn.
361 2173 392 2184 -
412 2145 471 2197 Cium
484 2145 559 2210 angeli
578 2159 607 2196 ex
621 2145 699 2197 diuino
721 2145 819 2210 imperio
832 2153 949 2213 operentur

153 2219 214 2269 circa
234 2222 360 2270 creaturum
379 2219 533 2283 corporalem,
551 2217 611 2270 recti
631 2218 655 2270 in
672 2218 826 2272 ministerium
840 2219 900 2280 mini
918 2218 948 2268 ‹li-

154 2293 258 2354 cuntur.)

184 2361 319 2425 Respondet
329 2360 464 2428 dicendum,
474 2362 534 2430 quid
542 2375 571 2414 ex
581 2361 648 2428 cupri
660 2360 725 2414 dictis
736 2363 784 2427 (qu.
798 2365 854 2426 lus,
865 2365 907 2414 nrt.
918 2362 948 2424 6),

154 2431 298 2484 manifestum
307 2447 357 2484 esse
366 2439 448 2499 petest,
461 2434 521 2499 qnlni
531 2433 603 2499 aliqui
614 2434 689 2498 angeli
702 2434 725 2484 in
737 2433 891 2488 ministerium
902 2435 950 2484 mit-

155 2505 231 2553 tuntur
244 2502 258 2554 l
273 2506 330 2556 Ilcc.
346 2507 375 2556 Ut
391 2505 452 2556 enim
472 2504 541 2570 cupri
556 2505 642 2557 dictum
659 2509 694 2556 est
713 2506 768 2571 (qu.
787 2507 832 2570 ts,
851 2509 894 2557 nrt.
907 2505 948 2567 l),

154 2573 206 2623 clrm
225 2576 252 2626 de
270 2577 377 2629 missione
397 2578 525 2629 nivinmnm
541 2591 689 2644 personarum
706 2581 825 2642 ageretur,
839 2579 879 2630 ille
894 2577 947 2628 milti

155 2645 251 2711 dicitnr,
262 2648 302 2712 qni
319 2649 474 2713 aliquomodo
493 2651 521 2702 nb
535 2649 611 2714 alique
626 2649 729 2716 procedit
748 2652 775 2699 ut
793 2649 889 2716 incipiat
903 2661 948 2700 esse

191 2795 221 2858 (1)
238 2801 270 2843 lle
281 2800 317 2845 lris
332 2801 402 2846 etiem
413 2805 436 2849 in
454 2806 529 2863 Epist.
544 2805 576 2852 nd
586 2804 671 2858 Hebe„
683 2807 719 2865 11,
731 2806 786 2852 lect.
802 2805 832 2862 ὃς
848 2814 874 2853 ut
886 2806 948 2858 elil,

156 2859 234 2910 Sciet„
246 2860 300 2905 dist.
313 2860 353 2921 10,
366 2870 409 2910 nrt.
426 2865 449 2911 1.
