1984 3309
161 196 207 243 tait
375 202 436 240 raus
451 203 473 252 r,
491 199 583 248 ounsr.
599 202 637 254 ur,
654 201 709 240 nur.
726 203 745 239 r.

193 283 218 331 t.
234 282 360 344 Praeterea,
371 279 438 344 pueri
453 279 570 330 inornati
585 279 698 342 justitian
713 279 854 330 babuimut.
865 278 910 330 bed
924 278 949 328 ad

159 353 271 418 justitiam
292 349 414 416 requiritur
435 351 544 413 seientia,
561 360 612 414 qna
635 349 710 414 dirigit
732 351 757 401 in
777 350 876 414 agendis.
898 349 951 412 Ergo

161 424 280 476 aebutium
297 424 440 476 habuissent.

192 498 235 550 Sed
248 501 326 548 contra
339 500 389 560 est,
399 495 550 560 qubdeuinia
566 499 643 546 nostra
658 508 699 560 per
716 498 822 546 natum
838 499 887 559 est,
900 495 952 545 deut

162 569 262 620 «nbula
275 581 339 631 rasa,
352 568 377 618 iu
387 581 434 632 qua
444 567 502 618 nihil
516 572 551 618 est
564 567 682 632 tenplum,
692 571 741 617 »ut
751 567 867 618 diciturin
879 567 953 617 tillir

160 644 248 693 naimo
261 641 337 706 (text.
353 638 408 704 ll).
425 639 470 689 Sed
483 640 564 689 eadm
580 639 755 690 emanatura
774 643 811 690 est
824 639 892 690 modb
909 650 951 703 qua

160 720 216 765 tuno
228 713 318 764 luisset.
332 708 393 776 Ergo
406 712 487 763 animae
502 724 624 776 puerorum
644 711 671 761 in
684 711 800 776 principio
813 710 909 762 minutii
921 723 952 761 ea·

161 787 270 837 ruissent.
389 786 395 791 ⁴

193 859 350 924 (Concunsro
359 883 389 895 -
398 855 504 908 Naturale
518 855 606 906 homini
618 857 653 904 est
663 858 689 904 ut
697 854 817 907 scientiane
830 870 873 920 per
884 869 955 906 sensns

162 930 280 994 anquirat:
294 929 360 995 pueri
373 929 443 992 igitur
459 929 483 976 in
499 931 559 977 statu
572 926 709 977 innocentia
727 927 788 991 nati,
806 941 856 978 non
869 928 955 980 luissent

161 1001 292 1053 inscientia
306 1001 416 1066 perlecti,
431 998 485 1050 linet
505 1012 555 1050 earn
571 1011 691 1064 progressu
706 999 817 1064 temporis
839 999 907 1052 laoilb
924 1011 954 1047 ao-

161 1073 335 1139 quisivissent.)

193 1146 327 1210 despondeo
343 1144 475 1205 dioendom,
490 1141 549 1206 quod
567 1141 625 1191 sieut
642 1141 710 1205 supr'a
723 1141 808 1192 dictum
822 1147 874 1208 est,
888 1145 914 1194 de
926 1141 955 1192 bis

161 1232 212 1282 qun
233 1221 286 1268 sunt
302 1229 371 1281 snpra
384 1221 502 1278 naturam,
517 1212 559 1263 soli
576 1213 703 1263 auctoritati
722 1213 830 1264 ereditur.
846 1216 909 1266 Unda
922 1212 955 1264 nbi

162 1289 281 1340 auotoritas
289 1287 373 1352 delicit,
381 1286 445 1351 sequi
453 1287 560 1336 debemus
570 1288 655 1336 nature
664 1285 828 1336 conditionem.
838 1284 956 1338 Est-auten

162 1363 264 1414 naturale
277 1361 365 1412 bomini
375 1364 400 1410 ut
417 1359 535 1411 scientiam
547 1371 587 1422 per
600 1367 682 1408 sensns
695 1357 806 1421 acquirat,
822 1359 885 1410 sient
897 1358 957 1422 sopri
978 1395 979 1412 t

163 1436 248 1485 dictum
262 1439 297 1484 est
307 1433 356 1498 (qn.
375 1438 414 1493 55,
424 1437 467 1481 art.
485 1435 510 1494 2,
522 1433 545 1481 et
554 1444 593 1494 qu.
611 1435 654 1494 tl,
672 1433 715 1480 art.
727 1428 765 1495 d).
781 1431 811 1480 Et
820 1429 877 1482 ideo
888 1433 956 1482 anina

161 1506 239 1556 unitur
247 1504 350 1569 torpori,
360 1503 413 1568 qnia
423 1501 512 1564 indiget
525 1503 554 1552 eo'
562 1501 591 1551 ad
599 1513 663 1551 suant
672 1499 786 1566 propriam
795 1502 955 1565 operationem.

162 1577 227 1636 Quod
239 1589 285 1626 uon
304 1579 379 1637 esset,
393 1575 413 1624 si
427 1572 504 1624 statim
517 1571 531 1622 h
542 1572 654 1636 principio
669 1572 786 1622 seientiam
801 1573 901 1626 haberet
917 1587 956 1624 non

162 1647 296 1711 arrpuisttanr
307 1661 348 1710 per
358 1646 478 1696 sensitiuas
490 1644 594 1694 vitutus.
608 1643 640 1694 nt
647 1645 699 1695 ideo
710 1643 831 1694 dicendum
844 1651 897 1711 est,
905 1646 957 1712 qnod

161 1719 228 1782 pueri
238 1719 264 1768 in
278 1721 339 1768 statu
348 1715 486 1768 innocentia
495 1718 697 1766 nonnasoereutnr
706 1716 801 1780 perteoti
813 1716 840 1767 in
857 1719 956 1782 seientia,

164 1790 204 1840 sed
218 1804 267 1840 eam
283 1803 390 1853 prooessu
407 1787 516 1852 temporis
533 1789 618 1859 absque
631 1788 764 1838 dillionltate
783 1790 958 1854 acquisivissent

163 1861 301 1911 inveniendo
313 1861 349 1910 vel
359 1860 504 1912 addiscendo.

195 1934 228 1983 hd
243 1933 342 1998 primum
352 1946 406 1995 ergo
417 1931 538 1982 dicendum
545 1969 553 1995 ,
564 1931 624 1996 quod
633 1945 683 1983 esse
697 1933 823 1997 perfeetum
833 1933 860 1985 in
870 1935 960 1987 scientia

164 2005 209 2056 tuit
222 2005 361 2055 individuale
381 2005 486 2056 aonidens
499 2003 567 2069 primi
582 2003 699 2069 parentis,
713 2004 737 2053 iu
751 2009 866 2068 quantum
881 2007 961 2058 sedicet

90 2119 93 2126 .
161 2078 212 2143 ipse
224 2077 384 2128 instituebatur
397 2081 423 2126 ut
432 2080 496 2141 pater
507 2079 531 2126 et
541 2075 663 2126 instructor
675 2075 743 2126 totius
754 2077 851 2127 hnmani
862 2080 957 2144 generis.

164 2152 192 2200 lit
202 2150 262 2212 iden,
271 2153 380 2214 quantum
392 2148 422 2198 ad
431 2149 475 2199 hoo
483 2162 531 2198 non
545 2147 667 2211 generabat
679 2148 740 2198 filios
753 2147 842 2199 similes
857 2151 914 2212 sibi,
925 2150 959 2201 sed

164 2221 237 2272 solim
256 2224 364 2284 quadum
384 2218 414 2270 ad
430 2218 557 2270 accidentia
579 2219 691 2272 naturalia
714 2218 752 2270 uel
774 2222 877 2282 gratuita
897 2221 961 2273 totius

164 2296 259 2342 naturae.

194 2364 229 2414 dd
240 2364 363 2414 seeundum
372 2363 508 2424 dicendum,
523 2361 582 2426 qubd
596 2362 725 2425 ignorantia
738 2364 772 2413 est
782 2362 961 2426 privatiosoien-
978 2409 979 2446 p

164 2434 203 2486 tiae
219 2448 269 2498 qun
286 2436 355 2486 debet
368 2435 447 2485 haberi
461 2448 503 2498 pro
518 2437 620 2498 tempore
634 2434 682 2485 illo.
698 2435 761 2492 Quod
774 2433 799 2484 iu
813 2437 895 2498 pneris
910 2451 959 2487 mor
978 2461 979 2494 p

164 2505 223 2556 uatis
234 2518 280 2555 non
290 2506 387 2569 tuisset3
403 2505 535 2555 habuissent
547 2504 608 2554 eninr
622 2505 804 2569 scientiamque
816 2505 853 2557 eis
866 2520 960 2573 nonpe—
978 2504 979 2570 Ῐ

163 2578 225 2628 tebat
246 2578 369 2628 secundnm
387 2581 478 2642 nnpus
500 2577 564 2627 illud.
585 2578 649 2628 Unde
669 2577 800 2640 ignorantia
820 2577 847 2627 in
867 2580 902 2631 eis
923 2593 962 2629 non

165 2649 257 2712 luisset,
273 2651 313 2700 sed
330 2648 457 2700 nescientia
474 2652 580 2714 respectu
592 2649 731 2713 aliquorum,
746 2661 815 2712 qnam
829 2651 901 2702 etiarn
915 2651 962 2702 llio
978 2669 979 2690 i

165 2721 244 2785 nysius
256 2722 320 2785 ponit
332 2722 356 2770 in
366 2722 451 2784 angelis
462 2722 558 2784 sanetis,
571 2721 596 2771 iu
608 2722 657 2771 llll.
675 2720 771 2771 Coelest.
783 2721 911 2774 hierarch.

197 2793 231 2842 dd
246 2793 341 2841 tertium
357 2792 491 2856 dicendum,
504 2789 564 2856 qubd
580 2792 646 2856 pueri
662 2792 796 2843 habuissent
810 2794 961 2846 sufficientem
978 2789 979 2846 j

165 2863 285 2915 seientiam
302 2864 330 2913 ad
342 2863 486 2927 dirigendum
502 2877 542 2915 eos
555 2863 580 2913 in
594 2865 701 2929 operibns
715 2864 826 2929 justitiae,
841 2866 867 2916 in
882 2867 962 2932 quibus

166 2934 270 2986 homines
279 2933 416 2999 diriguntur,
427 2941 453 2987 et
461 2949 502 3000 per
512 2935 648 2988 universalia
659 2935 959 3004 principiajnrisnaturalin
