<?xml version="1.0" encoding="UTF-8"?>
<!DOCTYPE html PUBLIC "-//W3C//DTD XHTML 1.0 Transitional//EN"
    "http://www.w3.org/TR/xhtml1/DTD/xhtml1-transitional.dtd">
<html xmlns="http://www.w3.org/1999/xhtml" xml:lang="en" lang="en">
 <head>
  <title>
</title>
<meta http-equiv="Content-Type" content="text/html;charset=utf-8" />
  <meta name='ocr-system' content='tesseract 3.04.00' />
  <meta name='ocr-capabilities' content='ocr_page ocr_carea ocr_par ocr_line ocrx_word'/>
</head>
<body>
  <div class='ocr_page' id='page_1' title='image "./summatheologica00nicogoog_0081.png"; bbox 0 0 1984 3309; ppageno 0'>
   <div class='ocr_carea' id='block_1_1' title="bbox 118 200 728 257">
    <p class='ocr_par' dir='ltr' id='par_1_1' title="bbox 118 200 728 257">
     <span class='ocr_line' id='line_1_1' title="bbox 118 200 728 257; baseline -0.008 -11"><span class='ocrx_word' id='word_1_1' title='bbox 118 200 149 247; x_wconf 77' lang='lat' dir='ltr'>‘tt</span> <span class='ocrx_word' id='word_1_2' title='bbox 306 208 365 245; x_wconf 83' lang='lat' dir='ltr'>usas</span> <span class='ocrx_word' id='word_1_3' title='bbox 381 208 404 257; x_wconf 84' lang='lat' dir='ltr'>r,</span> <span class='ocrx_word' id='word_1_4' title='bbox 422 206 514 252; x_wconf 76' lang='lat' dir='ltr'>numm.</span> <span class='ocrx_word' id='word_1_5' title='bbox 531 206 619 255; x_wconf 83' lang='lat' dir='ltr'>nxnrr,</span> <span class='ocrx_word' id='word_1_6' title='bbox 636 207 693 243; x_wconf 82' lang='lat' dir='ltr'>sur.</span> <span class='ocrx_word' id='word_1_7' title='bbox 710 206 728 243; x_wconf 89' lang='lat'>1.</span> 
     </span>
    </p>
   </div>
   <div class='ocr_carea' id='block_1_2' title="bbox 114 273 941 2787">
    <p class='ocr_par' dir='ltr' id='par_1_2' title="bbox 114 273 931 419">
     <span class='ocr_line' id='line_1_2' title="bbox 114 273 931 348; baseline 0 -13"><span class='ocrx_word' id='word_1_8' title='bbox 114 286 187 335; x_wconf 87' lang='lat' dir='ltr'>ratem</span> <span class='ocrx_word' id='word_1_9' title='bbox 211 297 289 335; x_wconf 90' lang='lat' dir='ltr'>eorum</span> <span class='ocrx_word' id='word_1_10' title='bbox 307 283 469 348; x_wconf 81' lang='lat' dir='ltr'>perfecb&#39;onem</span> <span class='ocrx_word' id='word_1_11' title='bbox 491 287 515 334; x_wconf 91' lang='lat' dir='ltr'>et</span> <span class='ocrx_word' id='word_1_12' title='bbox 535 281 637 333; x_wconf 81' lang='lat' dir='ltr'>universi</span> <span class='ocrx_word' id='word_1_13' title='bbox 658 281 728 332; x_wconf 86' lang='lat' dir='ltr'>totius</span> <span class='ocrx_word' id='word_1_14' title='bbox 746 273 931 345; x_wconf 75' lang='lat' dir='ltr'>integritatem,</span> 
     </span>
     <span class='ocr_line' id='line_1_3' title="bbox 117 354 566 419; baseline -0.007 -12"><span class='ocrx_word' id='word_1_15' title='bbox 117 354 217 419; x_wconf 70' lang='lat' dir='ltr'>congrue</span> <span class='ocrx_word' id='word_1_16' title='bbox 235 355 331 419; x_wconf 87' lang='lat' dir='ltr'>septimo</span> <span class='ocrx_word' id='word_1_17' title='bbox 347 355 392 405; x_wconf 89' lang='lat' dir='ltr'>diei</span> <span class='ocrx_word' id='word_1_18' title='bbox 406 354 566 417; x_wconf 81' lang='lat' dir='ltr'>adscribitur.)</span> 
     </span>
    </p>

    <p class='ocr_par' dir='ltr' id='par_1_3' title="bbox 118 422 937 1351">
     <span class='ocr_line' id='line_1_4' title="bbox 150 422 933 490; baseline 0.001 -13"><span class='ocrx_word' id='word_1_19' title='bbox 150 428 285 490; x_wconf 86' lang='lat' dir='ltr'>Respondeo</span> <span class='ocrx_word' id='word_1_20' title='bbox 295 427 430 489; x_wconf 88' lang='lat' dir='ltr'>dicendum,</span> <span class='ocrx_word' id='word_1_21' title='bbox 441 426 502 490; x_wconf 88' lang='lat' dir='ltr'>qubd</span> <span class='ocrx_word' id='word_1_22' title='bbox 511 426 595 490; x_wconf 80' lang='lat' dir='ltr'>duplex</span> <span class='ocrx_word' id='word_1_23' title='bbox 605 429 641 477; x_wconf 87' lang='lat' dir='ltr'>est</span> <span class='ocrx_word' id='word_1_24' title='bbox 654 424 688 476; x_wconf 91' lang='lat' dir='ltr'>rei</span> <span class='ocrx_word' id='word_1_25' title='bbox 699 422 822 489; x_wconf 81' lang='lat' dir='ltr'>perfectio,</span> <span class='ocrx_word' id='word_1_26' title='bbox 835 424 933 489; x_wconf 85' lang='lat' dir='ltr'>prima,</span> 
     </span>
     <span class='ocr_line' id='line_1_5' title="bbox 118 493 934 562; baseline 0 -13"><span class='ocrx_word' id='word_1_27' title='bbox 118 502 142 549; x_wconf 92' lang='lat' dir='ltr'>et</span> <span class='ocrx_word' id='word_1_28' title='bbox 152 498 259 549; x_wconf 88' lang='lat' dir='ltr'>secunda.</span> <span class='ocrx_word' id='word_1_29' title='bbox 273 498 348 548; x_wconf 78' lang='lat' dir='ltr'>Prina</span> <span class='ocrx_word' id='word_1_30' title='bbox 360 496 451 562; x_wconf 90' lang='lat' dir='ltr'>quidem</span> <span class='ocrx_word' id='word_1_31' title='bbox 464 496 576 561; x_wconf 74' lang='lat' dir='ltr'><strong>perfectio</strong></span> <span class='ocrx_word' id='word_1_32' title='bbox 589 500 624 548; x_wconf 91' lang='grc' dir='ltr'>εει</span> <span class='ocrx_word' id='word_1_33' title='bbox 633 493 756 548; x_wconf 88' lang='lat' dir='ltr'>secundbm</span> <span class='ocrx_word' id='word_1_34' title='bbox 770 493 832 558; x_wconf 80' lang='lat' dir='ltr'>quod</span> <span class='ocrx_word' id='word_1_35' title='bbox 848 510 891 547; x_wconf 87' lang='lat' dir='ltr'>res</span> <span class='ocrx_word' id='word_1_36' title='bbox 905 499 934 549; x_wconf 88' lang='lat' dir='ltr'>iu</span> 
     </span>
     <span class='ocr_line' id='line_1_6' title="bbox 119 566 935 634; baseline 0 -14"><span class='ocrx_word' id='word_1_37' title='bbox 119 569 160 620; x_wconf 84' lang='lat' dir='ltr'>sud</span> <span class='ocrx_word' id='word_1_38' title='bbox 176 568 302 619; x_wconf 80' lang='lat' dir='ltr'>substantii</span> <span class='ocrx_word' id='word_1_39' title='bbox 316 573 352 619; x_wconf 89' lang='lat' dir='ltr'>est</span> <span class='ocrx_word' id='word_1_40' title='bbox 368 570 469 633; x_wconf 89' lang='lat' dir='ltr'>perfecta</span> <span class='ocrx_word' id='word_1_41' title='bbox 482 586 488 633; x_wconf 87' lang='lat'>;</span> <span class='ocrx_word' id='word_1_42' title='bbox 503 584 554 634; x_wconf 83' lang='lat' dir='ltr'>que</span> <span class='ocrx_word' id='word_1_43' title='bbox 571 568 663 633; x_wconf 77' lang='lat' dir='ltr'>quidem</span> <span class='ocrx_word' id='word_1_44' title='bbox 676 566 785 631; x_wconf 79' lang='lat' dir='ltr'>perfectio</span> <span class='ocrx_word' id='word_1_45' title='bbox 798 569 835 616; x_wconf 90' lang='lat' dir='ltr'>est</span> <span class='ocrx_word' id='word_1_46' title='bbox 850 567 935 620; x_wconf 87' lang='lat' dir='ltr'>forma</span> 
     </span>
     <span class='ocr_line' id='line_1_7' title="bbox 118 637 934 707; baseline -0.001 -15"><span class='ocrx_word' id='word_1_47' title='bbox 118 641 200 704; x_wconf 88' lang='lat' dir='ltr'>totius,</span> <span class='ocrx_word' id='word_1_48' title='bbox 216 655 266 705; x_wconf 83' lang='lat' dir='ltr'>quae</span> <span class='ocrx_word' id='word_1_49' title='bbox 280 654 308 690; x_wconf 83' lang='lat' dir='ltr'>er</span> <span class='ocrx_word' id='word_1_50' title='bbox 320 641 449 703; x_wconf 81' lang='lat' dir='ltr'>integritate</span> <span class='ocrx_word' id='word_1_51' title='bbox 464 641 563 707; x_wconf 88' lang='lat' dir='ltr'>partium</span> <span class='ocrx_word' id='word_1_52' title='bbox 575 639 700 701; x_wconf 77' lang='lat' dir='ltr'>consurgit.</span> <span class='ocrx_word' id='word_1_53' title='bbox 716 637 829 687; x_wconf 82' lang='lat' dir='ltr'>Perfectio</span> <span class='ocrx_word' id='word_1_54' title='bbox 844 644 934 691; x_wconf 80' lang='lat' dir='ltr'>aulem</span> 
     </span>
     <span class='ocr_line' id='line_1_8' title="bbox 119 709 935 777; baseline 0 -14"><span class='ocrx_word' id='word_1_55' title='bbox 119 715 219 770; x_wconf 86' lang='lat' dir='ltr'>secunda</span> <span class='ocrx_word' id='word_1_56' title='bbox 230 717 266 763; x_wconf 97' lang='grc' dir='ltr'>εει</span> <span class='ocrx_word' id='word_1_57' title='bbox 275 712 386 777; x_wconf 85' lang='lat' dir='ltr'>lluis‚qui</span> <span class='ocrx_word' id='word_1_58' title='bbox 397 714 435 763; x_wconf 82' lang='lat' dir='ltr'>rel</span> <span class='ocrx_word' id='word_1_59' title='bbox 445 718 479 763; x_wconf 91' lang='lat' dir='ltr'>est</span> <span class='ocrx_word' id='word_1_60' title='bbox 490 712 603 777; x_wconf 91' lang='lat' dir='ltr'>operatio,</span> <span class='ocrx_word' id='word_1_61' title='bbox 613 711 673 761; x_wconf 89' lang='lat' dir='ltr'>sicut</span> <span class='ocrx_word' id='word_1_62' title='bbox 686 710 737 760; x_wconf 86' lang='lat' dir='ltr'>finis</span> <span class='ocrx_word' id='word_1_63' title='bbox 750 709 879 761; x_wconf 74' lang='lat' dir='ltr'>citharista</span> <span class='ocrx_word' id='word_1_64' title='bbox 893 716 935 763; x_wconf 89' lang='lat' dir='ltr'>est</span> 
     </span>
     <span class='ocr_line' id='line_1_9' title="bbox 119 782 933 850; baseline -0.001 -14"><span class='ocrx_word' id='word_1_65' title='bbox 119 786 262 847; x_wconf 87' lang='lat' dir='ltr'>citharizare,</span> <span class='ocrx_word' id='word_1_66' title='bbox 273 786 311 836; x_wconf 86' lang='lat' dir='ltr'>sel</span> <span class='ocrx_word' id='word_1_67' title='bbox 317 790 352 836; x_wconf 89' lang='lat' dir='ltr'>est</span> <span class='ocrx_word' id='word_1_68' title='bbox 362 784 446 850; x_wconf 87' lang='lat' dir='ltr'>aliquid</span> <span class='ocrx_word' id='word_1_69' title='bbox 455 786 483 836; x_wconf 92' lang='lat' dir='ltr'>ad</span> <span class='ocrx_word' id='word_1_70' title='bbox 492 786 552 849; x_wconf 87' lang='lat' dir='ltr'>quod</span> <span class='ocrx_word' id='word_1_71' title='bbox 562 798 603 849; x_wconf 88' lang='lat' dir='ltr'>per</span> <span class='ocrx_word' id='word_1_72' title='bbox 611 782 767 848; x_wconf 89' lang='lat' dir='ltr'>operationem</span> <span class='ocrx_word' id='word_1_73' title='bbox 776 783 933 850; x_wconf 80' lang='lat' dir='ltr'>peruenitur3</span> 
     </span>
     <span class='ocr_line' id='line_1_10' title="bbox 120 853 935 919; baseline 0 -12"><span class='ocrx_word' id='word_1_74' title='bbox 120 858 178 907; x_wconf 89' lang='lat' dir='ltr'>sicut</span> <span class='ocrx_word' id='word_1_75' title='bbox 188 858 239 908; x_wconf 87' lang='lat' dir='ltr'>finis</span> <span class='ocrx_word' id='word_1_76' title='bbox 250 857 391 908; x_wconf 83' lang='lat' dir='ltr'>aedificatoris</span> <span class='ocrx_word' id='word_1_77' title='bbox 400 862 435 908; x_wconf 90' lang='lat' dir='ltr'>est</span> <span class='ocrx_word' id='word_1_78' title='bbox 445 859 540 919; x_wconf 91' lang='lat' dir='ltr'>domus,</span> <span class='ocrx_word' id='word_1_79' title='bbox 552 870 620 919; x_wconf 86' lang='lat' dir='ltr'>quam</span> <span class='ocrx_word' id='word_1_80' title='bbox 631 854 762 906; x_wconf 78' lang='lat' dir='ltr'>aedificando</span> <span class='ocrx_word' id='word_1_81' title='bbox 773 854 835 903; x_wconf 89' lang='lat' dir='ltr'>facit.</span> <span class='ocrx_word' id='word_1_82' title='bbox 846 853 935 907; x_wconf 89' lang='lat' dir='ltr'>Prima</span> 
     </span>
     <span class='ocr_line' id='line_1_11' title="bbox 120 924 936 993; baseline 0.001 -15"><span class='ocrx_word' id='word_1_83' title='bbox 120 934 196 979; x_wconf 87' lang='lat' dir='ltr'>autern</span> <span class='ocrx_word' id='word_1_84' title='bbox 206 930 317 993; x_wconf 76' lang='lat' dir='ltr'>perfectio</span> <span class='ocrx_word' id='word_1_85' title='bbox 330 933 365 979; x_wconf 92' lang='lat' dir='ltr'>est</span> <span class='ocrx_word' id='word_1_86' title='bbox 375 941 443 979; x_wconf 87' lang='lat' dir='ltr'>causa</span> <span class='ocrx_word' id='word_1_87' title='bbox 452 929 572 989; x_wconf 83' lang='lat' dir='ltr'>secundae;</span> <span class='ocrx_word' id='word_1_88' title='bbox 587 926 640 992; x_wconf 89' lang='lat' dir='ltr'>quia</span> <span class='ocrx_word' id='word_1_89' title='bbox 650 927 722 978; x_wconf 89' lang='lat' dir='ltr'>forma</span> <span class='ocrx_word' id='word_1_90' title='bbox 733 930 768 975; x_wconf 91' lang='lat' dir='ltr'>est</span> <span class='ocrx_word' id='word_1_91' title='bbox 782 924 936 990; x_wconf 81' lang='lat' dir='ltr'>principium</span> 
     </span>
     <span class='ocr_line' id='line_1_12' title="bbox 120 992 937 1065; baseline -0.001 -13"><span class='ocrx_word' id='word_1_92' title='bbox 120 1001 269 1065; x_wconf 83' lang='lat' dir='ltr'>operationis.</span> <span class='ocrx_word' id='word_1_93' title='bbox 285 1000 369 1053; x_wconf 87' lang='lat' dir='ltr'>Ultima</span> <span class='ocrx_word' id='word_1_94' title='bbox 385 1006 461 1051; x_wconf 90' lang='lat' dir='ltr'>autem</span> <span class='ocrx_word' id='word_1_95' title='bbox 478 1001 601 1065; x_wconf 83' lang='lat' dir='ltr'>perfectio,</span> <span class='ocrx_word' id='word_1_96' title='bbox 616 1014 667 1063; x_wconf 81' lang='lat' dir='ltr'>quae</span> <span class='ocrx_word' id='word_1_97' title='bbox 684 992 718 1049; x_wconf 83' lang='grc' dir='ltr'>εει</span> <span class='ocrx_word' id='word_1_98' title='bbox 729 997 861 1048; x_wconf 88' lang='lat' dir='ltr'>linistotius</span> <span class='ocrx_word' id='word_1_99' title='bbox 873 1002 937 1051; x_wconf 89' lang='lat' dir='ltr'>uni-</span> 
     </span>
     <span class='ocr_line' id='line_1_13' title="bbox 120 1069 937 1138; baseline 0.004 -16"><span class='ocrx_word' id='word_1_100' title='bbox 120 1076 180 1124; x_wconf 84' lang='lat' dir='ltr'>versi</span> <span class='ocrx_word' id='word_1_101' title='bbox 187 1111 196 1137; x_wconf 86' lang='lat'><strong><em>,</em></strong></span> <span class='ocrx_word' id='word_1_102' title='bbox 211 1079 245 1124; x_wconf 85' lang='grc' dir='ltr'>εει</span> <span class='ocrx_word' id='word_1_103' title='bbox 261 1074 362 1138; x_wconf 90' lang='lat' dir='ltr'>perfecta</span> <span class='ocrx_word' id='word_1_104' title='bbox 379 1072 496 1123; x_wconf 82' lang='lat' dir='ltr'>beatitudo</span> <span class='ocrx_word' id='word_1_105' title='bbox 516 1076 660 1134; x_wconf 79' lang='lat' dir='ltr'>sanctorum,</span> <span class='ocrx_word' id='word_1_106' title='bbox 675 1084 725 1135; x_wconf 78' lang='lat' dir='ltr'>quae</span> <span class='ocrx_word' id='word_1_107' title='bbox 745 1069 789 1120; x_wconf 88' lang='lat' dir='ltr'>erit</span> <span class='ocrx_word' id='word_1_108' title='bbox 803 1069 829 1121; x_wconf 89' lang='lat' dir='ltr'>iu</span> <span class='ocrx_word' id='word_1_109' title='bbox 842 1071 937 1125; x_wconf 88' lang='lat' dir='ltr'>ultima</span> 
     </span>
     <span class='ocr_line' id='line_1_14' title="bbox 120 1142 937 1207; baseline 0 -13"><span class='ocrx_word' id='word_1_110' title='bbox 120 1146 312 1196; x_wconf 81' lang='lat' dir='ltr'>consummatione</span> <span class='ocrx_word' id='word_1_111' title='bbox 326 1145 404 1195; x_wconf 90' lang='lat' dir='ltr'>seculi.</span> <span class='ocrx_word' id='word_1_112' title='bbox 422 1144 497 1193; x_wconf 85' lang='lat' dir='ltr'>Prima</span> <span class='ocrx_word' id='word_1_113' title='bbox 511 1147 587 1194; x_wconf 91' lang='lat' dir='ltr'>autem</span> <span class='ocrx_word' id='word_1_114' title='bbox 599 1143 725 1207; x_wconf 88' lang='lat' dir='ltr'>perfectio,</span> <span class='ocrx_word' id='word_1_115' title='bbox 737 1154 788 1207; x_wconf 78' lang='lat' dir='ltr'>que</span> <span class='ocrx_word' id='word_1_116' title='bbox 801 1145 836 1191; x_wconf 88' lang='grc' dir='ltr'>εει</span> <span class='ocrx_word' id='word_1_117' title='bbox 849 1142 877 1191; x_wconf 92' lang='lat' dir='ltr'>in</span> <span class='ocrx_word' id='word_1_118' title='bbox 890 1142 937 1194; x_wconf 88' lang='lat' dir='ltr'>in-</span> 
     </span>
     <span class='ocr_line' id='line_1_15' title="bbox 119 1212 937 1279; baseline 0.001 -12"><span class='ocrx_word' id='word_1_119' title='bbox 119 1218 226 1279; x_wconf 81' lang='lat' dir='ltr'>tegritate</span> <span class='ocrx_word' id='word_1_120' title='bbox 241 1216 355 1279; x_wconf 84' lang='lat' dir='ltr'>universi,</span> <span class='ocrx_word' id='word_1_121' title='bbox 370 1216 414 1265; x_wconf 89' lang='lat' dir='ltr'>fuit</span> <span class='ocrx_word' id='word_1_122' title='bbox 434 1214 458 1264; x_wconf 91' lang='lat' dir='ltr'>in</span> <span class='ocrx_word' id='word_1_123' title='bbox 473 1215 548 1279; x_wconf 89' lang='lat' dir='ltr'>prima</span> <span class='ocrx_word' id='word_1_124' title='bbox 564 1228 640 1265; x_wconf 89' lang='lat' dir='ltr'>rerum</span> <span class='ocrx_word' id='word_1_125' title='bbox 659 1212 811 1264; x_wconf 89' lang='lat' dir='ltr'>institutione.</span> <span class='ocrx_word' id='word_1_126' title='bbox 826 1213 858 1262; x_wconf 86' lang='lat' dir='ltr'>Et</span> <span class='ocrx_word' id='word_1_127' title='bbox 876 1215 937 1267; x_wconf 87' lang='lat' dir='ltr'>baec</span> 
     </span>
     <span class='ocr_line' id='line_1_16' title="bbox 121 1286 417 1351; baseline 0 -14"><span class='ocrx_word' id='word_1_128' title='bbox 121 1289 241 1351; x_wconf 87' lang='lat' dir='ltr'>deputetur</span> <span class='ocrx_word' id='word_1_129' title='bbox 251 1287 348 1351; x_wconf 91' lang='lat' dir='ltr'>septimo</span> <span class='ocrx_word' id='word_1_130' title='bbox 361 1286 417 1337; x_wconf 91' lang='lat' dir='ltr'>diei.</span> 
     </span>
    </p>

    <p class='ocr_par' dir='ltr' id='par_1_4' title="bbox 120 1357 939 2069">
     <span class='ocr_line' id='line_1_17' title="bbox 152 1357 937 1425; baseline -0.001 -15"><span class='ocrx_word' id='word_1_131' title='bbox 152 1362 186 1410; x_wconf 83' lang='lat' dir='ltr'>Ad</span> <span class='ocrx_word' id='word_1_132' title='bbox 198 1360 295 1425; x_wconf 89' lang='lat' dir='ltr'>primum</span> <span class='ocrx_word' id='word_1_133' title='bbox 308 1364 362 1422; x_wconf 79' lang='lat' dir='ltr'>ergo</span> <span class='ocrx_word' id='word_1_134' title='bbox 375 1360 505 1421; x_wconf 91' lang='lat' dir='ltr'>dicendum,</span> <span class='ocrx_word' id='word_1_135' title='bbox 515 1358 573 1418; x_wconf 84' lang='lat' dir='ltr'>uubd</span> <span class='ocrx_word' id='word_1_136' title='bbox 588 1358 646 1409; x_wconf 81' lang='lat' dir='ltr'>siem</span> <span class='ocrx_word' id='word_1_137' title='bbox 660 1357 746 1414; x_wconf 88' lang='lat' dir='ltr'>dictum</span> <span class='ocrx_word' id='word_1_138' title='bbox 758 1359 802 1417; x_wconf 87' lang='lat' dir='ltr'>est,</span> <span class='ocrx_word' id='word_1_139' title='bbox 811 1358 937 1421; x_wconf 85' lang='lat' dir='ltr'>perfectio</span> 
     </span>
     <span class='ocr_line' id='line_1_18' title="bbox 120 1430 936 1497; baseline -0.004 -14"><span class='ocrx_word' id='word_1_140' title='bbox 120 1432 193 1497; x_wconf 88' lang='lat' dir='ltr'>prima</span> <span class='ocrx_word' id='word_1_141' title='bbox 203 1435 237 1483; x_wconf 87' lang='lat' dir='ltr'>est</span> <span class='ocrx_word' id='word_1_142' title='bbox 246 1430 731 1483; x_wconf 78' lang='lat' dir='ltr'>causasecundaeadbeatitudinemautem</span> <span class='ocrx_word' id='word_1_143' title='bbox 739 1432 936 1492; x_wconf 85' lang='lat' dir='ltr'>consequendam</span> 
     </span>
     <span class='ocr_line' id='line_1_19' title="bbox 121 1498 938 1568; baseline -0.002 -15"><span class='ocrx_word' id='word_1_144' title='bbox 121 1505 165 1554; x_wconf 91' lang='lat' dir='ltr'>duo</span> <span class='ocrx_word' id='word_1_145' title='bbox 181 1503 338 1568; x_wconf 89' lang='lat' dir='ltr'>requiruntur;</span> <span class='ocrx_word' id='word_1_146' title='bbox 354 1506 434 1553; x_wconf 89' lang='lat' dir='ltr'>natura</span> <span class='ocrx_word' id='word_1_147' title='bbox 449 1507 473 1553; x_wconf 91' lang='lat' dir='ltr'>et</span> <span class='ocrx_word' id='word_1_148' title='bbox 491 1503 572 1566; x_wconf 83' lang='lat' dir='ltr'>gratia.</span> <span class='ocrx_word' id='word_1_149' title='bbox 589 1503 642 1566; x_wconf 90' lang='lat' dir='ltr'>lpsa</span> <span class='ocrx_word' id='word_1_150' title='bbox 658 1514 712 1564; x_wconf 78' lang='lat' dir='ltr'>ergo</span> <span class='ocrx_word' id='word_1_151' title='bbox 728 1498 861 1551; x_wconf 83' lang='lat' dir='ltr'>beatudinis</span> <span class='ocrx_word' id='word_1_152' title='bbox 875 1517 938 1566; x_wconf 86' lang='lat' dir='ltr'>per-</span> 
     </span>
     <span class='ocr_line' id='line_1_20' title="bbox 121 1572 937 1638; baseline 0.002 -12"><span class='ocrx_word' id='word_1_153' title='bbox 121 1576 190 1628; x_wconf 87' lang='lat' dir='ltr'>fectio</span> <span class='ocrx_word' id='word_1_154' title='bbox 203 1576 246 1626; x_wconf 91' lang='lat' dir='ltr'>erit</span> <span class='ocrx_word' id='word_1_155' title='bbox 259 1575 284 1624; x_wconf 93' lang='lat' dir='ltr'>in</span> <span class='ocrx_word' id='word_1_156' title='bbox 296 1575 341 1625; x_wconf 85' lang='lat' dir='ltr'>dne</span> <span class='ocrx_word' id='word_1_157' title='bbox 350 1576 447 1638; x_wconf 89' lang='lat' dir='ltr'>mundi,</span> <span class='ocrx_word' id='word_1_158' title='bbox 460 1580 486 1625; x_wconf 93' lang='lat' dir='ltr'>ut</span> <span class='ocrx_word' id='word_1_159' title='bbox 496 1574 580 1624; x_wconf 89' lang='lat' dir='ltr'>dictum</span> <span class='ocrx_word' id='word_1_160' title='bbox 591 1578 634 1623; x_wconf 85' lang='lat' dir='ltr'>est.</span> <span class='ocrx_word' id='word_1_161' title='bbox 647 1574 692 1623; x_wconf 84' lang='lat' dir='ltr'>Sed</span> <span class='ocrx_word' id='word_1_162' title='bbox 705 1572 748 1623; x_wconf 85' lang='lat' dir='ltr'>istu</span> <span class='ocrx_word' id='word_1_163' title='bbox 757 1578 937 1628; x_wconf 85' lang='lat' dir='ltr'>consummatio</span> 
     </span>
     <span class='ocr_line' id='line_1_21' title="bbox 122 1643 938 1712; baseline -0.002 -15"><span class='ocrx_word' id='word_1_164' title='bbox 122 1646 238 1712; x_wconf 73' lang='lat' dir='ltr'>praecessit</span> <span class='ocrx_word' id='word_1_165' title='bbox 259 1645 393 1709; x_wconf 84' lang='lat' dir='ltr'>causaliter,</span> <span class='ocrx_word' id='word_1_166' title='bbox 407 1650 517 1711; x_wconf 70' lang='lat' dir='ltr'>pentum</span> <span class='ocrx_word' id='word_1_167' title='bbox 530 1646 559 1695; x_wconf 88' lang='lat' dir='ltr'>ad</span> <span class='ocrx_word' id='word_1_168' title='bbox 572 1648 675 1695; x_wconf 89' lang='lat' dir='ltr'>naturam</span> <span class='ocrx_word' id='word_1_169' title='bbox 689 1645 798 1709; x_wconf 74' lang='lat' dir='ltr'>quidem,</span> <span class='ocrx_word' id='word_1_170' title='bbox 812 1643 837 1693; x_wconf 92' lang='lat' dir='ltr'>in</span> <span class='ocrx_word' id='word_1_171' title='bbox 851 1646 938 1708; x_wconf 85' lang='lat' dir='ltr'>prima</span> 
     </span>
     <span class='ocr_line' id='line_1_22' title="bbox 122 1714 937 1781; baseline -0.001 -11"><span class='ocrx_word' id='word_1_172' title='bbox 122 1733 196 1770; x_wconf 90' lang='lat' dir='ltr'>rerum</span> <span class='ocrx_word' id='word_1_173' title='bbox 208 1717 364 1780; x_wconf 83' lang='lat' dir='ltr'>institutione;</span> <span class='ocrx_word' id='word_1_174' title='bbox 375 1721 482 1780; x_wconf 83' lang='lat' dir='ltr'>quantum</span> <span class='ocrx_word' id='word_1_175' title='bbox 496 1719 526 1767; x_wconf 89' lang='lat' dir='ltr'>ad</span> <span class='ocrx_word' id='word_1_176' title='bbox 537 1717 632 1781; x_wconf 80' lang='lat' dir='ltr'>gratiam</span> <span class='ocrx_word' id='word_1_177' title='bbox 647 1715 715 1779; x_wconf 79' lang='lat' dir='ltr'>verb,</span> <span class='ocrx_word' id='word_1_178' title='bbox 727 1715 752 1765; x_wconf 89' lang='lat' dir='ltr'>iu</span> <span class='ocrx_word' id='word_1_179' title='bbox 765 1714 937 1769; x_wconf 81' lang='lat' dir='ltr'>incarnatione</span> 
     </span>
     <span class='ocr_line' id='line_1_23' title="bbox 122 1784 937 1854; baseline -0.004 -12"><span class='ocrx_word' id='word_1_180' title='bbox 122 1790 207 1843; x_wconf 83' lang='lat' dir='ltr'>Christi</span> <span class='ocrx_word' id='word_1_181' title='bbox 216 1809 223 1849; x_wconf 68' lang='grc' dir='ltr'><strong>ς</strong></span> <span class='ocrx_word' id='word_1_182' title='bbox 232 1790 284 1853; x_wconf 89' lang='lat' dir='ltr'>quia</span> <span class='ocrx_word' id='word_1_183' title='bbox 296 1806 310 1835; x_wconf 85' lang='lat' dir='ltr'>u</span> <span class='ocrx_word' id='word_1_184' title='bbox 321 1791 393 1851; x_wconf 76' lang='lat' dir='ltr'>gratu</span> <span class='ocrx_word' id='word_1_185' title='bbox 405 1792 428 1839; x_wconf 90' lang='lat' dir='ltr'>et</span> <span class='ocrx_word' id='word_1_186' title='bbox 441 1789 526 1840; x_wconf 85' lang='lat' dir='ltr'>veritas</span> <span class='ocrx_word' id='word_1_187' title='bbox 539 1789 665 1854; x_wconf 85' lang='lat' dir='ltr'>pertesum</span> <span class='ocrx_word' id='word_1_188' title='bbox 679 1787 793 1837; x_wconf 85' lang='lat' dir='ltr'>Christum</span> <span class='ocrx_word' id='word_1_189' title='bbox 805 1784 870 1836; x_wconf 90' lang='lat' dir='ltr'>facta</span> <span class='ocrx_word' id='word_1_190' title='bbox 883 1793 937 1853; x_wconf 89' lang='lat' dir='ltr'>est,</span> 
     </span>
     <span class='ocr_line' id='line_1_24' title="bbox 123 1856 939 1923; baseline 0 -12"><span class='ocrx_word' id='word_1_191' title='bbox 123 1881 136 1911; x_wconf 77' lang='grc' dir='ltr'>ι)</span> <span class='ocrx_word' id='word_1_192' title='bbox 151 1866 177 1913; x_wconf 82' lang='grc' dir='ltr'>ιιι</span> <span class='ocrx_word' id='word_1_193' title='bbox 190 1861 272 1913; x_wconf 87' lang='lat' dir='ltr'>dicitur</span> <span class='ocrx_word' id='word_1_194' title='bbox 287 1860 369 1916; x_wconf 69' lang='lat' dir='ltr'>doun„</span> <span class='ocrx_word' id='word_1_195' title='bbox 384 1860 402 1909; x_wconf 92' lang='grc' dir='ltr'>Ι.</span> <span class='ocrx_word' id='word_1_196' title='bbox 422 1860 461 1911; x_wconf 88' lang='lat' dir='ltr'>Sic</span> <span class='ocrx_word' id='word_1_197' title='bbox 474 1859 545 1923; x_wconf 75' lang='lat' dir='ltr'>igitur</span> <span class='ocrx_word' id='word_1_198' title='bbox 558 1861 583 1913; x_wconf 90' lang='lat' dir='ltr'>iu</span> <span class='ocrx_word' id='word_1_199' title='bbox 597 1859 694 1923; x_wconf 84' lang='lat' dir='ltr'>septima</span> <span class='ocrx_word' id='word_1_200' title='bbox 714 1858 750 1908; x_wconf 85' lang='lat' dir='ltr'>die</span> <span class='ocrx_word' id='word_1_201' title='bbox 763 1856 806 1907; x_wconf 86' lang='lat' dir='ltr'>fuit</span> <span class='ocrx_word' id='word_1_202' title='bbox 819 1871 939 1911; x_wconf 88' lang='lat' dir='ltr'>cousum-</span> 
     </span>
     <span class='ocr_line' id='line_1_25' title="bbox 123 1928 939 1995; baseline -0.002 -10"><span class='ocrx_word' id='word_1_203' title='bbox 123 1936 192 1987; x_wconf 86' lang='lat' dir='ltr'>matio</span> <span class='ocrx_word' id='word_1_204' title='bbox 207 1941 303 1995; x_wconf 81' lang='lat' dir='ltr'>nature,</span> <span class='ocrx_word' id='word_1_205' title='bbox 316 1931 341 1985; x_wconf 91' lang='lat' dir='ltr'>in</span> <span class='ocrx_word' id='word_1_206' title='bbox 355 1932 511 1985; x_wconf 90' lang='lat' dir='ltr'>incarnatione</span> <span class='ocrx_word' id='word_1_207' title='bbox 525 1931 608 1983; x_wconf 82' lang='lat' dir='ltr'>Christi</span> <span class='ocrx_word' id='word_1_208' title='bbox 621 1928 786 1982; x_wconf 86' lang='lat' dir='ltr'>consummatio</span> <span class='ocrx_word' id='word_1_209' title='bbox 796 1929 879 1993; x_wconf 78' lang='lat' dir='ltr'>graue</span> <span class='ocrx_word' id='word_1_210' title='bbox 884 1968 895 1995; x_wconf 90' lang='lat'><em>,</em></span> <span class='ocrx_word' id='word_1_211' title='bbox 907 1931 939 1983; x_wconf 90' lang='lat' dir='ltr'>in</span> 
     </span>
     <span class='ocr_line' id='line_1_26' title="bbox 123 2005 539 2069; baseline -0.005 -13"><span class='ocrx_word' id='word_1_212' title='bbox 123 2006 168 2059; x_wconf 86' lang='lat' dir='ltr'>flue</span> <span class='ocrx_word' id='word_1_213' title='bbox 182 2010 261 2059; x_wconf 90' lang='lat' dir='ltr'>muudi</span> <span class='ocrx_word' id='word_1_214' title='bbox 276 2007 442 2061; x_wconf 87' lang='lat' dir='ltr'>consummatio</span> <span class='ocrx_word' id='word_1_215' title='bbox 451 2005 539 2069; x_wconf 81' lang='lat' dir='ltr'>glorie.</span> 
     </span>
    </p>

    <p class='ocr_par' dir='ltr' id='par_1_5' title="bbox 123 2072 941 2787">
     <span class='ocr_line' id='line_1_27' title="bbox 154 2072 939 2141; baseline -0.005 -10"><span class='ocrx_word' id='word_1_216' title='bbox 154 2080 189 2131; x_wconf 82' lang='lat' dir='ltr'>bd</span> <span class='ocrx_word' id='word_1_217' title='bbox 204 2082 330 2133; x_wconf 86' lang='lat' dir='ltr'>secundum</span> <span class='ocrx_word' id='word_1_218' title='bbox 349 2080 486 2141; x_wconf 84' lang='lat' dir='ltr'>dicendum,</span> <span class='ocrx_word' id='word_1_219' title='bbox 507 2074 567 2139; x_wconf 85' lang='lat' dir='ltr'>qubd</span> <span class='ocrx_word' id='word_1_220' title='bbox 587 2073 685 2138; x_wconf 79' lang='lat' dir='ltr'>septima</span> <span class='ocrx_word' id='word_1_221' title='bbox 701 2074 738 2123; x_wconf 91' lang='lat' dir='ltr'>die</span> <span class='ocrx_word' id='word_1_222' title='bbox 756 2073 817 2123; x_wconf 84' lang='lat' dir='ltr'>lteus</span> <span class='ocrx_word' id='word_1_223' title='bbox 839 2072 939 2137; x_wconf 85' lang='lat' dir='ltr'>aliquid</span> 
     </span>
     <span class='ocr_line' id='line_1_28' title="bbox 123 2143 939 2214; baseline -0.006 -13"><span class='ocrx_word' id='word_1_224' title='bbox 123 2155 229 2214; x_wconf 87' lang='lat' dir='ltr'>operatus</span> <span class='ocrx_word' id='word_1_225' title='bbox 238 2157 289 2214; x_wconf 87' lang='lat' dir='ltr'>est,</span> <span class='ocrx_word' id='word_1_226' title='bbox 305 2166 351 2202; x_wconf 92' lang='lat' dir='ltr'>non</span> <span class='ocrx_word' id='word_1_227' title='bbox 364 2162 447 2201; x_wconf 88' lang='lat' dir='ltr'>novam</span> <span class='ocrx_word' id='word_1_228' title='bbox 459 2154 583 2199; x_wconf 87' lang='lat' dir='ltr'>creaturam</span> <span class='ocrx_word' id='word_1_229' title='bbox 596 2145 729 2203; x_wconf 80' lang='lat' dir='ltr'>condendo,</span> <span class='ocrx_word' id='word_1_230' title='bbox 742 2143 782 2195; x_wconf 86' lang='lat' dir='ltr'>sed</span> <span class='ocrx_word' id='word_1_231' title='bbox 798 2148 939 2196; x_wconf 85' lang='lat' dir='ltr'>creaturam</span> 
     </span>
     <span class='ocr_line' id='line_1_29' title="bbox 124 2216 936 2287; baseline -0.005 -17"><span class='ocrx_word' id='word_1_232' title='bbox 124 2222 319 2286; x_wconf 87' lang='lat' dir='ltr'>administrando,</span> <span class='ocrx_word' id='word_1_233' title='bbox 332 2227 356 2274; x_wconf 90' lang='lat' dir='ltr'>et</span> <span class='ocrx_word' id='word_1_234' title='bbox 378 2222 406 2273; x_wconf 92' lang='lat' dir='ltr'>ad</span> <span class='ocrx_word' id='word_1_235' title='bbox 421 2221 537 2287; x_wconf 87' lang='lat' dir='ltr'>proprium</span> <span class='ocrx_word' id='word_1_236' title='bbox 554 2217 711 2283; x_wconf 89' lang='lat' dir='ltr'>operationem</span> <span class='ocrx_word' id='word_1_237' title='bbox 727 2228 780 2265; x_wconf 89' lang='lat' dir='ltr'>eam</span> <span class='ocrx_word' id='word_1_238' title='bbox 795 2216 936 2280; x_wconf 82' lang='lat' dir='ltr'>mouendo;</span> 
     </span>
     <span class='ocr_line' id='line_1_30' title="bbox 124 2287 939 2358; baseline -0.005 -17"><span class='ocrx_word' id='word_1_239' title='bbox 124 2294 183 2357; x_wconf 87' lang='lat' dir='ltr'>qrrod</span> <span class='ocrx_word' id='word_1_240' title='bbox 197 2294 246 2357; x_wconf 87' lang='lat' dir='ltr'>jam</span> <span class='ocrx_word' id='word_1_241' title='bbox 262 2294 389 2358; x_wconf 88' lang='lat' dir='ltr'>aliqualiter</span> <span class='ocrx_word' id='word_1_242' title='bbox 407 2293 506 2357; x_wconf 90' lang='lat' dir='ltr'>pertinet</span> <span class='ocrx_word' id='word_1_243' title='bbox 522 2290 551 2340; x_wconf 89' lang='lat' dir='ltr'>ad</span> <span class='ocrx_word' id='word_1_244' title='bbox 574 2289 742 2339; x_wconf 86' lang='lat' dir='ltr'>inchoationem</span> <span class='ocrx_word' id='word_1_245' title='bbox 756 2287 875 2350; x_wconf 81' lang='lat' dir='ltr'>quandam</span> <span class='ocrx_word' id='word_1_246' title='bbox 893 2301 939 2337; x_wconf 85' lang='lat' dir='ltr'>se-</span> 
     </span>
     <span class='ocr_line' id='line_1_31' title="bbox 124 2356 941 2428; baseline -0.004 -15"><span class='ocrx_word' id='word_1_247' title='bbox 124 2366 202 2415; x_wconf 82' lang='lat' dir='ltr'>cundm</span> <span class='ocrx_word' id='word_1_248' title='bbox 222 2364 379 2428; x_wconf 86' lang='lat' dir='ltr'>perfectionis.</span> <span class='ocrx_word' id='word_1_249' title='bbox 394 2365 423 2414; x_wconf 83' lang='lat' dir='ltr'>lit</span> <span class='ocrx_word' id='word_1_250' title='bbox 440 2364 492 2413; x_wconf 90' lang='lat' dir='ltr'>ideo</span> <span class='ocrx_word' id='word_1_251' title='bbox 512 2360 677 2412; x_wconf 90' lang='lat' dir='ltr'>consummatio</span> <span class='ocrx_word' id='word_1_252' title='bbox 693 2372 788 2423; x_wconf 87' lang='lat' dir='ltr'>operum</span> <span class='ocrx_word' id='word_1_253' title='bbox 802 2356 941 2410; x_wconf 78' lang='lat' dir='ltr'>secuudum</span> 
     </span>
     <span class='ocr_line' id='line_1_32' title="bbox 125 2428 940 2496; baseline -0.005 -11"><span class='ocrx_word' id='word_1_254' title='bbox 125 2440 225 2487; x_wconf 88' lang='lat' dir='ltr'>nostram</span> <span class='ocrx_word' id='word_1_255' title='bbox 235 2437 406 2489; x_wconf 86' lang='lat' dir='ltr'>translationem</span> <span class='ocrx_word' id='word_1_256' title='bbox 420 2435 549 2487; x_wconf 90' lang='lat' dir='ltr'>attribuitur</span> <span class='ocrx_word' id='word_1_257' title='bbox 562 2433 609 2484; x_wconf 91' lang='lat' dir='ltr'>diei</span> <span class='ocrx_word' id='word_1_258' title='bbox 619 2431 737 2496; x_wconf 81' lang='lat' dir='ltr'>septimae3</span> <span class='ocrx_word' id='word_1_259' title='bbox 749 2429 790 2481; x_wconf 86' lang='lat' dir='ltr'>sed</span> <span class='ocrx_word' id='word_1_260' title='bbox 801 2428 940 2481; x_wconf 82' lang='lat' dir='ltr'>secundbm</span> 
     </span>
     <span class='ocr_line' id='line_1_33' title="bbox 125 2505 941 2565; baseline -0.005 -8"><span class='ocrx_word' id='word_1_261' title='bbox 125 2508 193 2557; x_wconf 91' lang='lat' dir='ltr'>aliam</span> <span class='ocrx_word' id='word_1_262' title='bbox 214 2509 385 2559; x_wconf 86' lang='lat' dir='ltr'>translationem</span> <span class='ocrx_word' id='word_1_263' title='bbox 408 2507 538 2558; x_wconf 89' lang='lat' dir='ltr'>attribuitur</span> <span class='ocrx_word' id='word_1_264' title='bbox 558 2508 636 2556; x_wconf 80' lang='lat' dir='ltr'>sextae.</span> <span class='ocrx_word' id='word_1_265' title='bbox 660 2505 687 2554; x_wconf 82' lang='lat' dir='ltr'>Et</span> <span class='ocrx_word' id='word_1_266' title='bbox 705 2506 828 2564; x_wconf 80' lang='lat' dir='ltr'>utrumque</span> <span class='ocrx_word' id='word_1_267' title='bbox 853 2507 941 2565; x_wconf 84' lang='lat' dir='ltr'>potest</span> 
     </span>
     <span class='ocr_line' id='line_1_34' title="bbox 125 2572 940 2645; baseline -0.007 -16"><span class='ocrx_word' id='word_1_268' title='bbox 125 2584 200 2644; x_wconf 82' lang='lat' dir='ltr'>stare3</span> <span class='ocrx_word' id='word_1_269' title='bbox 219 2580 271 2645; x_wconf 85' lang='lat' dir='ltr'>qnia</span> <span class='ocrx_word' id='word_1_270' title='bbox 282 2579 447 2632; x_wconf 88' lang='lat' dir='ltr'>consummatio</span> <span class='ocrx_word' id='word_1_271' title='bbox 458 2592 510 2642; x_wconf 80' lang='lat' dir='ltr'>quae</span> <span class='ocrx_word' id='word_1_272' title='bbox 521 2583 557 2627; x_wconf 90' lang='lat' dir='ltr'>est</span> <span class='ocrx_word' id='word_1_273' title='bbox 569 2575 695 2627; x_wconf 82' lang='lat' dir='ltr'>secuudum</span> <span class='ocrx_word' id='word_1_274' title='bbox 708 2572 867 2636; x_wconf 82' lang='lat' dir='ltr'>integritatem</span> <span class='ocrx_word' id='word_1_275' title='bbox 878 2587 940 2637; x_wconf 89' lang='lat' dir='ltr'>par-</span> 
     </span>
     <span class='ocr_line' id='line_1_35' title="bbox 125 2644 939 2715; baseline -0.007 -14"><span class='ocrx_word' id='word_1_276' title='bbox 125 2652 182 2701; x_wconf 91' lang='lat' dir='ltr'>tium</span> <span class='ocrx_word' id='word_1_277' title='bbox 194 2652 308 2714; x_wconf 82' lang='lat' dir='ltr'>uniuersi,</span> <span class='ocrx_word' id='word_1_278' title='bbox 320 2652 428 2715; x_wconf 87' lang='lat' dir='ltr'>competit</span> <span class='ocrx_word' id='word_1_279' title='bbox 439 2654 510 2701; x_wconf 80' lang='lat' dir='ltr'>sexte</span> <span class='ocrx_word' id='word_1_280' title='bbox 525 2648 583 2711; x_wconf 89' lang='lat' dir='ltr'>diei;</span> <span class='ocrx_word' id='word_1_281' title='bbox 598 2644 762 2699; x_wconf 89' lang='lat' dir='ltr'>consummatio</span> <span class='ocrx_word' id='word_1_282' title='bbox 776 2656 828 2708; x_wconf 81' lang='lat' dir='ltr'>que</span> <span class='ocrx_word' id='word_1_283' title='bbox 844 2647 883 2693; x_wconf 91' lang='lat' dir='ltr'>est</span> <span class='ocrx_word' id='word_1_284' title='bbox 893 2658 939 2695; x_wconf 88' lang='lat' dir='ltr'>se-</span> 
     </span>
     <span class='ocr_line' id='line_1_36' title="bbox 126 2711 941 2787; baseline -0.007 -15"><span class='ocrx_word' id='word_1_285' title='bbox 126 2723 227 2774; x_wconf 89' lang='lat' dir='ltr'>cuudbm</span> <span class='ocrx_word' id='word_1_286' title='bbox 243 2723 399 2787; x_wconf 89' lang='lat' dir='ltr'>operationem</span> <span class='ocrx_word' id='word_1_287' title='bbox 417 2721 533 2786; x_wconf 89' lang='lat' dir='ltr'>partium,</span> <span class='ocrx_word' id='word_1_288' title='bbox 547 2719 656 2783; x_wconf 90' lang='lat' dir='ltr'>competit</span> <span class='ocrx_word' id='word_1_289' title='bbox 671 2716 784 2780; x_wconf 81' lang='lat' dir='ltr'>septime.</span> <span class='ocrx_word' id='word_1_290' title='bbox 799 2711 842 2764; x_wconf 89' lang='lat' dir='ltr'>Vel</span> <span class='ocrx_word' id='word_1_291' title='bbox 854 2718 941 2778; x_wconf 88' lang='lat' dir='ltr'>potest</span> 
     </span>
    </p>
   </div>
   <div class='ocr_carea' id='block_1_3' title="bbox 125 2788 941 2995">
    <p class='ocr_par' dir='ltr' id='par_1_6' title="bbox 125 2788 941 2995">
     <span class='ocr_line' id='line_1_37' title="bbox 125 2788 941 2859; baseline -0.007 -16"><span class='ocrx_word' id='word_1_292' title='bbox 125 2794 170 2845; x_wconf 89' lang='lat' dir='ltr'>dici</span> <span class='ocrx_word' id='word_1_293' title='bbox 185 2795 245 2859; x_wconf 86' lang='lat' dir='ltr'>quod</span> <span class='ocrx_word' id='word_1_294' title='bbox 260 2794 285 2844; x_wconf 89' lang='lat' dir='ltr'>in</span> <span class='ocrx_word' id='word_1_295' title='bbox 300 2798 365 2845; x_wconf 90' lang='lat' dir='ltr'>motu</span> <span class='ocrx_word' id='word_1_296' title='bbox 382 2793 510 2851; x_wconf 89' lang='lat' dir='ltr'>contiuuo,</span> <span class='ocrx_word' id='word_1_297' title='bbox 527 2791 630 2855; x_wconf 84' lang='lat' dir='ltr'>quandiu</span> <span class='ocrx_word' id='word_1_298' title='bbox 647 2788 732 2851; x_wconf 87' lang='lat' dir='ltr'>aliquid</span> <span class='ocrx_word' id='word_1_299' title='bbox 752 2788 828 2850; x_wconf 90' lang='lat' dir='ltr'>potest</span> <span class='ocrx_word' id='word_1_300' title='bbox 843 2788 941 2837; x_wconf 85' lang='lat' dir='ltr'>moueri</span> 
     </span>
     <span class='ocr_line' id='line_1_38' title="bbox 126 2856 939 2928; baseline -0.006 -12"><span class='ocrx_word' id='word_1_301' title='bbox 126 2867 221 2917; x_wconf 86' lang='lat' dir='ltr'>ulterids</span> <span class='ocrx_word' id='word_1_302' title='bbox 235 2880 281 2917; x_wconf 90' lang='lat' dir='ltr'>non</span> <span class='ocrx_word' id='word_1_303' title='bbox 294 2865 375 2915; x_wconf 91' lang='lat' dir='ltr'>dicitur</span> <span class='ocrx_word' id='word_1_304' title='bbox 388 2869 462 2915; x_wconf 89' lang='lat' dir='ltr'>motus</span> <span class='ocrx_word' id='word_1_305' title='bbox 473 2864 589 2928; x_wconf 90' lang='lat' dir='ltr'>perfectus</span> <span class='ocrx_word' id='word_1_306' title='bbox 599 2865 653 2912; x_wconf 89' lang='lat' dir='ltr'>ante</span> <span class='ocrx_word' id='word_1_307' title='bbox 666 2858 779 2923; x_wconf 80' lang='lat' dir='ltr'>qrrieten3</span> <span class='ocrx_word' id='word_1_308' title='bbox 789 2856 857 2920; x_wconf 80' lang='lat' dir='ltr'>quies</span> <span class='ocrx_word' id='word_1_309' title='bbox 868 2858 939 2911; x_wconf 87' lang='lat' dir='ltr'>euim</span> 
     </span>
     <span class='ocr_line' id='line_1_39' title="bbox 126 2931 940 2995; baseline -0.007 -6"><span class='ocrx_word' id='word_1_310' title='bbox 126 2941 265 2991; x_wconf 87' lang='lat' dir='ltr'>demonstrat</span> <span class='ocrx_word' id='word_1_311' title='bbox 278 2941 365 2988; x_wconf 86' lang='lat' dir='ltr'>motum</span> <span class='ocrx_word' id='word_1_312' title='bbox 377 2939 564 2987; x_wconf 88' lang='lat' dir='ltr'>consummatum.</span> <span class='ocrx_word' id='word_1_313' title='bbox 577 2936 637 2983; x_wconf 86' lang='lat' dir='ltr'>beus</span> <span class='ocrx_word' id='word_1_314' title='bbox 649 2937 725 2983; x_wconf 90' lang='lat' dir='ltr'>autem</span> <span class='ocrx_word' id='word_1_315' title='bbox 744 2934 834 2995; x_wconf 90' lang='lat' dir='ltr'>poterat</span> <span class='ocrx_word' id='word_1_316' title='bbox 852 2931 940 2994; x_wconf 85' lang='lat' dir='ltr'>plures</span> 
     </span>
    </p>
   </div>
   <div class='ocr_carea' id='block_1_4' title="bbox 0 0 1007 3309">
    <p class='ocr_par' dir='ltr' id='par_1_7' title="bbox 0 0 1007 3309">
     <span class='ocr_line' id='line_1_40' title="bbox 0 0 1007 3309; baseline 0 0"><span class='ocrx_word' id='word_1_317' title='bbox 0 0 1007 3309; x_wconf 95' lang='lat' dir='ltr'> </span> 
     </span>
    </p>
   </div>
  </div>
 </body>
</html>
