1984 3309
155 182 200 231 tte
346 189 407 228 rnre
422 192 445 241 ι,
459 190 554 236 onear.
571 190 635 240 nour,
650 187 706 229 nr.
722 191 758 229 ιιι.

153 267 208 321 dire
220 266 318 332 epoeien
335 280 365 319 ou
380 280 515 331 querorque
534 267 631 318 mrtem
644 267 721 317 tenere
736 266 816 318 :nient
830 266 902 321 v'earu
920 278 945 318 eu
978 263 980 306 ἱ

152 340 206 391 limo
222 344 301 403 terre,
315 344 339 391 et
351 338 471 391 mutierem
482 352 512 390 ex
523 339 583 390 uiro.

184 412 217 463 id
230 412 322 463 tertium
335 412 468 475 niunden,
479 411 539 476 qudd
551 425 581 463 ex
594 411 691 464 neturedi
702 413 850 475 amatione
862 416 947 465 mnin-

152 483 213 537 luiinr
224 484 327 548 quedem
344 484 522 549 propinquitas,
536 498 588 548 quat
604 482 774 535 matrimonium
789 485 893 550 impedit
907 485 947 535 Sed

153 555 233 607 mulien
248 568 294 607 nou
309 557 463 620 estprodnctn
476 555 490 606 d
504 555 554 607 uiro
564 569 605 620 per
617 556 744 609 naturalem
762 556 946 620 generationem,

150 629 190 679 sed
204 628 252 679 sola
267 628 351 679 virtute
367 627 452 678 divine.
469 628 534 679 Unde
549 628 597 677 Eue
614 640 662 677 uon
683 626 765 679 dicitnr
784 629 833 679 iidie
846 629 909 681 ide.
923 629 948 677 et

152 702 245 765 propter
254 701 299 751 ion
308 700 368 751 rutio
381 714 427 751 nen
441 699 552 763 nequior.

444 842 606 893 ARTICULUS
619 843 659 893 tn.

251 960 336 1005 Uirdm
345 960 434 1005 mulier
443 959 550 1005 debuerit
559 957 668 1015 serenari
681 958 710 1003 de
724 962 790 1003 cortu
801 961 860 1007 viri.

184 1079 217 1130 id
231 1078 321 1129 tertium
337 1078 370 1127 sio
383 1076 511 1141 proceditur
525 1074 571 1138 (1).
585 1075 680 1125 Videtur
692 1075 753 1140 qudd
760 1078 849 1129 mulier
858 1094 906 1131 non
916 1080 951 1128 de·

152 1150 227 1202 buerit
238 1150 330 1201 inumeri
339 1150 367 1200 de
379 1154 440 1199 coetu
450 1148 503 1198 uiri.
513 1147 584 1197 Costa
596 1147 658 1197 enim
673 1148 717 1197 uiri
729 1148 774 1199 init
788 1150 863 1201 mutto
875 1152 951 1212 minor,

151 1222 219 1289 quini
236 1236 317 1287 eorpus
330 1220 441 1273 mulieris.
456 1220 500 1271 Sed
515 1233 544 1270 ex
555 1218 639 1270 minori
653 1232 701 1270 non
714 1224 791 1284 potest
808 1221 861 1273 deri
874 1223 951 1289 majus,

153 1293 197 1345 nisi
207 1294 243 1344 uel
258 1306 298 1358 per
311 1292 449 1343 additionem
461 1292 537 1355 (qnod
554 1291 574 1341 si
586 1291 682 1353 inisset,
692 1292 766 1355 magis
778 1306 809 1342 ex
821 1294 865 1345 iiio
882 1296 953 1345 addito

152 1365 232 1417 nniier
244 1365 339 1415 formata
358 1364 469 1414 diceretur
480 1362 548 1427 quim
559 1363 588 1413 de
601 1365 695 1426 coste);
715 1364 751 1413 vel
764 1376 808 1427 per
822 1367 953 1417 rnreiertio·

152 1452 220 1499 nent,
234 1437 288 1501 quia
301 1438 342 1503 (nt
353 1435 410 1485 dieii
424 1435 563 1498 Augustinus
577 1447 646 1499 nuper
657 1435 718 1484 Gen.
733 1436 769 1484 ad
782 1436 847 1501 lit.)
863 1441 953 1489 nonest

151 1506 260 1573 possibile
274 1510 300 1556 ut
318 1505 407 1571 aliquod
426 1518 508 1567 eorpus
524 1507 622 1568 creseat,
634 1504 679 1555 nisi
693 1506 792 1556 rnredut.
811 1508 867 1558 Nou
882 1513 953 1559 auten

150 1578 264 1629 inuenitur
281 1590 363 1641 eorpus
380 1575 480 1627 mulieris
498 1574 571 1626 rarius
586 1575 654 1641 quim
671 1574 908 1640 uiri‚nd1ninnsin
930 1592 952 1627 ea

151 1649 296 1715 proportione
313 1660 381 1712 quem
397 1648 465 1697 hebet
481 1651 543 1698 enen
560 1648 587 1697 ud
601 1660 684 1712 eorpus
695 1648 759 1698 Eun.
772 1649 834 1714 Ergo
848 1654 900 1703 Eun
912 1667 953 1703 non

152 1722 195 1771 fuit
208 1722 304 1771 inmuta
318 1721 346 1769 de
360 1722 423 1769 costa
437 1720 500 1770 nde.

185 1796 207 1841 a.
225 1794 345 1851 preterea,
359 1792 382 1840 in
394 1790 500 1855 operibus
516 1790 589 1856 prirnd
603 1791 685 1844 creatis
698 1804 744 1842 non
757 1792 801 1842 tuit
817 1794 909 1863 aliquid
920 1811 955 1846 sn-

153 1865 271 1929 perdnnm.
287 1864 357 1915 cosin
375 1876 429 1926 ergo
444 1864 497 1915 nde
514 1864 558 1914 init
571 1864 600 1914 de
617 1863 757 1929 perfectione
772 1868 881 1930 eorporis
900 1874 954 1933 ejus.

66 1982 68 1987 ,
154 1937 212 2000 Ergo
226 1950 252 1987 ea
264 1937 377 1987 suntrana
388 1937 499 1986 remansit
512 1936 670 2000 imperieeturn
681 1951 688 1988 ι
700 1935 760 1999 quod
771 1936 867 1988 videtur
881 1941 956 1991 incon

155 2022 262 2060 ueniens.

185 2087 207 2133 3.
224 2084 351 2143 Praeterea,
374 2082 437 2132 cosin
457 2094 504 2131 non
527 2084 603 2145 poten
623 2081 724 2145 seperari
743 2081 772 2131 ui
791 2082 892 2134 homirre
913 2085 957 2134 sine

153 2156 239 2207 dolore.
254 2156 298 2206 Sed
319 2154 382 2205 dolor
399 2166 445 2205 non
463 2152 508 2201 inii
525 2156 577 2203 anie
597 2156 724 2218 peccatum.
743 2154 804 2216 Ergo
826 2160 895 2207 dosia
915 2170 957 2207 non

153 2228 233 2279 debuit
250 2226 351 2293 seperari
364 2225 378 2276 d
390 2225 452 2286 viro,
468 2228 494 2275 ut
507 2238 537 2275 ex
551 2238 578 2275 ee
592 2224 673 2275 mulier
687 2225 833 2277 formaretur.

182 2299 227 2349 Sed
243 2301 321 2348 eontra
330 2300 374 2362 est,
383 2295 444 2361 qudd
455 2294 540 2347 dieitur
549 2298 623 2356 Gen,
633 2297 669 2347 11:
680 2296 832 2347 nAEdidearii
845 2300 958 2351 Dominus

151 2371 212 2421 Dens
229 2372 315 2421 content
329 2382 397 2433 quem
408 2368 491 2418 tulerat
504 2369 534 2419 de
547 2370 631 2432 idam,
645 2367 670 2418 in
685 2368 813 2419 mulierem.
828 2386 844 2417 n

183 2443 345 2507 (Coneunsro.
358 2442 432 2491 —Ui
446 2440 613 2505 significaretur
628 2440 689 2490 inter
706 2440 780 2504 uirum
798 2445 823 2491 et
837 2444 958 2495 mulierem

150 2514 234 2566 debere
253 2526 302 2565 esse
321 2513 429 2563 socialem
441 2510 644 2576 conjunctionem,
658 2517 682 2563 et
701 2514 788 2562 dnxure
806 2514 957 2567 Sacramenta

152 2588 181 2637 de
194 2586 265 2635 lutere
284 2583 369 2634 Christi
382 2583 516 2634 dormientis
525 2584 552 2633 in
561 2596 628 2635 eruce
639 2622 647 2647 ,
659 2583 777 2634 nrulierern
792 2583 822 2635 de
833 2593 901 2639 eoru
914 2589 956 2638 uiri

151 2655 243 2708 formeri
257 2654 429 2718 conueniebat.)

182 2727 316 2793 despondeo
329 2726 469 2792 dicendum,
482 2728 544 2795 qudd
558 2728 698 2779 conueniens
717 2728 761 2780 init
777 2728 903 2783 mulierem
914 2734 958 2783 ior·

187 2863 218 2928 (i)
234 2866 267 2911 Do
284 2866 320 2910 his
334 2864 404 2913 edam
419 2868 442 2913 in
457 2868 487 2926 11,
501 2868 579 2919 seret„
591 2867 645 2917 diet.
659 2867 688 2928 i,
702 2866 782 2927 qud,
794 2873 841 2915 ert.
856 2868 883 2924 ¹3
898 2876 959 2916 utet

154 2932 177 2979 1.
189 2929 222 2981 ed
234 2927 302 2984 Gor„
313 2930 372 2991 vu,
386 2930 453 2991 tenu,
464 2932 511 2981 oni.
524 2930 548 2979 8.
