1984 3309
117 77 162 122 88⁰
257 83 332 121 PfflA
347 81 473 131 SECUNDE,
488 79 579 125 QUAES'I.
594 75 770 129 ¹11‚Anr.nm.

149 163 182 211 ad
199 160 296 225 primum
307 172 359 222 ergo
374 158 508 220 dicendum,
518 156 580 219 qued
597 155 650 205 linis
663 158 699 205 est
714 154 832 218 objectum
839 156 924 206 rolon-

118 234 185 293 talis‚
204 244 250 282 non
264 235 339 281 auum
356 229 450 279 aliarum
467 228 550 277 virium
570 228 652 277 :unde
667 231 782 289 quantum
803 228 832 276 ed
848 230 926 276 actum

118 304 242 355 volontatis
253 316 298 353 non
311 302 388 351 didert
401 300 491 351 bouitas
511 312 561 363 que
576 301 612 348 est
623 310 653 348 ex
666 298 774 361 objecto,
792 297 807 347 a
823 298 926 348 bonitate
972 315 974 336 =

117 390 168 441 que
184 379 220 425 est
240 388 270 425 ex
286 374 344 433 llne,
360 373 420 423 sicut
433 372 458 421 in
479 371 565 421 aclibus
581 369 677 419 aliarum
691 369 795 428 nirinm3
809 368 856 420 nisi
871 370 927 420 loric
972 343 974 426 l

119 460 160 511 per
170 446 284 509 accidens,
300 448 366 510 prout
381 445 433 495 linis
448 444 561 509 dependet
573 455 603 492 ex
615 442 671 505 line,
686 446 712 491 et
724 442 835 491 voluntas
848 454 927 492 envo-
972 437 974 502 l

119 519 214 569 laniate·

150 590 182 639 lld
198 589 322 639 secundum
335 588 473 649 dicendum,
487 587 549 655 quod
563 586 684 652 supposito
697 588 759 651 qnod
776 587 887 638 voluntas
900 589 927 637 sit

119 660 182 723 boni,
197 660 259 710 nulla
269 660 439 711 circumstantia
451 662 584 725 potesteam
599 658 676 708 lacere
688 658 784 708 malam.
798 660 867 718 Quod
876 672 927 721 ergo
972 689 974 722 p

119 731 207 794 dicitur,
217 730 277 795 quod
288 749 301 779 u
311 732 393 797 aliquis
402 733 451 782 volt
462 732 553 795 aliquod
561 732 656 792 bonnm,
666 730 760 793 quando
769 743 820 779 non
829 731 926 791 delecto
972 727 974 810 l

118 804 192 865 potest
202 802 299 867 intelligi
308 803 436 868 dupliciter.
445 804 495 853 Uno
508 804 576 852 modo
584 801 617 851 ita
624 800 689 864 quod
699 800 744 850 ista
755 801 927 852 circumstantia
972 815 974 870 Ι

118 874 228 924 referatur
242 876 270 925 ad
281 874 374 926 solitum
386 890 392 925 :
405 874 472 925 etsie
486 874 591 924 volonno
599 885 647 923 non
659 875 698 921 est
709 872 782 935 boni3
796 871 854 936 quia
868 875 924 925 nelle
972 873 974 990 1

119 946 193 995 lucere
207 946 305 1010 aliquid,
317 947 407 1010 quando
421 959 466 997 non
486 946 553 995 debet
562 944 625 1006 deri,
640 956 688 994 non
703 947 741 993 est
754 944 818 994 uelle
833 945 925 995 henum

119 1018 169 1067 Alio
181 1018 248 1069 modo
258 1018 290 1067 itu
303 1018 363 1081 qodd
375 1018 486 1068 celeratur
495 1018 524 1067 ad
538 1021 615 1066 ectum
624 1013 738 1065 nolendi:
755 1018 779 1065 et
793 1017 830 1066 sic
842 1017 924 1081 impos·
972 995 974 1040 Ι

120 1086 184 1137 sibile
203 1090 236 1138 esl
257 1090 316 1152 quod
331 1090 415 1153 aliquis
427 1089 483 1140 uelit
502 1090 587 1139 bonnm
600 1088 692 1151 quando
707 1098 756 1138 non
773 1090 861 1152 debet,
876 1089 925 1153 qnia

119 1171 208 1223 semper
221 1160 288 1209 homo
307 1161 374 1210 debet
391 1161 448 1211 velle
462 1160 560 1223 bonom3
572 1160 618 1211 nisi
636 1159 697 1210 lectt
711 1172 756 1223 per
766 1160 887 1224 accidens,
901 1163 923 1209 io
972 1179 974 1188 ·

120 1232 230 1293 quantum
246 1230 328 1295 edonis
341 1230 437 1283 volendo
448 1234 492 1283 hec
502 1233 600 1293 bonum,
615 1230 742 1295 impeditur
752 1244 784 1282 ne
799 1236 858 1281 tenc
872 1231 924 1281 uelit
972 1201 974 1332 Ι

119 1301 210 1365 aliquod
220 1304 305 1353 bonum
317 1304 430 1368 debitum3
442 1307 466 1353 et
478 1308 532 1353 tuuc
541 1316 590 1355 non
596 1304 677 1353 incidit
688 1304 777 1353 malum
788 1317 819 1354 en
831 1304 922 1367 eopood
972 1337 974 1346 .

121 1372 201 1436 niquis
218 1376 268 1424 vult
284 1374 340 1425 illud
357 1376 454 1437 bonum,
471 1376 511 1425 scd
523 1388 552 1426 en
564 1388 593 1425 eo
606 1375 668 1438 quod
681 1388 728 1425 non
744 1376 798 1424 vult
812 1376 876 1427 aliud
887 1376 922 1425 oo

120 1458 175 1497 num
187 1462 192 1494 ι
203 1451 226 1497 el
239 1446 343 1499 similiter
353 1448 470 1497 dicendum
486 1451 523 1499 est
536 1448 565 1498 de
575 1446 626 1496 aliis
637 1447 833 1497 circumstantiis.

151 1518 184 1566 ild
202 1518 295 1569 tertium
317 1520 453 1584 dicendum,
468 1519 528 1583 qudd
548 1518 774 1569 circumstantiarum
800 1517 923 1582 ignorantia

120 1593 213 1639 excusat
227 1589 335 1644 malitiam
348 1592 472 1643 voluntatis
488 1590 612 1642 secuudum
625 1592 687 1653 quod
701 1591 885 1641 circumstantie
901 1604 922 1639 se
972 1589 974 1648 ζ

121 1662 199 1711 tenent
212 1676 241 1712 en
252 1666 315 1727 parte
327 1664 405 1726 soliti,
417 1664 561 1729 inquantum
575 1662 662 1714 scilicet
674 1662 767 1727 ignorat
777 1664 923 1716 mocorono·
972 1701 974 1722 ,

120 1731 164 1783 tias
180 1736 245 1784 actus
258 1748 326 1797 quem
339 1736 398 1785 uult.
972 1727 974 1746 '

413 1872 576 1923 salicetus
590 1872 633 1921 tlt.

209 1986 294 2031 Uiritus
305 1986 398 2032 domitos
407 1988 540 2033 voluntatis
549 1987 679 2045 dependeat
689 2000 719 2031 ec
731 1988 839 2034 reticere.

153 2095 289 2147 intertium
305 2097 338 2147 sie
351 2096 489 2161 proceditur.
503 2097 598 2147 Videtur
611 2096 671 2160 qood
690 2094 786 2147 bonitas
800 2096 919 2148 volomus

120 2178 166 2215 nou
180 2168 331 2233 dependerit
347 2170 444 2220 ratione.
462 2170 528 2219 Prius
544 2169 608 2219 enirn
623 2181 671 2219 nen
691 2168 808 2231 dependet
823 2168 838 2220 l
851 2173 919 2235 poste

120 2238 183 2288 riori.
199 2240 243 2290 Sed
255 2242 340 2293 bononi
355 2241 473 2306 perprius
486 2241 586 2305 pertinet
600 2242 629 2291 ed
646 2241 805 2304 voluntatem,
816 2254 884 2305 quam
895 2240 918 2289 ad

120 2310 246 2375 rotronem,
262 2316 288 2362 ur
306 2326 336 2364 ex
355 2312 423 2377 sopra
443 2312 509 2362 uictis
530 2316 595 2376 petet
615 2312 672 2377 (qu.
690 2316 722 2373 e,
737 2316 784 2362 art.
808 2314 852 2376 1).
867 2314 918 2374 ugo
972 2303 974 2372 ἓ

120 2380 204 2431 bonum
218 2384 340 2436 voluntatis
358 2397 404 2437 non
417 2386 531 2449 dependet
549 2384 563 2434 tr
579 2384 677 2435 ratione.
972 2375 974 2420 !

152 2456 175 2499 2.
195 2454 320 2516 Preterea,
343 2458 494 2521 Philosophus
516 2454 571 2506 dicit
582 2456 607 2505 iu
625 2458 665 2505 Vl.
680 2458 852 2521 diminorum,
864 2455 916 2519 quod

121 2522 235 2573 «tonus
248 2524 377 2577 intellectus
390 2528 484 2590 practici
499 2532 536 2577 est
549 2542 637 2577 oerum
654 2528 799 2578 conformare
812 2524 915 2592 appetitui
972 2579 974 2592 Ι

118 2596 188 2641 recto.
202 2610 216 2639 o
227 2597 348 2657 Appetitas
362 2602 438 2647 autem
455 2603 530 2648 rectus
546 2603 582 2648 est
595 2598 703 2649 voluntas
716 2598 786 2648 bona.
804 2600 864 2662 Ergo
877 2599 915 2648 lto-
972 2605 974 2624 ³

118 2661 177 2711 nitus
190 2665 283 2713 rationis
297 2667 402 2728 practice
417 2670 490 2731 magis
508 2670 621 2734 dependet
639 2669 652 2719 a
669 2669 773 2719 bonitate
787 2670 912 2729 voluntatis,
972 2669 974 2738 f

118 2730 185 2789 qutm
196 2746 208 2782 e
220 2735 337 2785 conversi.

20 2856 22 2889 l

20 2892 22 2933 l

148 2802 171 2847 ³.
185 2803 310 2871 Praeterea,
325 2818 419 2863 morene
441 2822 487 2867 noo
507 2813 623 2879 dependet
635 2814 672 2879 ‚ab
692 2823 721 2867 ee
733 2812 797 2878 qood
810 2815 916 2875 moveor,
