1984 3309
139 198 185 245 tad
308 206 368 245 rasa
386 208 406 254 ι,
422 206 514 251 cunas.
531 205 636 251 amu,
652 204 708 243 aar.
724 204 769 242 vu.

139 293 237 358 speeiem
256 290 333 355 acids,
346 304 393 343 nen
407 294 483 343 auten
498 294 609 357 quantun
626 292 653 342 ad
668 291 762 341 uadum
772 292 866 355 nendi.
882 293 946 343 Nan

138 364 313 429 apenninis,
333 364 372 427 sed
386 377 430 414 non
442 362 520 427 juste,
534 363 556 413 id
571 366 608 413 est
619 362 790 420 delectabiliter.
804 368 887 414 cusat
901 366 948 415 lra-

138 436 211 489 litum
226 436 323 501 justitia
334 434 446 501 politica,
460 446 503 500 per
513 448 581 499 quen
595 434 760 485 delectabiliter
773 446 908 498 operamur.

422 588 647 641 anncncnsvn.
886 574 907 625 ἕ

195 706 280 751 Utrum
288 706 405 753 distantia
414 706 495 751 localis
507 705 624 816 imgletdiut
628 704 786 761 munitionem
795 706 886 751 aalma

476 781 546 825 repar
573 782 591 811 u

172 888 202 937 ld
213 886 362 951 septimun'
344 900 454 951 srcproce
456 882 602 951 ditarit).ii
595 884 945 949 idcturqudddistautialncalis

139 956 247 1023 inpediat
257 958 408 1021 cognitionem
423 959 504 1009 animae
518 960 636 1023 separata.
654 957 714 1007 llicit
728 957 790 1007 eninr
802 960 947 1021 Augustinus

138 1032 163 1081 in
172 1030 212 1080 lib.
223 1038 326 1079 Decurre
335 1046 384 1095 pro
399 1044 455 1078 ιιιον
457 1033 474 1080 i.
491 1029 589 1095 agenda
603 1030 671 1094 (cap.
687 1029 744 1094 la),
759 1027 821 1093 quiid
833 1047 847 1076 u
858 1030 942 1081 animas

138 1106 277 1153 inactuosum
286 1100 317 1151 ihi
327 1104 392 1165 sunt,
402 1102 441 1151 ubi
450 1116 477 1151 ea
488 1116 539 1167 quae
550 1102 589 1151 liic
600 1102 666 1165 liunt,
677 1102 734 1151 scire
748 1115 795 1151 nnn
808 1106 916 1165 possunt.
928 1121 942 1149 u

138 1174 218 1225 Sciunt
231 1188 258 1223 an
260 1178 305 1224 teu]
318 1188 345 1225 ea
355 1188 405 1237 qnae
420 1176 478 1237 apud
493 1188 533 1224 ecs
546 1178 649 1238 aguntur.
665 1174 726 1238 Ergo
739 1172 848 1223 distantia
861 1174 942 1227 localis

138 1246 233 1311 impedit
248 1246 399 1311 cognitionem
411 1248 491 1298 anima
505 1252 626 1312 separata

170 1324 194 1367 2.
210 1320 339 1379 Praeterea,
353 1318 402 1367 luo
387 1319 491 1382 asinus
501 1318 573 1369 dicut
566 1333 591 1370 ιιι
600 1320 641 1369 ιιι
656 1320 693 1369 De
711 1318 872 1371 divinatione
883 1322 942 1372 due-

139 1406 257 1455 munam,
272 1390 331 1455 quid
346 1408 359 1438 u
377 1390 489 1441 daemones
500 1394 592 1456 propter
604 1390 742 1441 celeritatem
757 1390 847 1452 mutds,
866 1394 942 1458 aliqua

138 1464 203 1515 nohis
215 1464 293 1529 ignota
313 1462 454 1512 denuntiant.
470 1480 483 1508 n
506 1463 549 1512 Sed
571 1462 659 1530 agilitas
676 1460 753 1513 notris
774 1463 804 1512 ad
818 1464 864 1514 linc
883 1466 943 1517 nihil

138 1534 235 1596 iaceret,
249 1534 267 1584 si
282 1534 389 1584 distantia
405 1532 484 1583 laicalis
497 1534 652 1597 coguitionem
665 1534 794 1583 damonum
805 1548 853 1585 nun
868 1536 942 1603 iupe-
967 1540 973 1549 ’

139 1607 204 1657 diret.
216 1606 285 1656 llultd
298 1604 367 1669 igitur
379 1605 451 1669 inagis
468 1606 573 1657 distantia
587 1606 664 1658 localis
676 1606 771 1669 inpedit
783 1607 941 1671 cognitionem

139 1679 220 1729 anima
237 1682 360 1743 separatae,
372 1692 422 1741 quae
437 1682 473 1728 cst
488 1678 581 1731 interior
593 1677 718 1728 secundum
735 1682 857 1744 naturam,
871 1682 940 1747 quarn

140 1750 238 1801 deuon

172 1826 194 1870 a.
214 1823 336 1886 Praeterea,
354 1819 492 1872 sicutdistat
506 1820 590 1886 aliquid
608 1822 838 1886 secundinianum,
858 1825 890 1876 ila
905 1842 941 1878 se.-

139 1892 238 1943 cnnddur
257 1896 352 1958 temnus.
370 1892 415 1943 Sed
433 1892 541 1946 distantia
553 1894 661 1959 tenueris
673 1892 768 1957 inpedit
785 1897 943 1960 coguitionem

140 1966 224 2015 anima
237 1972 359 2030 separate
374 1979 420 2016 nan
438 1966 499 2017 enin
519 1969 658 2029 adgnoscunt
672 1959 757 2015 lutura.
776 1966 837 2030 Ergo
852 1970 944 2020 videtur

139 2036 199 2101 quiid
212 2037 281 2087 etiam
296 2036 402 2089 distantia
421 2034 544 2107 secundina
557 2038 632 2087 lecum
646 2036 728 2087 anina
740 2043 851 2103 separatae
864 2042 944 2104 cogni·

139 2108 225 2160 tionem
237 2109 355 2175 impediat.

171 2183 216 2232 Sed
228 2186 305 2237 cantra
321 2186 370 2247 est,
383 2182 442 2247 qnod
454 2180 537 2231 dicitnr
549 2187 621 2235 luc,
635 2181 684 2231 XVI
694 2179 774 2245 ,quid
783 2199 796 2230 ιι
807 2181 911 2235 dites
888 2198 942 2234 cum

140 2252 216 2303 esset
210 2268 234 2303 ιιι
245 2253 371 2318 tormentis,
380 2255 473 2303 clevans
480 2253 558 2303 oculus
565 2265 628 2315 suos
635 2252 894 2319 niditlbralramdlcu
882 2255 918 2307 ιι
928 2275 942 2303 »ι

139 2325 198 2387 Ergo
207 2325 290 2375 dis
252 2329 314 2375 ιι
325 2324 402 2375 localis
411 2322 560 2387 nonsmpedrt
569 2337 651 2374 anima
659 2327 767 2389 separatae
775 2324 940 2388 cognitionem.

173 2394 424 2463 (Coscinus-Cim
434 2396 510 2445 anina
521 2399 627 2459 separata
640 2395 751 2458 intelligat
764 2394 890 2459 singularia
900 2412 942 2461 per

139 2466 251 2517 iuilrrxum
263 2466 387 2531 specierum
399 2482 427 2518 er·
442 2467 521 2517 divino
530 2467 629 2532 lumine,
641 2468 828 2534 qrrchaequaliter
840 2471 943 2521 sehabet

140 2539 168 2588 ad
184 2537 336 2603 propinquum
352 2546 374 2590 et
387 2540 487 2602 distans,
502 2540 527 2589 iit
541 2543 566 2589 ut
584 2538 690 2589 distantia
704 2539 783 2590 localis
795 2540 859 2591 nullo
873 2541 940 2592 nrcdd

140 2610 248 2673 impediat
262 2610 342 2661 anina
355 2614 464 2675 separatae
473 2610 651 2675 cognitionem.)

171 2682 305 2745 Rcslicndeo
318 2683 451 2744 dicendum,
467 2681 527 2747 qudd
543 2683 635 2747 quidam
654 2682 851 2747 posueruntqudd
866 2684 942 2735 anina

139 2756 241 2817 separata
265 2757 408 2817 cognosceret
431 2752 554 2816 singularia
578 2754 729 2804 abstrahendo
751 2754 764 2803 a
784 2755 939 2807 sensibilibus.

174 2879 204 2942 (l)
220 2884 252 2927 lle
266 2865 599 2943 licerium1v‚seut.‘,disr.
617 2883 661 2937 dd,
676 2896 717 2941 qu.
732 2882 760 2941 l,
773 2889 818 2929 art.
835 2883 865 2939 ις
881 2886 940 2931 etin

141 2944 306 3002 cusatoribus
315 2945 435 3005 disputatis
444 2946 473 2991 de
482 2946 572 3007 anima,
581 2952 627 2993 art.
638 2947 670 2992 id
682 2948 712 2992 ad
726 2947 742 2991 3
756 2951 781 2993 et
794 2945 821 2993 4.
