1984 3309
149 159 194 207 ano
344 163 403 202 rans
419 165 441 214 t,
458 163 553 208 ouaesn.
570 161 624 209 ext,
641 161 697 199 aar.
715 161 752 200 ru,

147 245 197 296 oili.
208 243 253 294 Sed
263 241 358 305 angelus
367 254 413 291 non
423 237 505 304 potest
510 238 640 302 imprimere
653 237 739 288 lorntas
752 237 777 286 in
785 237 882 289 maaria
894 252 936 289 seu·

149 316 222 373 sibili,
237 318 263 363 nt
284 312 368 363 (lictum
387 316 422 361 esi
437 312 491 374 (qn.
513 313 573 370 llo,
594 313 638 358 ari.
655 309 709 370 iil.
728 310 791 372 Ergo
809 323 857 360 non
873 313 938 374 polest

147 387 278 451 imprimere
292 386 376 435 formas
395 384 420 433 in
441 381 618 445 imaginatione3
638 380 711 430 etita
728 393 774 431 non
798 384 875 445 potest
895 393 937 431 ean

148 460 279 509 immutare.
970 501 971 504 ,

182 534 204 578 3.
223 531 350 590 naama,
365 525 503 589 Augustinus
522 525 592 585 nisit,
606 523 656 575 llll.
674 525 757 589 Super
775 525 837 574 Gen.
853 525 888 575 ud
904 524 937 572 lit.
970 519 971 528 ’

151 604 218 666 (esp.
231 600 296 663 tal:
311 617 326 647 u
335 597 500 650 commixtione
513 597 606 648 alterins
622 595 713 662 spiritns
727 595 778 646 lieri
788 600 866 660 potest
881 601 905 646 nt
919 609 939 646 ea

55 669 69 680 ”
150 687 201 738 qne
216 673 265 737 ipse
277 671 331 735 seit,
346 684 387 735 per
398 669 529 734 hujusmodi
542 668 669 731 imagines,
688 667 764 718 eleni
777 667 899 732 miscetur,
912 682 940 718 os-

150 746 242 807 mndnt,
252 744 301 794 sine
313 741 450 805 intelligenti
456 778 465 805 ,
473 738 523 792 sire
532 744 559 790 ut
568 739 597 790 ab
606 739 650 790 alio
660 739 777 790 intellecta
788 741 922 804 pandantur.
929 757 939 784 a

151 817 197 868 sed
211 829 257 865 non
270 814 358 864 ridetur
368 812 427 878 quial
438 811 617 875 angelos'pnssit
634 810 723 861 misceri
736 811 896 874 imaginationi
906 813 940 861 irn-

152 899 240 946 mana,
254 899 327 950 neone
341 885 402 948 qnod
411 882 541 945 imaginatio
552 882 623 945 possit
637 892 717 944 capere
735 877 890 945 intelligibilia
900 895 940 944 qua

151 959 245 1022 angelus
266 956 389 1020 cognoscit.
413 955 472 1017 Ergo
496 953 587 1003 ridetur
605 951 665 1016 quoi
690 954 785 1014 angelus
807 966 854 1004 non
878 951 941 1017 possit

152 1031 272 1081 immutare
289 1026 481 1091 imaginationem.

184 1106 207 1150 t.
222 1103 349 1161 laomim,
361 1098 386 1147 in
395 1097 485 1147 risione
494 1093 630 1160 imaginaria
640 1096 708 1145 homo
725 1095 829 1146 adheret
841 1095 940 1146 similitu-

151 1175 244 1226 rlinibns
259 1183 335 1221 rerum
351 1169 416 1235 quasi
426 1170 484 1235 ipsis
496 1171 573 1220 rebus.
585 1169 629 1220 Sed
643 1167 667 1218 in
681 1169 732 1218 lroe-
744 1173 780 1220 est
793 1171 898 1233 quedam
911 1170 942 1217 rie·

151 1245 235 1310 oeptio.
247 1243 305 1294 Cirrn
317 1256 371 1306 ergo
384 1242 479 1305 angelus
490 1241 566 1292 bonus
577 1253 623 1290 non
635 1239 707 1303 possit
723 1252 772 1290 esse
786 1253 857 1290 eausa
871 1241 942 1301 neoep·

150 1317 233 1378 tionis,
245 1316 334 1365 ridetur
347 1312 407 1377 quial
416 1327 462 1364 non
473 1313 546 1378 possit
556 1323 647 1362 causare
657 1311 815 1375 imaginariam
829 1312 940 1370 visionem,

151 1387 336 1452 imaginationem
349 1385 497 1435 immutando.

184 1460 229 1511 Sed
247 1461 322 1508 eontra
335 1460 370 1508 est
377 1493 385 1519 ,
397 1455 459 1524 qnod
468 1466 496 1506 ea
507 1469 557 1520 quae
571 1457 678 1520 apparent
690 1455 713 1505 in
726 1453 828 1520 somnis,
846 1453 942 1503 videniur

152 1530 285 1594 imaginaria
297 1527 394 1578 vineoe.
414 1527 458 1577 Sed
472 1527 548 1590 angeli
562 1527 665 1576 revelant
681 1526 755 1590 aliqua
768 1525 794 1574 in
811 1523 908 1584 sumum,
923 1525 941 1569 nt

151 1606 214 1666 patet
223 1600 323 1657 Mutii„
336 1601 345 1648 l
356 1603 380 1649 et
391 1599 420 1661 ll,
431 1598 459 1648 rle
470 1599 551 1661 angelo
561 1597 600 1662 pni
610 1597 694 1662 loseph
704 1590 732 1647 in'
741 1595 829 1648 somnis
839 1594 940 1660 apparuit.

152 1675 211 1736 Ergo
221 1672 316 1734 angelus
332 1674 408 1734 potest
424 1669 610 1734 imaginationem
622 1681 722 1720 movere.

184 1744 340 1807 (Concurrere.
350 1741 445 1792 -Girm
463 1741 617 1807 apparitiones
634 1740 774 1804 imaginariae
793 1740 907 1790 interdum
923 1736 942 1783 in

153 1814 219 1865 nolris
234 1816 354 1863 causentur
364 1827 393 1863 ex
407 1813 474 1863 locali
488 1811 615 1862 mutatione
629 1810 780 1875 corporalium
792 1811 911 1875 spirituum
924 1811 943 1856 et

153 1888 286 1945 hommem,
301 1885 329 1934 ari
342 1895 410 1947 qnam
423 1887 503 1934 namra
515 1883 638 1946 eorporalis
653 1883 734 1945 angelo
747 1881 837 1944 obedit
849 1879 945 1944 sequitu
969 1915 970 1946 ᾗ

154 1957 258 2021 angelum
273 1959 320 2006 tarn
331 1957 417 2005 bonum
428 1953 496 2016 quim
506 1955 603 2017 malum,
616 1953 699 2003 virtute
714 1956 800 2003 araturae
812 1965 873 2014 sna,
884 1960 945 2016 posti

153 2041 244 2079 movere
254 2027 439 2091 imaginationem
453 2024 576 2089 hominis.)

184 2101 320 2164 liespondeo
329 2098 449 2149 dicendum
455 2134 464 2160 ,
477 2097 538 2162 pratri
547 2097 640 2161 angelus
651 2099 697 2146 taur
709 2097 784 2148 bonus
795 2096 862 2161 quim
870 2093 945 2151 matare,

153 2174 236 2224 rirtrnu
254 2175 340 2222 natura
359 2182 419 2236 soar,
437 2173 513 2234 potest
532 2182 622 2220 morere
635 2168 822 2232 imaginationem
841 2165 944 2218 nonanis.

153 2245 216 2303 Quoi
230 2244 321 2308 quidem
337 2243 371 2293 sie
388 2242 527 2293 considerari
546 2243 629 2306 potest.
644 2239 732 2291 Dictum
753 2244 790 2291 est
805 2239 867 2290 enim
883 2235 946 2300 snpra

153 2316 206 2380 (qn.
224 2318 283 2379 tto,
300 2314 392 2377 aria),
407 2313 467 2378 qnod
485 2317 566 2364 natura
587 2312 709 2377 corporalis
727 2307 807 2363 obedit
822 2311 903 2378 angelo
919 2307 946 2355 ad

152 2388 238 2435 motum
255 2385 364 2449 localem}
376 2385 413 2434 illa
426 2397 481 2448 ergo
493 2395 544 2450 qnae
557 2397 588 2434 ex
607 2387 669 2434 motu
681 2383 748 2434 locali
763 2383 887 2446 aliquorum
901 2391 947 2428 eor-

152 2469 232 2525 porum
252 2460 347 2519 possum
362 2457 464 2518 causari,
485 2455 582 2506 subsunt
597 2454 677 2504 rirtnti
697 2453 794 2504 naturali
810 2453 944 2516 angelorum-

153 2526 296 2577 Manifestum
309 2531 344 2578 est
353 2529 430 2577 numm
440 2526 500 2590 qnod
514 2525 666 2590 apparitiones
675 2525 817 2588 imaginarie
831 2523 945 2574 causantur

152 2599 265 2648 interdurn
277 2598 301 2647 in
319 2598 386 2649 nubis
400 2611 430 2648 ex
441 2597 508 2648 locali
521 2597 645 2648 mutatione
660 2596 811 2661 corporalium
828 2593 943 2660 spirituum

152 2674 176 2719 et
195 2671 322 2719 humorum.
342 2671 406 2719 Unde
426 2668 558 2720 aristoteles
576 2669 601 2718 in
617 2669 658 2718 lilt.
677 2670 714 2717 De
729 2681 808 2718 somn.
825 2671 849 2716 et
864 2661 942 2728 aigil„

153 2740 273 2802 assignem
287 2753 378 2788 causam
391 2740 542 2805 apparitionis
559 2738 712 2800 somniorum,
724 2739 781 2790 dieii
796 2733 941 2804 quinariam

152 2810 236 2858 ammai
256 2809 337 2859 dormit
354 2811 505 2861 mmudente
522 2811 620 2874 plurimo
641 2809 751 2874 sanguine
767 2813 793 2862 ao
806 2805 942 2875 principium

153 2877 300 2939 sensitivam,
311 2879 378 2929 simul
392 2882 533 2933 muriunt
547 2884 623 2930 motare
635 2897 649 2927 o
665 2881 705 2946 (it
719 2883 771 2943 est,
788 2878 941 2946 inpressiones
