1984 3309
296 197 355 242 enen
373 201 408 238 srr
425 202 567 243 nnnmrtrnn.
789 203 834 249 685

66 267 104 316 Sed
118 273 194 320 centra
206 275 241 321 est
246 310 256 336 ,
265 275 325 336 quod
332 277 442 328 Dominus
451 279 518 344 dicit,
530 281 681 342 Jonn.,llVll
692 285 726 349 (t)
739 301 744 334 ε
755 303 769 333 «
777 287 831 339 Haec

38 339 118 388 estvitn
130 344 215 393 eterna
229 347 255 393 ut
266 352 404 408 cognoscant
417 353 440 400 te
458 352 530 402 Deum
547 367 642 418 verum,
657 369 736 408 unum.
750 375 762 404 n
778 358 829 409 Vita

40 413 106 460 autem
121 417 204 464 aterna
222 421 259 467 est
269 419 364 471 ultimus
376 422 441 485 linis,
454 427 480 473 ut
490 425 574 474 dictum
590 431 632 478 est.
646 427 705 492 Ergo
718 430 833 482 beatitudo

40 479 128 533 bominis
141 484 165 534 in
178 487 309 550 cognitione
322 492 362 541 Dei
375 494 495 558 consistit,
508 501 604 560 quaest
616 503 680 550 actus
693 501 829 553 intellectis.

66 552 215 616 (Cnummm.
224 587 256 598 -
264 559 321 611 Cdm
335 563 403 614 finem
416 565 582 630 intelligibilem
598 583 643 621 non
655 587 830 638 consequamur,

40 623 76 672 uisi
90 640 128 690 per
143 630 187 679 boc
202 632 263 693 qnod
283 632 314 683 sit
333 636 399 685 nobis
419 650 522 700 praesens
539 653 580 702 per
598 646 671 692 actum
688 644 829 710 intellectis,

40 701 116 756 oportet
131 699 295 754 beatitudinem
308 706 461 758 essentialiter
476 709 502 759 in
520 713 574 760 actu
591 713 720 765 intellectis
738 717 832 767 consis-

41 769 90 828 tere,
103 774 126 820 et
135 773 227 824 nonani
241 775 411 828 accidentaliter
421 781 563 840 (seeundirm
577 781 650 846 ipsam
662 785 747 836 scilicet
756 788 829 838 delec-

40 839 137 892 tationem
151 857 202 906 quae
218 846 383 899 beatitudinem
399 853 563 918 consequitur)
576 853 601 904 in
618 849 670 906 actu
683 859 830 923 voluntatis.)

64 911 193 978 Respondeo
212 917 346 980 dicendum,
366 921 427 984 qubd
446 923 475 972 ad
490 923 656 976 beatitudinem
664 964 672 990 ,
688 931 746 978 elcut
762 930 829 994 suprb

39 981 262 1052 distintamque,
275 994 317 1040 art.
330 990 370 1056 6),
386 993 431 1043 duo
443 995 605 1058 requiruntur:
620 1011 702 1058 unum,
716 1002 776 1062 quod
793 1006 828 1051 est

38 1067 80 1103 erse
92 1057 251 1121 beatitudiuis;
267 1061 327 1113 aliud
340 1065 399 1127 quod
417 1069 453 1114 est
465 1066 531 1130 quasi
544 1081 585 1132 per
603 1082 627 1119 se
642 1069 747 1124 accidens
764 1073 826 1136 ejus,

38 1124 112 1178 seilicet
123 1130 245 1183 delectatio
258 1133 280 1184 ei
293 1134 407 1198 adjuncta.
420 1135 474 1188 Dico
492 1151 545 1201 ergo
562 1138 622 1202 qubd
634 1143 743 1203 quantum
759 1144 788 1192 ad
805 1143 826 1192 id

36 1199 87 1257 quod
95 1203 129 1250 est
135 1202 290 1253 essentialiter
299 1204 350 1268 ipsa
361 1206 485 1270 beatitudo,
497 1209 637 1272 impossibile
647 1213 682 1260 est
695 1211 756 1274 qubd
771 1227 826 1264 con-

36 1266 90 1318 sistat
101 1271 124 1320 in
136 1276 188 1324 actu
206 1274 339 1326 voluntatis.
358 1277 504 1329 Manifestum
515 1282 549 1329 est
563 1280 624 1330 enim
641 1295 669 1332 ex
684 1283 825 1348 praemissis,

37 1338 85 1399 quid
98 1341 213 1394 beatitudo
229 1349 264 1396 est
283 1349 414 1400 consecutio
426 1349 477 1399 finis
495 1349 580 1400 ultimi.
595 1351 731 1402 Consecutio
749 1355 826 1404 autem

37 1408 79 1459 inis
89 1426 133 1464 nnn
143 1416 246 1466 nonsmtit
255 1416 339 1481 inipso
350 1424 402 1469 actu
413 1421 554 1482 voluntatis3
565 1422 671 1471 voluntas
683 1421 745 1472 enim
756 1424 827 1474 fertur

36 1479 55 1528 in
70 1482 147 1550 tinem,
163 1490 186 1537 et
199 1488 332 1552 absentem,
344 1490 395 1540 cium
410 1490 485 1554 ipsum
497 1492 621 1556 desiderat,
637 1497 660 1542 et
676 1495 823 1559 presentem,

35 1550 78 1602 cim
85 1554 109 1604 in
117 1555 166 1622 ipso
174 1559 321 1623 requiescens
332 1561 462 1611 delectatur.
476 1562 624 1614 llanitestum
635 1567 669 1614 est
679 1568 754 1615 autem
764 1563 824 1629 qubd

35 1621 97 1683 ipsum
107 1629 243 1680 desiderium
254 1631 308 1682 finis
321 1646 368 1683 non
381 1639 416 1683 est
429 1633 559 1684 consecutio
572 1634 633 1697 finis,
645 1637 685 1686 sed
699 1640 735 1686 est
747 1640 821 1688 motus

34 1696 56 1743 ad
64 1697 142 1765 tinem,
154 1702 273 1753 delectatio
285 1707 361 1754 autem
371 1705 463 1756 advenit
473 1706 599 1770 voluntati,
609 1721 638 1758 ex
647 1709 691 1758 hcc
699 1705 759 1772 qubd
770 1706 822 1760 tinis

34 1772 61 1814 est
72 1784 176 1836 presens,
188 1787 235 1824 non
248 1778 325 1826 autem
337 1775 469 1829 econverso
484 1791 512 1828 ex
521 1779 566 1828 hcc
578 1777 662 1843 aliquid
673 1781 698 1830 lit
710 1793 820 1843 praesens,

34 1839 75 1897 apia
89 1843 192 1894 uoluntas
208 1846 334 1896 delectatur
351 1848 376 1896 in
395 1847 453 1911 ipso.
469 1850 562 1913 Oportet
580 1849 647 1914 igitur
661 1850 747 1915 aliquid
761 1851 822 1901 aliud

33 1921 72 1960 csse
83 1913 149 1976 quim
164 1920 240 1967 actum
259 1919 396 1982 voluntatis,
410 1933 453 1983 per
470 1923 529 1985 quod
547 1921 573 1971 lit
587 1921 639 1971 finis
655 1922 703 1986 ipse
721 1935 821 1990 praeseus

32 1982 140 2034 voluntati.
154 1987 181 2036 Et
194 1989 238 2039 boc
258 1987 382 2040 manifeste
394 1994 489 2054 apparet
507 1991 567 2042 circa
583 1991 640 2041 lines
653 1991 780 2042 sensibiles.
796 1991 821 2040 si

32 2053 81 2101 enim
93 2059 200 2121 consequi
215 2061 337 2123 pecuniam
349 2065 408 2111 esset
419 2075 461 2125 per
476 2066 551 2113 actum
563 2062 699 2125 voluntatis,
716 2062 791 2124 statim
807 2062 820 2112 b

32 2122 129 2190 rinndpio
139 2130 235 2194 cupidus
248 2134 384 2182 consecutus
395 2134 454 2182 esset
465 2132 599 2196 pecuniam,
609 2133 699 2195 quando
711 2133 820 2182 eanvult

32 2193 101 2247 trabere
110 2219 117 2259 ;
126 2201 166 2250 sed
175 2201 188 2250 l
196 2201 310 2266 principio
319 2203 412 2265 quidem
421 2206 456 2253 est
463 2202 544 2254 absens
551 2203 581 2266 ei,
592 2202 737 2265 consequitur
745 2204 820 2252 autem

32 2278 90 2325 locam
102 2284 145 2336 per
158 2273 202 2324 lroc
215 2273 277 2338 qubd
288 2285 357 2323 manu
374 2273 446 2340 ipsam
458 2273 624 2339 apprehendit,
636 2274 673 2323 rel
689 2273 764 2337 abque
778 2275 820 2324 hu-

58 2412 86 2475 (1)
101 2419 138 2464 Sic
149 2420 256 2475 equidem
267 2418 369 2478 explicit
376 2421 532 2479 Augustinus,
543 2421 585 2467 lib.
599 2421 634 2466 De
644 2421 738 2480 optritae
747 2424 768 2467 et
778 2421 819 2468 lit=

33 2478 80 2526 tere,
93 2492 146 2538 cap.
157 2481 187 2526 32
219 2485 255 2529 vel
273 2485 297 2527 in
309 2483 360 2529 aliis
372 2485 551 2547 exemplaribus,
569 2481 613 2544 33)
627 2499 632 2527 r
651 2481 711 2528 Ciam
720 2485 820 2530 sinistre*

33 2534 94 2585 ierint
114 2545 145 2588 in
162 2557 177 2589 α
233 2547 336 2592 ationem
351 2543 590 2608 oternemtinquit),
605 2547 670 2603 jbette?
692 2549 771 2592 wiern
789 2549 818 2592 en

34 2600 92 2646 ritum
103 2610 232 2660 numm
244 2609 306 2666 prtia
317 2609 367 2652 bon
378 2612 410 2653 eat
421 2609 474 2653 etta
490 2613 581 2655 nterea
592 2612 619 2654 eet
637 2611 779 2666 cepnnrcant
797 2611 818 2654 te

32 2658 103 2715 Deum,
111 2673 156 2713 etc.
170 2671 218 2715 lile
229 2672 380 2728 counitione,
390 2670 437 2714 etta
444 2672 549 2720 uictoria,
562 2671 609 2715 etta
618 2671 817 2728 contemplatione

32 2726 149 2775 recreetur
164 2732 194 2776 ier
212 2733 282 2778 bonis
298 2731 463 2782 desiderium,
481 2737 524 2777 etc.
540 2735 570 2778 Et
586 2732 628 2778 tib.
647 2735 667 2778 I.
684 2733 718 2777 De
735 2731 817 2781 Trio..

33 2796 71 2839 rap,
86 2788 113 2851 8,
127 2793 180 2839 inde
196 2797 282 2852 probat
300 2793 363 2851 qudd
375 2795 424 2839 baec
439 2793 508 2840 nobit
527 2795 693 2852 contemptatio
710 2793 816 2867 promit-

34 2847 95 2901 titur,
112 2855 191 2902 aetati
208 2859 335 2904 antaeum
349 2860 460 2904 muniam
480 2857 539 2916 finis
552 2860 574 2902 et
592 2861 682 2903 nterea
699 2855 816 2913 perfectio

34 2913 176 2965 teatensem.

141 3027 170 3064 ll·
696 3014 725 3062 20
