1984 3309
174 178 178 183 ’
230 201 264 241 nn
279 203 346 242 nono
362 206 392 243 nn
407 206 495 245 ouumn
507 199 684 249 imminutor.
814 198 869 262 ιιι,

50 280 92 328 Sed
106 276 241 329 tnulectns
251 285 331 331 noster
342 283 459 346 cognoscit
471 284 623 337 differentium
634 286 702 337 unius
712 286 741 337 ml
753 285 860 338 sitorum.

49 353 108 414 Ergo
120 352 242 414 cognoscit
253 352 325 402 multu
339 354 417 405 simul.

80 420 126 471 Sed
138 426 220 471 contra
234 425 284 485 est,
303 424 365 486 quod
376 424 458 475 dicitur
471 425 496 475 in
507 426 547 477 lib.
568 426 660 491 Topic„
676 426 736 493 qubd
751 428 862 480 «iutelli-

49 506 101 553 gere
113 497 150 542 est
167 506 240 542 unum
256 492 346 559 solbm,
363 496 421 546 scire
431 497 487 547 verb
503 498 582 547 multu.
594 512 609 544 u

79 564 245 628 (Coumusro.
263 592 294 602 —
309 567 360 617 Non
375 572 449 632 potest
460 569 591 621 intellectus
610 568 724 621 humanus
736 572 806 623 multa
818 586 862 637 per

48 636 143 685 modum
156 638 284 687 multorum
300 638 445 703 intelligere,
459 642 500 693 sed
514 654 555 707 per
572 642 663 693 noudum
674 642 742 695 buius
750 681 759 707 ‚
773 644 861 695 scilicet

51 721 92 769 per
106 721 177 757 unam
190 710 321 773 speciem.)

79 779 219 843 Respondeo
229 781 371 846 dicendum,
381 781 440 846 qubd
451 782 582 835 intellectus
593 786 670 849 potest
687 785 778 851 quidem
793 785 860 837 simul

52 852 122 901 multu
137 852 270 916 intelligere
279 866 323 917 per
332 855 426 904 modum
436 854 519 920 nnius,
533 858 663 907 uouentem
672 858 741 907 multu
758 870 800 922 per
810 870 860 909 mo-

50 923 102 972 lum
116 924 254 974 mullorum.
269 924 325 975 bico
345 930 421 976 autem
438 942 485 991 per
497 928 605 977 niodum
620 930 697 978 unius
713 928 752 978 uel
767 928 860 979 mullo-

50 1008 174 1059 rum‚per
187 1008 260 1045 nuum
276 997 315 1046 vel
330 996 408 1060 plures
424 998 514 1061 species
531 998 696 1062 intelligibiles.
711 1000 768 1049 Nam
780 1002 861 1053 modus

49 1063 158 1129 cujusque
174 1067 276 1117 actionis
293 1068 442 1131 consequitur
455 1070 566 1133 immam,
578 1082 629 1133 quae
643 1074 677 1121 εει
690 1070 784 1122 aetionis
797 1070 860 1135 priu-

47 1135 138 1200 cipinnn.
155 1139 306 1203 Quaecunque
316 1152 371 1202 ergo
384 1139 514 1190 intellectus
528 1141 605 1205 potest
617 1140 744 1205 intelligere
758 1142 800 1191 sub
813 1155 859 1194 uua

46 1209 135 1273 specie,
153 1211 225 1261 simul
238 1210 366 1274 intelligere
378 1215 464 1275 potest.
475 1214 505 1262 lit
519 1212 573 1262 inde
588 1216 624 1263 est
634 1212 696 1276 qubd
706 1214 767 1264 lleus
781 1214 858 1267 omniu

46 1280 114 1330 sinml
129 1282 194 1332 videt
204 1295 247 1345 per
255 1296 341 1344 unum‚·
352 1283 414 1346 qnod
423 1289 460 1334 cst
470 1283 573 1335 essentia
583 1290 632 1334 suu.
645 1285 791 1349 Quocunque
803 1286 858 1337 verb

45 1351 179 1404 intellectus
191 1367 235 1417 per
245 1353 349 1403 diuersus
361 1354 452 1417 species
464 1354 588 1418 intelligit,
603 1368 649 1405 non
662 1354 730 1405 simul
741 1356 855 1419 iutelligit.

43 1426 71 1474 Et
81 1426 154 1489 liujus
165 1425 226 1476 ratio
242 1430 292 1489 est,
302 1425 359 1489 quia
368 1426 510 1490 imposibile
524 1432 560 1479 εει
570 1426 769 1490 ioemsubjoctum
778 1428 857 1493 pertici

41 1496 110 1546 simul
123 1496 233 1561 pluribus
244 1497 326 1548 turmis
340 1496 410 1547 unius
422 1498 512 1561 generis
527 1501 549 1549 et
560 1496 701 1549 diversarum
714 1498 855 1562 specierum:

40 1571 99 1619 sient
108 1569 255 1634 impossibile
264 1572 301 1620 εει
310 1568 371 1633 qubd
382 1568 443 1619 idem
453 1582 535 1633 corpus
545 1568 670 1620 secondum
677 1570 738 1620 idem
746 1569 778 1634 (l)
789 1570 857 1621 simul

40 1642 158 1691 coloretur
167 1640 266 1692 diuersis
274 1640 398 1704 coloribus,
406 1640 443 1691 uel
452 1640 561 1705 figuretur
570 1641 666 1693 diuersis
673 1641 760 1705 liguris.
771 1643 858 1693 Omnes

39 1718 118 1763 ειιιεει
131 1712 227 1777 species
237 1712 399 1777 intelligibiles
408 1712 542 1766 suntuuiuu
555 1714 660 1779 generis,
670 1712 723 1779 quie
736 1717 790 1785 sunt
803 1726 856 1779 per·

39 1785 154 1837 lectiones
171 1785 243 1835 unius
261 1784 410 1835 intellectione
423 1784 618 1849 potentiae31iobt
636 1799 673 1837 res
692 1798 788 1849 quorum
804 1792 859 1837 suut

38 1858 145 1920 species,
157 1856 208 1907 sint
221 1855 366 1906 diversorum
378 1869 497 1919 generum.
514 1856 658 1921 Impossibile
676 1859 712 1908 εει
724 1870 778 1920 ergo
796 1857 856 1921 qubd

38 1929 98 1978 ilem
108 1928 246 1979 intellectus
258 1927 331 1977 simul
341 1926 473 1990 perficiubnr
486 1927 585 1979 diversis
592 1928 712 1992 speciebus
725 1927 856 1991 intelligibi-

37 2002 112 2065 libus,
129 2001 161 2051 ad
175 1999 356 2062 intelligendum
368 2000 459 2049 diuersa
468 1998 493 2049 in
504 2003 565 2050 ectu.

67 2076 103 2124 bol
116 2074 222 2137 primum
231 2071 434 2135 engolismum,
444 2070 506 2135 quid
519 2072 653 2128 intellectus
662 2074 698 2123 εει
714 2084 783 2136 supra
796 2074 855 2123 tem-

34 2164 77 2212 pus
88 2150 155 2213 qnod
167 2152 205 2198 est
213 2159 328 2197 numerus
338 2146 415 2197 motuis
424 2146 578 2210 corporalium
589 2160 679 2210 rerum3
691 2146 731 2199 sed
745 2146 796 2210 ipsu
805 2145 856 2209 plu·

35 2223 112 2273 rulitas
119 2218 258 2285 specierum
266 2217 449 2280 intelligibilium
457 2222 537 2269 conset
545 2217 855 2282 vicimituoiuemquumtlam

34 2291 212 2357 ntelligibilium
229 2289 408 2354 operationum,
422 2288 548 2341 secundum
561 2304 630 2354 quem
643 2303 689 2352 nunu
703 2288 805 2353 operatio
819 2292 856 2338 est

34 2367 95 2427 prior
109 2365 198 2415 alteru.
216 2363 248 2411 Et
261 2362 324 2411 bunc
338 2360 519 2411 mussitudinem
528 2350 669 2425 Augustinus
682 2360 786 2425 nominat
797 2364 855 2411 tem·

34 2452 85 2499 pus,
93 2436 151 2487 cium
161 2433 230 2497 dicit,
243 2434 330 2497 Super
340 2435 398 2483 Gen.
411 2433 447 2482 od
459 2433 514 2495 lit„
529 2432 590 2498 quod
605 2450 619 2482 u
629 2434 688 2484 [leus
699 2434 777 2483 mouet
790 2444 855 2483 ereu-

32 2512 107 2558 tnram
118 2505 274 2571 spiritualem
285 2517 328 2569 per
342 2507 433 2569 tempus
445 2505 487 2571 (z).
497 2522 512 2553 n

66 2682 96 2745 (l)
120 2685 168 2728 Seu
185 2677 317 2725 secundum
337 2676 441 2720 eumdem
459 2681 548 2735 purtem
561 2674 701 2740 indivisum,
723 2674 777 2731 quie
796 2684 852 2718 eon·

35 2747 142 2791 trodietio
166 2742 224 2788 inde
242 2745 394 2797 sequeretur;
410 2738 465 2795 putri
485 2744 511 2783 ut
526 2744 588 2785 esset
605 2738 673 2785 simul
687 2738 764 2783 elbum
781 2742 808 2807 ει
819 2736 853 2778 ni·

35 2822 106 2864 gmon,
120 2808 159 2853 uel
172 2807 248 2851 etiem
261 2802 402 2860 quadratum
416 2807 440 2846 et
449 2802 582 2847 rotundum.

65 2878 97 2940 (Ξ)
114 2882 148 2923 tlt
167 2890 200 2922 ex
216 2888 273 2931 cop.
291 2872 323 2917 2⁰
337 2879 361 2917 ct
374 2874 527 2929 sequentibus
540 2871 656 2931 colligitur
671 2888 677 2916 z
694 2870 743 2916 Per
760 2874 853 2939 tempos

37 2942 128 3000 (inquit
141 2953 200 2997 cup.
219 2934 269 2998 2⁰)
290 2940 369 2983 mot
383 2937 511 2983 emaum
529 2936 649 2995 spiritum
667 2936 721 2992 ipso
741 2928 854 2975 convortor
