1984 3309
155 187 200 236 aas
319 192 395 253 ‚sans
410 195 433 245 r,
446 187 539 240 const.
557 186 629 242 xcirr,
647 190 703 229 ιιι.
720 189 754 229 rr.
969 171 970 244 l

154 274 232 340 gratie
242 311 249 335 ,
260 275 284 322 et
297 272 376 335 gloriae
384 309 394 335 ,
406 274 433 320 ut
448 269 516 336 suprd
534 270 636 320 habiturn
652 272 686 320 est
698 268 755 332 (art.
775 267 815 332 tt.
825 268 876 320 Sed
891 269 954 322 iunu-

153 345 229 396 centia
249 348 272 394 et
290 343 381 407 justitia
399 344 426 392 ad
441 343 536 406 gratiam
554 341 676 406 pertinent.
691 340 886 392 luconuenienter
904 357 955 406 ergo

153 418 243 480 dicitur,
251 415 313 480 quod
322 418 396 478 imago
407 413 518 479 accipitur
529 412 653 464 secuudum
663 412 812 472 memoriam,
825 412 956 478 intelliges·
969 421 970 484 3

153 490 209 540 tiam
223 495 247 540 et
259 489 415 549 uoluntatem,
433 486 554 536 similitudo
568 489 642 536 autem
658 483 783 535 secundini
800 485 970 544 innocentiani

154 565 178 612 et
193 561 313 613 'amittam
327 592 330 596 -

187 577 210 684 i.
229 636 354 713 l’rmlerea²
366 629 464 693 cognitio
484 628 587 679 veritatis
602 629 630 679 ad
648 627 823 693 intelligentiam
843 631 957 696 pertiuet',

154 720 217 758 arnor
237 709 313 756 autem
328 703 419 754 rutulis
437 703 466 752 ad
484 701 623 752 uolrrntalem
642 718 647 752 :
666 715 717 764 qua
736 706 791 752 suut
811 704 866 756 duae
887 699 970 768 pariesi

156 777 269 840 imaginis.
284 777 335 826 Nou
353 788 407 837 ergo
420 773 587 824 romanianus
607 773 688 823 dicitur
709 773 771 837 quod
790 773 871 840 imago
892 776 922 826 sit
939 758 970 844 ini

156 849 284 913 cognitione
297 846 417 909 venietis,
431 844 556 896 similitudo
572 845 598 894 in
611 845 732 896 dilectione
745 845 849 898 uirtutis.
969 895 970 912 .

188 922 233 985 Sed
252 923 329 970 contra
345 921 395 979 est,
417 915 477 980 quod
495 916 634 980 Augustinus
654 916 710 966 dicit
723 916 748 966 in
770 917 810 969 lio.
830 919 970 982 Lxxllfflp

158 995 247 1058 quusi.
262 992 271 1056 (
278 1007 301 1055 q.
315 991 356 1054 al)
377 1004 383 1037 :
399 1006 413 1037 a
425 989 485 1038 Sunt
497 987 593 1051 qainon
607 989 690 1040 frustm
701 989 894 1054 intelligentius
905 983 970 1044 dicta}

158 1078 209 1116 esse
218 1081 232 1111 u
240 1064 270 1114 ad
278 1061 400 1124 imaginem
414 1063 438 1110 ot
448 1059 633 1125 similitudinem
647 1079 661 1110 u
675 1059 740 1126 cim,
751 1060 772 1112 si
782 1077 828 1114 uua
840 1079 881 1118 res
895 1069 961 1127 esset,

159 1151 228 1187 uuum
243 1147 327 1186 nonen
340 1131 445 1182 sulficere
461 1131 582 1195 potuisset.
597 1148 611 1179 u
969 1179 970 1182 ,

71 1263 75 1270 ,
190 1209 357 1274 (Concuosro.
370 1231 401 1242 -
417 1203 570 1268 distinguitur
587 1205 710 1258 similitudo
726 1205 754 1258 als
771 1205 892 1274 imagine,
905 1213 927 1261 et
941 1213 962 1258 ut

157 1281 320 1344 preamnulum
329 1277 869 1344 adipsum,inquantumestoommuniusquirm
879 1283 961 1344 imago,

158 1353 391 1415 clamememus,
408 1349 434 1400 in
450 1352 560 1412 quantum
578 1349 692 1413 malleat
712 1351 835 1414 quandam
856 1352 962 1416 imaginis

158 1424 353 1489 expressionem.)
969 1457 970 1484 3

190 1495 324 1560 Respondeo
338 1493 471 1556 dicendum,
486 1489 545 1555 quid
560 1491 682 1542 similitudo
696 1492 801 1556 quadam
813 1495 896 1546 unitas
910 1499 942 1546 est
953 1499 970 1550 Γ

158 1583 237 1618 aanor
249 1565 343 1617 enimin
353 1564 460 1628 qualitate
470 1563 642 1614 similitudinem*
653 1568 746 1628 causat,
761 1569 786 1616 ul
800 1566 889 1618 dicitur
900 1569 922 1617 in
934 1569 957 1615 ll.

158 1637 297 1703 Metoplps.
317 1638 397 1686 Unum
412 1640 502 1699 auum,
524 1633 576 1686 cinn
597 1636 627 1686 sit
643 1636 671 1686 de
691 1637 921 1704 transcendentibus,
944 1635 970 1686 et

159 1722 280 1761 commune
299 1712 335 1759 est
350 1706 468 1770 omuibus,
484 1711 507 1758 et
521 1708 549 1757 ad
565 1705 653 1772 singula
668 1711 745 1773 potest
762 1709 851 1772 aptari,
869 1711 928 1762 sicut
942 1714 961 1757 et

161 1783 252 1832 tonum
264 1785 288 1832 et
298 1794 403 1831 ossum:
414 1780 476 1830 unda
484 1779 545 1831 sicut
556 1780 639 1832 lunum
649 1779 717 1832 alicui
730 1780 764 1830 rei
774 1781 913 1844 particulari
926 1795 963 1846 po-

161 1858 208 1904 test
217 1852 343 1918 comparari
358 1857 384 1902 ut
395 1851 560 1916 praemortuus
574 1851 602 1900 sd
617 1852 707 1915 ipsam,
722 1855 747 1902 ot
757 1855 790 1910 ,ut
804 1853 960 1918 subsequens,

162 1929 230 1990 prout
245 1923 348 1988 designat
361 1923 459 1987 adquam
473 1923 639 1987 perlectionem
656 1923 742 1987 ipsium
759 1924 791 1974 ita
803 1925 879 1976 etiam
896 1930 930 1977 est
940 1926 963 1973 de

163 1997 331 2062 conspiratione
340 1995 495 2050 similitudinis
504 1997 531 2046 ad
541 1995 672 2059 iussgimm.
683 1996 793 2050 Estenim
805 1996 898 2050 bonam
909 2011 962 2064 pra-

163 2070 278 2122 amliulnm
294 2070 323 2119 ad
341 2067 474 2131 nominem,
488 2063 614 2120 secundino
627 2067 688 2132 guid
708 2070 777 2124 homo
794 2073 832 2120 est
853 2071 963 2135 quoddam

162 2141 297 2207 particulare
308 2142 392 2192 bouum
401 2157 411 2204 ·,·
419 2142 443 2189 ct
455 2153 533 2190 rursus
541 2138 636 2188 huonon
642 2139 786 2204 subsequitur
797 2142 826 2192 ud
837 2143 963 2202 hominem,

162 2213 187 2262 iu
199 2217 308 2278 mantum
315 2211 414 2276 aliquem
428 2209 546 2260 homiuem
558 2209 688 2274 specialiter
702 2207 799 2262 dicimus
816 2227 871 2265 esse
883 2215 962 2266 honum

162 2289 255 2348 propter
266 2283 430 2348 perlectionem
438 2281 538 2332 uirtutis.
551 2283 579 2332 Et
589 2281 693 2334 similiter
700 2321 708 2347 ,
721 2280 848 2336 similitudo
860 2283 963 2336 conside-

164 2358 226 2405 ratur
234 2363 261 2404 uc
269 2354 431 2419 praeambulum
440 2353 469 2403 ad
480 2352 617 2416 imaginem,
627 2353 652 2404 in
659 2357 770 2418 quantum
777 2358 814 2406 est
823 2356 964 2410 ooonmuninr

164 2424 328 2489 quinimmo,
340 2429 445 2489 utsupra
460 2425 545 2475 dutum
557 2428 591 2475 est
603 2421 659 2490 (art.
672 2429 711 2488 l).
723 2425 889 2479 consideratur
900 2427 963 2480 etiarn

164 2501 192 2546 ut
202 2498 345 2560 subsequens
360 2497 542 2560 coimaginari,
556 2496 580 2546 in
594 2501 704 2562 quantum
717 2497 832 2561 significat
846 2501 964 2564 quamdam

165 2568 272 2633 imaginis
285 2569 457 2633 perlectionem.
474 2569 576 2620 Dicimus
595 2570 656 2620 enim
670 2569 793 2634 imaginem
806 2570 906 2636 alicujus
920 2582 963 2622 esse

166 2639 265 2691 similem
277 2641 315 2690 vel
326 2655 373 2691 uon
385 2640 483 2691 similem
496 2640 519 2690 ei
532 2641 598 2704 euius
611 2645 647 2690 est
659 2641 745 2705 imago,
758 2641 907 2706 inquantum
918 2656 963 2707 per

165 2710 227 2764 facit
248 2712 286 2762 uel
304 2712 435 2776 imperfecte
451 2713 599 2776 representat
618 2712 701 2776 ipsum.
717 2713 755 2763 Sic
776 2727 831 2776 ergo
846 2713 964 2766 similitudo

168 2787 245 2848 potest
258 2784 286 2833 alr
303 2783 402 2847 imagine
423 2784 532 2848 distingui
550 2783 689 2848 dupliciter:
704 2799 750 2837 uuo
764 2787 832 2837 modo
850 2791 917 2852 prout
935 2788 963 2833 cst

167 2855 306 2920 praemiale
317 2856 347 2905 ad
357 2855 445 2920 ipsam,
456 2859 480 2906 et
489 2857 514 2910 iu
528 2856 629 2920 pluribus
642 2857 756 2922 eremum
767 2861 792 2908 et
802 2859 838 2908 sic
846 2857 963 2910 sunilleio

170 2925 291 2977 altemitur
305 2926 429 2989 secundino
442 2939 471 2978 ea
486 2942 537 2992 qua
554 2929 608 2980 sunt
623 2929 779 2982 communiora
796 2927 964 2996 proprietatum
