1984 3309
32 5 468 24 W-

298 188 356 232 ooro
372 189 407 225 srr
424 155 565 227 emenone.
786 180 833 228 698

67 265 200 330 despondeo
212 265 347 327 dicendum,
361 266 422 328 quod
436 265 495 315 sicut
506 265 635 316 dictumest
652 265 712 328 (art.
723 265 763 330 6),
778 281 831 331 per-

42 340 91 387 lecta
104 336 204 388 hominis
216 335 333 387 beatitudo
349 351 396 389 non
407 337 512 389 consistit
523 337 548 388 in
561 351 589 388 eo
600 339 660 401 qood
674 341 710 388 est
723 339 832 402 perfectio

42 410 173 472 intellectis,
186 408 312 460 seeunddm
322 409 418 473 ahcnjus
427 409 636 473 participationem,
646 412 686 460 sed
696 409 720 460 in
731 423 759 460 eo
770 411 831 474 qrrod

41 486 69 530 est
85 494 125 545 per
139 481 264 531 essentiam
284 481 338 531 tale.
358 481 504 531 Manifestum
524 485 561 533 est
580 486 657 532 eutem
673 481 734 546 qood
751 495 832 532 unum·

40 555 136 617 predone
146 553 171 605 iu
177 557 271 620 tentum
281 555 317 602 est
326 552 436 616 perfectio
446 552 543 616 alicujus
552 554 677 617 potentiae,
688 555 713 602 in
723 556 834 618 qnantum

41 626 63 672 al
76 625 150 689 ipsum
163 623 264 688 peroret
281 623 338 674 ratio
358 623 445 687 proprii
461 623 547 686 objecti
564 623 625 674 illius
641 624 764 689 potentiae
779 639 834 689 pro-

42 697 107 756 prium
118 700 196 748 autem
211 697 327 759 objectum
339 695 470 745 intellectis
486 699 521 746 est
534 710 622 745 verum
635 712 643 745 :
658 696 767 760 quicquid
779 710 833 759 ergo

41 768 100 817 trahet
113 767 236 818 teutatem
251 767 426 832 participatam,
443 767 621 831 contemplatum
634 781 679 820 tren
694 769 748 820 lecit
767 769 834 820 intel-

41 839 114 888 lectum
133 839 261 904 perlectum
277 837 357 888 ultima
370 837 519 902 perfectione.
539 837 597 888 Cim
615 843 693 890 autem
711 841 790 890 eadem
804 840 833 890 sit

41 910 150 972 depositio
159 923 236 960 rerum
246 910 271 959 in
282 924 335 959 esce
344 908 436 960 sicutin
449 909 555 972 veritate,
567 913 592 960 ot
607 908 689 963 dicitnr
704 911 728 960 in
742 914 770 962 11.
782 913 841 980 Me·-

42 983 144 1046 toptyc„
154 995 297 1046 quacunque
306 984 360 1032 sunt
370 981 433 1032 entia
443 996 484 1046 per
493 981 705 1046 participationem,
719 986 771 1032 srrnt
779 995 833 1032 vera

42 1066 78 1114 pm
91 1053 297 1118 participationem.
314 1054 397 1117 lngeli
412 1057 488 1105 autem
504 1054 590 1106 habent
602 1068 652 1106 esse
663 1055 829 1120 participatum,

41 1125 90 1187 qnia
103 1125 172 1175 solius
189 1125 232 1176 ltei
246 1138 311 1176 suum
327 1139 378 1175 esse
394 1128 428 1176 est
442 1140 483 1176 sua
499 1127 613 1188 essentia,
628 1130 653 1176 ut
671 1127 695 1175 in
709 1127 782 1192 primo
796 1140 833 1177 os·

41 1200 127 1246 tensum
141 1200 177 1247 est
187 1197 234 1260 (1).
248 1197 313 1247 Unde
331 1196 464 1260 relinquitur
480 1197 540 1260 qrrdd
553 1198 614 1249 solus
625 1199 685 1248 Deus
703 1198 733 1248 sit
747 1199 832 1250 veritas

41 1281 76 1327 per
86 1268 223 1331 essentiam,
239 1272 263 1319 et
275 1268 337 1332 quod
350 1270 400 1333 ejus
412 1269 575 1332 contemplatio
585 1269 653 1320 faciat
665 1269 765 1333 perfecte
779 1271 833 1320 bea·

41 1348 92 1390 erim.
111 1341 237 1406 aliqualem
252 1346 330 1392 autem
349 1341 515 1392 beatitudinem
532 1341 689 1404 imperfectam
705 1339 762 1392 nitril
781 1355 834 1405 pro-

41 1414 100 1462 lo'bet
109 1414 196 1465 attendi
210 1415 236 1464 iu
245 1414 440 1479 contemplatione
455 1414 603 1478 angelorum·²
616 1417 639 1462 et
650 1413 719 1464 etiam
729 1413 832 1464 altiorem

40 1485 102 1548 quam
112 1486 327 1538 inconsideratione
341 1487 488 1538 scientiarum
501 1485 705 1550 speculativarum.

68 1559 101 1608 td
115 1559 215 1624 pumma
230 1571 284 1622 ergo
295 1559 428 1621 dicendum,
444 1557 504 1620 quod
517 1558 582 1611 testis
596 1558 728 1620 augelorum
750 1557 834 1609 intere-

41 1630 106 1680 rimus
120 1643 170 1682 non
182 1629 256 1681 solium
272 1631 454 1694 contemplantes
470 1631 572 1692 angelos,
583 1630 621 1680 sed
630 1628 700 1678 simul
711 1641 762 1680 cum
776 1629 833 1694 ipsis

41 1703 107 1751 ltenm
117 1702 161 1767 (2).

70 1775 101 1823 ltd
117 1774 243 1825 secundum
256 1775 390 1838 dicendum,
405 1773 465 1838 qudd
484 1773 609 1827 secundum
625 1774 676 1826 illos
690 1775 729 1839 qui
748 1779 836 1838 porum

42 1844 124 1896 arrimas
140 1847 252 1897 humanas
267 1859 317 1896 esse
330 1847 360 1896 ah
370 1845 458 1908 angelis
469 1849 567 1908 creatas,
584 1845 639 1897 satis
653 1847 791 1896 mnueniens
800 1845 836 1896 ui-

42 1917 103 1965 detur
114 1915 177 1980 qaod
185 1916 301 1968 beatitudo
311 1915 411 1968 hominis
420 1917 450 1967 sit
458 1916 483 1965 in
492 1918 686 1982 contemplatione
695 1919 834 1982 angelorum,

42 1988 102 2048 quasi
114 1989 141 2038 iu
157 1988 318 2052 conjunctione
334 1990 361 2038 ad
375 2003 442 2038 suom
454 1987 600 2053 principium.
613 1989 658 2040 Sed
673 1991 717 2038 lroc
728 1992 763 2039 est
776 1997 837 2040 erro

43 2072 120 2120 neum,
130 2063 158 2110 ut
169 2060 194 2110 in
205 2059 280 2124 primo
294 2061 427 2112 dictumest
439 2060 494 2124 (qu.
505 2065 548 2123 9⁰,
563 2064 606 2110 art.
619 2063 661 2122 3).
677 2058 742 2111 Unde
757 2058 835 2108 ultima

45 2131 151 2191 perfectio
163 2131 293 2183 intellectis
304 2131 399 2182 humani
409 2135 445 2183 est
455 2145 497 2196 per
507 2132 691 2196 conjunctionem
705 2131 734 2180 ad
749 2131 836 2192 Deum,

44 2202 80 2264 qui
92 2208 126 2256 est
139 2203 277 2269 principium
290 2207 314 2255 et
325 2203 446 2254 creationis
461 2203 545 2254 mimae
558 2206 581 2254 et
593 2200 763 2252 illuminationis
776 2201 836 2264 ejus.
880 2208 886 2218 ·

75 2347 165 2456 [ason
178 2353 196 2396 l¹
209 2356 280 2410 part,
295 2363 336 2408 (pr,
346 2350 370 2409 3,
386 2347 470 2407 ert.t‚
484 2349 524 2395 nbi
533 2348 562 2394 de
576 2350 626 2421 Deo⁸
637 2347 660 2392 id
676 2348 796 2404 asseritur;
813 2353 837 2394 ct

43 2423 80 2466 qn.
126 2447 133 2474 ‚
147 2419 192 2459 art.
204 2413 230 2470 l,
243 2419 270 2458 ot
282 2420 307 2458 et
320 2411 363 2472 61,
378 2425 471 2470 quoque
485 2417 529 2457 art.
546 2409 572 2471 1,
587 2411 628 2457 nbr
643 2415 739 2467 negatur
750 2410 778 2456 de
795 2423 837 2458 au-

44 2476 118 2594 {2233
125 2477 235 2584 egerlmgtltd
250 2476 323 2534 meam
334 2477 362 2522 de
376 2475 508 2522 horninibus
522 2480 561 2520 aut
577 2473 712 2531 compositis
725 2475 838 2520 creaturis

78 2606 106 2667 tt)
124 2609 189 2656 Unde
201 2610 235 2656 sic
248 2610 280 2658 itt
295 2608 362 2668 plene
374 2609 505 2668 Gregorius,
513 2615 565 2667 post
579 2609 708 2655 Posoltetin
721 2609 839 2655 solemnia

49 2666 85 2725 (ot
100 2670 182 2733 uocat)
197 2674 310 2730 explicata
326 2689 332 2715 :
349 2673 415 2729 Quid
432 2672 530 2730 prodest
544 2675 657 2718 interesse
675 2672 742 2730 [eatis
763 2673 838 2716 leomi-

46 2744 115 2784 nem,
123 2736 146 2780 re'
155 2735 232 2792 deesse
241 2737 366 2794 eooaeepot
378 2736 444 2794 sestis
454 2736 617 2793 medelarum?
634 2733 720 2780 Umbro
729 2740 838 2780 vectore

45 2796 200 2845 solennitatis
210 2834 212 2837 .
223 2803 256 2844 eet
273 2799 411 2848 eremmon
424 2809 541 2856 mereor.
558 2798 654 2844 Idcirco
675 2799 737 2842 tone
756 2796 840 2840 conec

46 2859 151 2912 opiner,
169 2866 198 2907 nt
216 2862 249 2908 od
263 2862 334 2908 illem
347 2872 400 2918 patre
412 2873 463 2906 noo
478 2865 512 2908 ert
533 2873 636 2911 corneo,
649 2861 689 2906 ted
705 2860 840 2907 contione,

48 2921 217 2974 perderemur.
