1984 3309
196 218 228 253 nu
243 216 367 255 murus
384 216 533 257 nummatus
548 220 574 255 un
590 218 710 259 connum.
811 214 859 261 tt‘l

50 294 179 357 cognitione
187 296 275 343 curent.
287 292 359 343 lnbis
367 293 430 344 eninr
440 308 490 358 qua
499 295 629 358 cognitione
637 300 728 363 carent,
741 295 860 351 invonitur

49 366 204 417 tautummodo
217 366 292 415 torma
303 365 333 415 ad
341 376 413 415 uuum
423 380 476 420 eece
482 367 600 431 proprium
611 368 766 421 determinans
775 384 860 422 unum·

49 440 171 502 quodque,
186 437 248 501 quod
261 436 332 492 etiam
345 441 379 487 eat
392 438 495 489 naturale
510 439 701 505 uuiuscujusque.
714 442 778 495 lianc
789 443 862 507 igitur

50 512 144 560 formam
154 508 283 559 naturalem
293 507 396 572 sequitur
406 510 515 560 naturalis
525 510 656 574 inclinatio,
666 526 718 576 quae
727 515 861 578 appetitus

49 582 180 632 naturalia
191 584 296 631 uocatur.
310 582 337 631 ln
352 581 490 634 habentibus
507 586 584 633 autem
599 583 762 648 cognitionem,
775 586 809 635 sio
823 587 862 638 do-

47 653 184 703 terminatur
191 652 375 715 unumquodque
383 652 411 701 ad
421 652 537 717 proprium
543 668 594 703 ecoe
600 655 704 705 naturale
711 668 752 721 per
761 658 863 708 lormam

48 726 192 786 nammlem,
211 724 275 787 quod
293 726 373 773 tamen
393 728 429 773 est
446 725 587 788 receptivum
611 725 741 790 specierum
766 728 863 779 charum

47 810 135 860 reruur;
155 797 218 847 sicut
233 807 318 845 seusus
335 794 417 858 recipn
432 796 521 859 species
534 796 636 847 omniurn
657 798 817 864 sensibilium,
836 804 861 851 et

47 868 176 919 intellectus
189 867 296 918 omnium
308 865 495 928 intelligibilium.
511 868 541 917 Et
557 869 589 918 sio
603 868 679 920 anima
693 870 795 921 bominis
805 888 821 920 r
835 872 861 923 tlt

48 940 122 991 omnia
135 939 326 1005 quodammodo,
344 940 495 988 »secundum
510 952 603 991 mosum
622 944 645 991 et
663 941 813 993 intellectum.
835 946 861 995 lu

49 1026 94 1075 quo
107 1011 265 1075 cognitionem
279 1008 390 1059 habentia
403 1010 432 1059 ad
445 1011 483 1061 bei
502 1011 676 1063 similitudinem
692 1014 861 1077 quodammodo

49 1084 246 1149 appropinquem
259 1080 308 1131 «in
320 1094 368 1144 quo
380 1081 457 1131 omnia
467 1084 627 1147 praeexistuut,
639 1100 653 1132 n
665 1084 726 1136 sicut
738 1085 860 1151 Dionysius

48 1156 122 1221 dicit(
128 1156 170 1206 hb.
183 1156 224 1204 Dc
234 1153 293 1202 div.
308 1154 397 1213 Nem,
410 1164 462 1218 cap.
479 1154 518 1219 ab
534 1154 596 1205 Sicut
608 1155 679 1218 igitur
691 1156 772 1207 iocoue
785 1157 861 1208 abiori

47 1229 112 1278 ruodo
124 1226 233 1278 existunt
248 1224 274 1274 iu
286 1224 426 1276 habentibus
438 1226 606 1291 coemtionem,
620 1240 689 1291 supra
703 1229 797 1278 modum
814 1230 861 1280 ior·

47 1312 132 1349 narum
144 1297 305 1359 naturalium,
316 1295 350 1345 ita
358 1298 448 1359 oportet
456 1298 515 1361 qnod
527 1298 551 1347 in
561 1298 596 1347 eis
610 1298 641 1348 sit
650 1297 777 1360 inclinatio,
790 1314 860 1365 supra

47 1372 137 1421 modum
149 1367 316 1420 inclinationis
329 1366 454 1430 naturalis,
470 1382 521 1431 quae
534 1368 617 1419 dicitur
634 1370 766 1433 oppetitur
784 1375 859 1421 natu-

47 1441 117 1491 ralis.
125 1443 155 1491 Et
165 1442 219 1491 bac
234 1438 342 1502 superior
351 1437 469 1488 inclinatio
480 1438 580 1501 pertinet
592 1438 620 1488 ad
634 1438 683 1489 vim
694 1440 777 1491 animae
789 1455 860 1506 appe·

48 1515 147 1579 tiliorum
160 1528 205 1581 per
219 1526 291 1577 quarn
304 1510 390 1563 animal
399 1516 506 1577 appetere
515 1516 592 1577 potest
601 1526 628 1563 ea
637 1526 691 1577 qua
699 1516 859 1581 apprehendit,

48 1600 92 1637 noa
104 1590 180 1639 solum
193 1598 223 1637 ea
238 1586 334 1648 adquae
347 1584 470 1635 inclinatur
482 1598 511 1635 ex
523 1586 597 1637 torma
612 1586 719 1636 naturali.
735 1580 773 1637 Sic
791 1588 861 1653 igitur

46 1673 137 1711 uoecsse
149 1663 190 1709 ost
198 1669 289 1722 ponere
307 1656 407 1719 aliquam
420 1656 548 1719 potentiam
562 1656 645 1707 anima
654 1657 812 1722 appetitivam.

74 1733 107 1781 dd
124 1730 232 1795 primum
247 1741 305 1789 ergo
323 1726 458 1791 dicandum,
474 1727 537 1792 qubd
554 1732 674 1793 oppetere
694 1729 813 1781 invonitur
834 1732 859 1783 iu

42 1804 185 1853 habentibus
198 1800 372 1864 cognitionem,
387 1812 455 1863 snpra
469 1802 562 1851 modum
576 1813 721 1853 communem
735 1816 780 1867 qno
794 1804 860 1856 iuve-

43 1876 102 1924 uitur
114 1876 141 1925 iu
158 1873 281 1932 ornemus,
295 1875 321 1919 nt
330 1870 416 1945 dictam
430 1875 473 1921 cst.
483 1872 573 1923 ntideo
584 1874 674 1937 oportet
690 1874 718 1924 ad
729 1875 774 1925 hoc
784 1875 859 1926 deter-

41 1947 124 1997 minari
136 1946 242 2009 aliquam
258 1941 387 2007 potentiam
403 1941 495 1993 animm

69 2020 106 2069 Ad
126 2017 262 2069 somnium
280 2015 417 2076 dicendum,
434 2013 494 2077 qubd
515 2014 538 2065 id
561 2016 621 2079 quod
639 2017 818 2080 apprehenditur
836 2022 860 2069 et

40 2091 169 2155 appetitur,
187 2092 225 2139 est
233 2086 420 2149 idem‘subjeeto,
429 2086 470 2136 sed
481 2086 560 2137 diilert
568 2087 665 2137 ratione.
676 2089 860 2151 apprehenditur

40 2164 102 2211 euim
114 2166 145 2214 ut
159 2164 200 2211 est
212 2172 257 2210 eus
273 2157 395 2219 sensibile,
412 2157 619 2223 ueliutelligibile,
631 2158 747 2223 appetitur
765 2158 819 2213 verb
832 2164 859 2210 ut

39 2238 75 2282 cst
93 2231 245 2283 conueniens
258 2234 299 2279 aut
312 2229 407 2279 bouum.
422 2228 549 2280 Diversitas
565 2233 640 2279 autem
657 2228 770 2281 rabanum
783 2230 805 2281 in
818 2232 859 2281 ob-

38 2305 108 2367 jectis
121 2302 253 2367 requiritur
267 2302 298 2350 ad
312 2300 465 2351 diversitatem
480 2301 647 2365 potentiarum,
661 2314 707 2351 uon
721 2305 797 2352 autem
810 2314 858 2355 ma-

40 2376 130 2426 teriatis
142 2373 282 2426 diversitas

70 2449 105 2497 hd
116 2446 216 2497 tertium
227 2444 350 2495 dicendum
356 2481 365 2507 ,
383 2443 443 2507 qubd
459 2456 603 2508 unaquaeque
616 2444 720 2511 potentia
731 2444 812 2495 anime
823 2448 860 2497 eut

40 2519 147 2581 quedam
164 2518 242 2567 torma
259 2528 302 2566 seu
313 2519 409 2578 natura,
423 2520 446 2565 et
457 2516 528 2567 habet
542 2516 668 2567 naturalem
687 2515 858 2567 inclinationem

42 2590 64 2637 iu
73 2590 175 2654 aliquid.
189 2588 256 2638 Unde
270 2600 413 2650 unaqueque
425 2589 513 2652 appetit
523 2587 638 2653 objectum
652 2587 697 2638 eibi
706 2586 857 2650 convenicus,

42 2662 141 2712 uatumli
160 2660 285 2725 appetitu,
299 2654 369 2723 supra
386 2673 452 2722 quem
475 2668 511 2710 ost
528 2658 644 2724 appetitus
657 2658 763 2713 animulis
779 2671 858 2710 conse-

43 2748 119 2796 queus
131 2731 363 2797 apprehensionem
378 2744 423 2795 quo
436 2730 555 2796 appetitur
565 2731 650 2795 aliquid
664 2744 711 2781 non
725 2744 753 2781 en
768 2730 856 2781 rationo

43 2819 88 2867 qua
104 2809 142 2855 cst
155 2801 301 2854 conueniens
315 2803 428 2853 adactum
441 2804 512 2869 hujus
522 2804 560 2853 uel
570 2802 633 2853 illins
643 2803 765 2868 potentiae,
776 2802 856 2864 utpote

45 2875 104 2926 risui
114 2876 145 2925 ad
156 2874 288 2927 uidendum
301 2876 326 2922 et
335 2872 420 2924 audimi
429 2876 458 2927 ad
473 2872 624 2939 audiendum,
635 2876 675 2925 sed
685 2872 738 2939 quia
753 2875 789 2923 est
801 2882 857 2921 con·

46 2948 142 2998 veniens
153 2945 296 3012 simpliciter
309 2944 409 2996 ammali.
548 2944 550 2948 ⁴
