1984 3309
252 187 283 224 nu
297 185 467 228 romnornm
483 187 638 228 autumnas.
800 178 846 229 505

341 339 500 390 runcontls
514 341 552 390 lv.

100 455 187 512 lita-iam
197 455 282 500 localia
289 453 407 502 distantia
414 459 525 564 operetur
534 456 628 514 aliquid
637 457 663 502 in
676 457 793 502 locutione

391 532 451 577 unqe
462 533 507 564 oca.

77 637 109 686 to
119 639 228 700 quartum
240 635 273 687 sio
285 637 416 701 proceditur
424 636 467 702 (t).
478 637 572 688 Videtur
583 637 642 702 quot
654 639 731 689 localis
742 639 848 690 distantia

47 713 150 771 operetur
160 707 245 771 aliquid
262 708 287 757 in
295 709 410 758 locutione
421 707 532 772 angelica.
543 709 676 760 sicutenim
687 711 740 762 dicit
754 713 847 762 Damas-

46 793 115 829 oenus
130 797 137 829 ;
154 797 168 827 «
178 780 279 842 Angelus
292 780 331 830 ubi
348 784 397 843 est,
409 779 441 830 ini
451 785 566 845 operatur.
582 797 596 828 ιι
611 782 704 832 Locutio
721 787 797 834 autem
810 787 846 834 est

47 852 150 912 quedam
164 850 266 915 operatio
276 851 362 914 augeli.
377 851 434 901 Clnn
447 865 501 916 ergo
515 853 608 916 angelus
615 853 649 903 sit
663 853 687 904 in
699 855 847 906 determinato

47 924 108 984 loco,
129 924 219 974 ridetur
236 921 298 984 quod
316 936 391 987 osque
406 924 434 974 ad
452 923 626 990 determinatam
648 925 693 975 loci
715 924 846 978 distantiam

46 995 140 1057 angelus
153 993 217 1058 loqui
231 994 310 1057 possit.

77 1071 100 1114 Ξ.
115 1067 244 1127 Praeterea,
255 1065 339 1116 clamor
349 1066 463 1129 loquentis
473 1067 499 1116 fit
509 1070 600 1132 propter
611 1066 740 1120 distantiam
754 1069 848 1122 audien-

45 1139 84 1186 tis.
97 1137 141 1188 Sed
155 1135 234 1196 isai„
250 1137 293 1198 lll,
311 1137 395 1188 dieitur
405 1139 433 1188 de
446 1139 579 1203 Seraphim,
595 1137 655 1204 quod
670 1157 684 1188 (ι
695 1139 777 1190 clamat
790 1141 848 1192 alter

45 1212 72 1259 ad
86 1211 189 1260 alarum.
209 1225 224 1256 n
243 1209 301 1274 Ergo
315 1210 404 1260 ridetur
419 1210 480 1274 qnod
495 1211 521 1261 in
533 1212 645 1263 locutione
660 1214 791 1276 angelornm
806 1215 847 1264 ali-

45 1282 99 1344 quid
109 1285 219 1346 operetur
231 1281 311 1331 localis
323 1281 437 1331 distantia.

76 1353 119 1402 Sed
127 1356 208 1403 contra
217 1355 261 1413 est,
271 1351 330 1416 quid
338 1353 396 1402 sicut
405 1353 487 1404 dicitur
497 1355 569 1416 Lac„
578 1355 628 1406 lllll
636 1392 642 1419 ‚
654 1355 719 1407 diues
727 1356 847 1408 ininterno

46 1423 132 1487 positus
146 1423 282 1488 loquelatur
298 1425 405 1488 Abrahae,
421 1439 468 1476 non
485 1426 624 1490 impediente
643 1427 710 1477 locali
727 1427 845 1479 distantia.

46 1496 115 1547 llulto
127 1495 199 1560 igitur
208 1495 284 1546 minius
295 1497 374 1546 localis
387 1497 493 1548 distantia
504 1501 579 1562 potest
591 1498 699 1563 impedire
709 1499 846 1551 locutionem

47 1569 113 1618 onius
125 1568 202 1631 angeli
217 1569 245 1618 ad
257 1569 364 1618 alterurn.

78 1639 241 1703 (concursio.
251 1641 315 1693 —lo
325 1640 437 1691 locutione
448 1640 588 1704 augelorum,
598 1641 650 1692 curn
664 1642 688 1692 in
699 1643 847 1695 intellectuali

46 1712 179 1848 operatione}
198 1712 323 1774 consistat,
344 1709 430 1761 nullom
449 1712 636 1778 impedimentum
656 1717 748 1779 prestat
768 1713 847 1766 localis

47 1783 161 1832 arctantia.
553 1804 561 1820 ·

75 1855 215 1920 Respondes
233 1855 365 1918 dicendum,
383 1856 442 1920 qnid
460 1857 545 1908 locutio
565 1858 639 1921 angeli
655 1857 679 1907 in
701 1857 848 1909 intellectuali

48 1926 178 1987 operatione
195 1925 316 1989 consistit,
330 1930 357 1975 nt
374 1941 402 1976 ex
421 1928 486 1978 dictis
507 1932 579 1996 patet.
595 1928 753 1979 intellectualis
771 1934 847 1979 autern

47 1997 147 2058 operatio
161 1998 239 2062 angeli
253 1998 344 2048 omnino
358 1998 469 2050 abstracta
485 2003 521 2050 est
539 2000 552 2050 a
567 2001 616 2050 loeo
630 2003 654 2049 et
667 2003 782 2064 tempore;
795 2013 848 2048 narn

47 2070 113 2119 etiam
129 2076 209 2121 nostra
224 2070 383 2122 intellectualis
402 2073 502 2138 operatio
521 2076 557 2124 est
571 2085 612 2137 per
628 2072 800 2122 abstractionem
819 2072 848 2122 ab

46 2139 85 2188 dic
97 2146 119 2191 et
127 2157 205 2195 nanc,
216 2142 262 2191 nisi
272 2155 312 2206 per
322 2143 428 2193 accidens
437 2149 541 2209 exparte
551 2145 748 2208 phantasmatum,
761 2156 811 2206 quae
824 2143 848 2192 in

47 2212 131 2274 angelis
144 2214 208 2263 nulla
221 2216 282 2263 sunt.
302 2210 329 2263 ln
343 2227 370 2264 eo
380 2217 455 2264 antem
465 2215 526 2278 quod
539 2217 574 2264 est
583 2213 675 2264 omnino
687 2213 849 2264 abstractumir

46 2282 94 2333 loco
112 2288 136 2335 et
157 2289 278 2348 ternpore,
294 2283 351 2334 nihil
368 2289 474 2350 operatur
495 2295 569 2348 neque
591 2283 700 2348 temporis
715 2285 845 2351 diversitas,

47 2367 119 2418 reque
134 2356 180 2405 loci
192 2356 308 2406 distantia.
322 2356 386 2406 Unde
396 2355 421 2405 in
435 2357 549 2407 locutione
564 2355 639 2419 angeli
651 2353 738 2406 nullum
751 2355 848 2424 inrpedi-

47 2430 146 2476 mentum
162 2427 221 2477 facit
237 2427 345 2478 distantia
360 2428 414 2479 loci.
723 2437 726 2442 “
842 2436 845 2445 '

74 2500 108 2548 Ad
117 2499 221 2562 primum
233 2512 287 2561 ergo
298 2498 427 2563 dicendum,
437 2499 497 2564 quid
510 2501 593 2552 locutio
603 2500 678 2566 angeli
687 2500 848 2565 (sicutdictum

46 2572 95 2634 est)
111 2577 148 2622 est
162 2571 250 2621 locutio
268 2572 377 2633 interior,
395 2587 445 2637 quar
461 2576 539 2622 tamen
557 2572 584 2623 ab
600 2573 643 2623 alio
657 2573 804 2640 percipitur:
826 2577 849 2623 et

46 2643 95 2692 ideo
110 2646 147 2694 est
159 2642 185 2692 in
195 2643 277 2705 angelo
286 2643 405 2706 loquente,
419 2649 443 2694 et
454 2657 494 2708 per
505 2658 644 2708 consequens
656 2643 697 2694 ubi
710 2648 745 2693 est
755 2645 850 2707 angelus

47 2715 148 2778 loquens.
164 2715 212 2765 Sed
221 2713 281 2764 sicut
294 2713 402 2765 distantia
414 2715 493 2766 localis
507 2729 552 2767 non
566 2717 661 2790 impedit
670 2716 724 2782 quin
738 2729 796 2765 unus
807 2728 849 2782 an-¹

80 2859 110 2921 (1)
125 2864 159 2908 lle
178 2861 216 2907 ltis
230 2861 301 2906 etiarn
318 2863 342 2906 in
353 2863 391 2920 ll,
403 2862 480 2913 sior„
499 2862 552 2907 dist.
567 2861 597 2920 95
611 2869 654 2908 art.
672 2861 687 2906 2
703 2861 732 2907 ad
743 2861 770 2914 o;
786 2865 812 2904 ut
826 2835 850 2904 et

50 2923 101 2970 dist.
118 2924 164 2981 11,
178 2936 221 2982 qu.
236 2925 267 2983 2,
282 2930 325 2970 art.
338 2923 354 2970 θ
368 2926 396 2970 ad
413 2924 440 2978 33
456 2929 480 2971 et
494 2938 534 2982 qu.
548 2923 572 2984 a,
584 2926 611 2970 de
624 2923 703 2984 verit,
719 2927 762 2969 art.
777 2920 802 2966 6.

174 3035 203 3071 ιι.
742 3020 772 3066 tlt
