1984 3309
24 2982 26 3081 t

26 3182 37 3267 t
58 3259 62 3266 .

181 189 213 226 nn
228 187 410 228 amminoni
425 187 508 227 annu
525 189 550 228 nr
566 187 685 228 cunni.
791 177 836 226 tbi

33 279 76 331 per
88 278 114 318 so
123 269 190 329 agat,
208 273 233 316 et
242 278 289 316 nou
303 265 378 316 solinu
395 269 476 330 agatur
492 267 521 318 ab
532 266 590 331 aiio;
604 267 665 331 quod
684 265 838 317 videturesse

33 353 111 390 eoruur
126 352 179 402 quar
197 338 357 401 gubernantur.
372 339 430 402 Ergo
443 352 490 390 uon
504 339 581 390 onnia
591 343 646 390 sunt
658 337 741 390 divinar
756 335 838 402 guber·

33 411 121 462 nationi
133 410 235 461 ndrdita.

62 483 107 534 sod
119 485 202 534 donin
216 486 268 544 est,
281 483 344 546 quod
359 483 500 547 Augustinus
513 483 568 534 dicit
575 521 583 547 ,
596 484 624 534 V.
640 483 678 532 Do
694 483 772 534 orote.
790 483 839 532 Dei

33 556 101 620 (rap.
118 555 186 618 11),
204 553 266 619 qudd
279 573 294 604 u
305 557 365 606 bens
379 569 425 606 nou
443 555 517 607 sotim
536 556 617 608 ooelnm
633 557 657 606 et
677 559 776 616 terrani,
796 567 840 605 uec

34 627 106 678 solbnr
120 627 240 685 homiuem
256 627 408 692 etangelurn3
423 629 462 678 sed
475 641 520 680 neo
540 627 615 691 exigui
629 632 652 678 et
664 626 840 691 oonwruptibiiis

34 699 155 750 annuntie
169 697 275 762 umen,
290 698 393 748 unsaris
411 699 549 763 pennulam,
564 712 607 748 neo
621 697 838 760 terruannorum,

35 786 75 822 neo
90 770 179 823 arboris
197 770 278 821 indum
292 771 342 822 sine
354 784 446 821 suaruru
457 770 559 835 partium
572 770 731 822 convenientia
742 769 841 820 derelin-

35 844 91 907 guit.
106 860 120 890 o
135 842 221 895 Omnia
237 855 292 905 ergo
306 843 358 906 ejus
370 842 532 904 gubernationi
552 843 685 893 subduntur.

67 913 330 979 (donauero-Cium
344 915 403 965 boun
415 915 446 964 sit
461 915 568 966 etieotiva
582 927 650 965 mosa
663 913 778 977 omniurn,
794 926 840 962 ue-

36 999 98 1036 oesse
114 990 151 1038 est
161 990 189 1036 ut
201 987 282 1038 omnia
292 985 377 1036 divinae
386 986 536 1050 providentie
551 986 691 1046 subdantur,
703 997 750 1037 uou
766 983 840 1036 sotim

36 1059 164 1122 superiora,
178 1059 222 1110 sed
235 1058 307 1110 etium
315 1057 393 1108 omnia
403 1059 504 1108 bumana
514 1061 538 1108 et
548 1055 682 1120 iuferiora.)

67 1131 203 1196 iioepomeo
224 1129 361 1194 tuendum,
375 1129 437 1194 quod
458 1129 585 1182 seonndirru
606 1130 708 1180 eamdem
729 1129 839 1180 rationein

37 1203 144 1266 competit
153 1204 202 1254 beo
213 1215 266 1252 esso
274 1201 450 1265 gubernatorem
463 1215 539 1253 reruur
547 1205 572 1254 et
580 1215 671 1253 oausam
682 1215 774 1266 sarum3
787 1202 839 1266 quia

38 1275 136 1336 ejusdem
152 1279 191 1326 est
200 1288 252 1324 reru
264 1275 389 1337 produoere
400 1278 424 1324 et
437 1275 461 1324 ei
476 1273 642 1338 perforationem
656 1274 725 1336 dare3
737 1274 798 1336 quod
813 1274 840 1324 ad

38 1347 200 1407 submontani
214 1347 322 1411 pertinet.
334 1348 394 1398 lieus
405 1350 482 1398 auteur
493 1350 530 1397 est
540 1359 618 1406 eausa
627 1359 674 1396 non
685 1346 776 1409 quiden
790 1359 842 1409 par.

38 1417 134 1471 tiouiaris
145 1420 217 1470 umus
234 1419 326 1482 genens
338 1432 429 1481 rerum,
445 1418 484 1469 sed
499 1417 634 1470 universalis
646 1417 718 1468 totius
728 1415 800 1480 eutis,
816 1420 842 1467 ut

40 1491 103 1554 supra
115 1497 239 1544 ostensum
250 1495 294 1543 est.
309 1492 374 1542 Unde
387 1491 446 1541 nont
454 1491 513 1541 nibil
527 1493 603 1555 potest
619 1503 669 1540 esse
683 1489 744 1553 quod
754 1501 800 1538 nou
812 1489 842 1538 sit

40 1560 110 1615 ibeo
125 1568 244 1626 ornatum,
258 1564 291 1613 ita
308 1563 367 1613 nibil
379 1567 456 1627 potest
473 1576 524 1614 esse
541 1562 602 1626 quod
614 1561 665 1625 ejus
683 1559 842 1624 gubernationi

41 1637 209 1688 nonsubdstur.
221 1637 288 1685 Patet
296 1635 366 1686 otiam
377 1636 421 1686 boe
429 1635 491 1686 idenr
501 1649 530 1686 ox
540 1633 627 1684 ratione
638 1633 691 1684 finis
702 1648 708 1682 z
718 1633 743 1682 in
754 1635 841 1682 tanturn

41 1709 94 1759 enin
106 1709 210 1773 alioujus
219 1707 354 1770 gubernatio
365 1719 390 1758 se
397 1708 514 1770 extendit,
527 1707 671 1770 inquantum
683 1719 707 1756 se
719 1705 842 1755 extendere

40 1784 111 1839 poten
122 1781 180 1830 finis
196 1775 377 1841 gubernationis.
396 1777 459 1828 Finis
476 1782 553 1828 autern
574 1777 658 1828 divinae
672 1775 842 1841 gubernationis

41 1854 73 1896 est
83 1850 131 1914 ipn
143 1864 190 1902 sua
199 1850 302 1912 bouitas,
313 1855 340 1899 ut
351 1848 420 1914 suprd
430 1853 547 1900 ostensum
559 1852 594 1898 est
610 1851 664 1912 (qu.
677 1852 721 1910 tt,
737 1853 780 1898 art.
799 1850 839 1909 t).

43 1920 168 1974 Undarum
187 1921 246 1972 nibil
264 1935 315 1971 esse
327 1923 402 1984 possit
423 1922 484 1984 quod
502 1933 549 1970 nou
567 1921 685 1971 ordinetur
699 1921 723 1969 in
739 1919 841 1970 divinam

42 1991 170 2059 bonitatem,
179 1994 243 2045 sium
251 1992 277 2042 iu
287 1992 369 2053 tinem,
378 1995 405 2042 ut
413 2005 443 2041 ex
451 1991 520 2057 supra
532 1991 600 2042 dietis
613 1994 685 2056 patei,
699 1989 842 2054 impossibile

42 2066 150 2130 estquod
175 2064 269 2129 aliquod
294 2064 381 2114 entium
400 2065 545 2115 subtrahatur
568 2062 725 2126 gubernationi
748 2061 841 2112 diviua.

43 2137 110 2187 Stulta
118 2139 191 2206 igitur
202 2135 248 2186 fuit
257 2135 337 2200 opinio
347 2135 487 2199 dicentium,
499 2133 560 2199 qudd
570 2136 619 2186 baec
632 2133 739 2186 interiora
750 2145 843 2196 nonup-

45 2207 123 2271 tibiiia,
138 2209 179 2260 rei
204 2208 276 2258 etiam
299 2207 439 2270 singularia,
451 2210 495 2258 aut
512 2206 580 2257 etiam
601 2219 638 2256 res
653 2207 773 2267 humanu,
796 2217 842 2254 non

45 2281 195 2337 nbernmur
205 2279 220 2330 a
230 2280 291 2343 ⁰0⁰3
306 2292 336 2330 ex
354 2292 451 2343 quorum
466 2291 565 2342 persona
578 2276 661 2328 dieitur
674 2275 771 2333 nuci„
785 2275 816 2326 lx
835 2291 841 2324 :

47 2352 190 2417 rberobquit
204 2351 315 2403 Dominus
328 2353 419 2402 terrain.
432 2367 446 2398 >r

71 2427 103 2475 td
120 2428 225 2491 primurn
244 2436 298 2487 ergo
313 2423 447 2484 dioendum,
462 2421 524 2486 qndd
539 2422 581 2472 sub
601 2421 648 2472 soie
667 2420 773 2471 dicuntur
794 2435 845 2472 esse

46 2507 68 2544 ea
80 2511 129 2560 quar
141 2494 269 2548 mundium
280 2499 366 2546 ndum
378 2495 433 2546 solis
443 2497 579 2558 generantur
591 2497 614 2544 et
623 2495 807 2557 corrumpuntur.
819 2495 844 2544 ln

46 2568 119 2629 quibus
127 2568 238 2620 omnibus
249 2580 316 2617 maus
326 2566 451 2629 invenitur,
459 2579 505 2616 non
517 2565 550 2614 ita
560 2562 619 2628 qudd
631 2564 707 2614 omnia
717 2577 767 2628 qnae
777 2565 801 2614 in
811 2565 845 2616 eis

48 2639 109 2702 tunt,
120 2643 170 2692 sint
179 2638 295 2702 cannuba,
308 2640 348 2689 sed
361 2637 414 2702 quia
423 2637 558 2701 iuqnoiibet
572 2649 649 2688 eorum
661 2635 746 2703 aliquid
757 2637 845 2686 casuale

49 2712 136 2767 inueniri
154 2716 246 2778 potest3
265 2716 289 2762 et
304 2712 348 2762 boc
365 2711 441 2776 ipsum
454 2708 516 2773 qudd
531 2709 612 2772 aliquid
627 2709 717 2758 casuale
731 2707 845 2759 iuvenitur

49 2782 68 2831 in
84 2783 217 2849 hujusmodi
231 2783 314 2846 rebus,
324 2783 464 2834 demonstrat
476 2794 504 2830 ea
515 2780 611 2843 aliorrjus
623 2778 783 2844 gubernationi
794 2791 845 2828 esse

50 2854 155 2917 subjeota.
165 2855 216 2907 Nisi
225 2853 289 2906 enirn
298 2853 433 2920 bujusnrodi
444 2849 601 2915 corruptibilia
610 2851 638 2900 ab
648 2849 724 2913 aliquio
736 2848 846 2912 superiori

51 2926 235 2990 runmueutur,
248 2924 306 2976 nibil
322 2925 481 2986 intendunt,
499 2919 599 2972 nonme
621 2935 672 2984 que
690 2933 736 2970 uon
751 2929 847 2982 eognos-

708 3019 752 3067 ra*
