1984 3309
170 227 175 240 ,
297 183 562 229 connumeruntur.
785 181 830 228 cce

43 265 63 311 et
77 264 148 312 amen
165 260 212 310 dici
225 262 302 324 potest
312 261 375 325 qnbd
385 264 488 325 respectu
505 261 637 328 principalis
653 264 756 328 cogniti,
771 269 830 330 quod

44 336 74 383 ent
83 347 124 384 sua
134 332 241 394 essentia,
254 347 300 383 non
314 333 384 384 babet
398 335 459 384 brus
473 335 596 399 practicam
609 336 776 400 coguitionem,
791 340 831 392 sed

42 405 195 469 speculativam
204 403 303 456 tantini.

69 477 99 528 aa
115 476 239 527 meandum
255 476 393 538 imbrium,
409 476 469 540 qudd
487 478 618 530 intellectus
638 479 751 544 practicus
763 482 833 532 babet

43 551 131 613 bouum,
150 548 213 612 quod
230 552 267 600 est
286 552 350 599 extra
367 548 452 612 ipsum.
466 548 511 599 Sed
530 548 656 601 intellectas
677 553 831 615 speculativas

43 622 104 670 babet
116 620 198 670 murum
213 619 237 668 in
249 619 339 684 seipso,
352 619 440 670 scilicet
450 619 665 684 contemplationem
679 622 796 684 veritatis3
808 629 831 676 et

42 692 59 740 si
70 692 124 742 illud
135 691 220 742 bonurn
232 691 264 742 sit
282 693 421 756 perlectum,
434 705 463 742 er
475 704 503 741 eo
514 695 576 744 tolus
590 693 658 743 bomo
671 694 797 758 perficitur,
808 699 831 746 et
915 705 920 712 '

43 764 64 811 lt
79 764 150 813 bonus
165 763 245 826 :quod
259 762 350 826 quidem
368 762 497 813 intellectus
510 761 623 826 practicus
636 776 684 814 nen
697 765 778 829 babet,
792 767 831 818 sed

42 836 65 884 al
79 834 134 883 illud
142 835 240 885 ordinat.

69 909 99 956 ,td
108 906 200 956 tertium
208 904 326 956 dicendum
335 944 341 966 ,
351 905 411 970 qubd
422 907 480 956 ratio
493 905 533 956 illa
546 907 693 970 procederet,
704 907 724 957 si
734 907 832 972 ipsemet

43 980 104 1029 lromo
116 980 176 1028 esset
187 977 283 1027 ultimus
295 977 360 1036 tinis;
372 981 428 1026 tuuc
437 977 498 1027 enirn
514 977 663 1029 consideratio
680 983 704 1030 et
720 979 831 1032 ordinatio

41 1053 127 1100 actuum
139 1053 162 1099 et
177 1047 308 1112 passionum
327 1048 380 1112 ejus
395 1053 458 1099 essct
471 1049 597 1102 beatitudo.
612 1051 656 1102 Sed
671 1051 725 1114 quia
739 1051 833 1102 ultimus

43 1120 136 1170 bominis
149 1120 203 1170 fluis
216 1124 253 1170 est
267 1119 327 1169 aliud
339 1120 425 1170 bonum
441 1119 603 1184 extrinsecum,
619 1121 707 1172 scilicet
720 1123 791 1182 bens,
803 1125 832 1174 ad

41 1205 154 1256 asemper
164 1191 318 1256 operationem
328 1191 457 1242 intellectis
471 1191 607 1255 speculativi
621 1193 766 1256 attingimus3
781 1193 832 1244 ideo

40 1264 107 1326 iringis
120 1263 236 1314 beatitudo
251 1261 350 1312 bominis
364 1262 390 1312 in
405 1263 537 1332 operatione
550 1262 681 1315 intellectis
700 1261 833 1328 speculativi

42 1333 151 1396 consistit,
168 1331 237 1397 qutrn
249 1332 274 1382 in
289 1333 419 1397 operatione
432 1332 564 1384 intellectis
577 1333 677 1398 practici.

327 1469 492 1519 nnbrcbbbs
507 1469 545 1518 Vl.

66 1567 150 1610 Uinios
159 1565 279 1610 marem
288 1566 402 1611 commtat
411 1566 438 1610 in
452 1565 640 1610 consideratione
653 1567 807 1611 scientiarum

327 1628 539 1685 speculeta'varaam.

66 1732 96 1780 ld
116 1734 208 1781 sentum
225 1727 259 1780 sic
274 1728 403 1794 proceditur
415 1727 460 1793 (1).
475 1727 572 1780 Videtur
586 1729 645 1794 qubd
661 1729 776 1782 beatitudo
789 1733 835 1784 bo·

42 1801 102 1851 niuis
114 1801 225 1852 consistat
237 1800 262 1850 iu
278 1800 456 1851 consideratione
470 1799 619 1853 scientiarum
633 1802 833 1865 speculativarum.

41 1872 189 1937 Philosophus
200 1872 261 1922 enirn
272 1872 328 1922 dicit
337 1873 361 1922 iu
372 1873 413 1922 lib.
425 1873 520 1930 Erite,
533 1871 593 1936 qubd
606 1873 724 1924 «felicitas
733 1878 768 1924 est
781 1888 835 1938 ope-

41 1944 91 1995 ralio
107 1943 234 1995 semodium
246 1943 368 2008 perfectam
383 1944 506 2007 virtutem3
519 1960 533 1990 »
546 1947 569 1994 et
585 1943 725 2007 distinguens
741 1944 836 1995 virtutes

42 2016 188 2077 speculativas
204 2028 250 2066 non
265 2014 331 2080 pouit
345 2015 393 2066 nisi
405 2019 467 2079 tres,
481 2015 629 2071 scientium,
645 2015 799 2078 sapientium
813 2019 836 2065 et

41 2088 206 2146 intellectam,
218 2101 269 2152 que
281 2101 361 2139 omnes
374 2088 489 2152 pertinent
502 2088 531 2138 ad
542 2086 747 2138 considerationem
760 2087 836 2136 scien-

39 2159 114 2211 tiarum
127 2160 329 2226 speculativarum.
340 2161 400 2223 Ergo
414 2159 494 2210 ultima
502 2158 603 2210 bominis
613 2157 733 2208 beatitudo
746 2158 771 2207 iu
784 2171 837 2208 cou-

38 2231 171 2284 sideratione
186 2231 333 2282 scientiarum
346 2230 537 2295 speculativarum
551 2229 663 2280 consistit.

66 2308 88 2352 a.
102 2306 232 2366 Praemrea,
247 2302 302 2352 illud
315 2302 405 2353 videtur
422 2315 473 2353 esse
486 2301 565 2350 ultima
584 2299 684 2350 bominis
702 2300 836 2366 beatitudo,

40 2376 94 2436 qrrod
106 2376 241 2436 naturaliter
252 2376 391 2426 desideratur
403 2376 433 2425 ab
444 2374 550 2425 omuibus
564 2375 656 2438 propter
669 2372 777 2436 seipsum.
794 2375 838 2424 Sed

41 2446 166 2509 hujusmodi
180 2451 216 2498 est
231 2446 380 2497 consideratio
396 2446 587 2510 speculativarum
598 2443 759 2504 scientiarum;
775 2445 836 2509 quia,

40 2521 60 2563 ul
71 2519 156 2568 dicitur
166 2518 191 2568 in
205 2519 223 2568 l.
240 2517 388 2582 bletoplrpc„
402 2531 505 2567 «omues
515 2516 620 2568 homiues
634 2515 714 2567 natura
727 2515 785 2568 scire
795 2517 836 2568 de-

41 2587 150 2651 siderant3
161 2607 174 2636 n
183 2593 208 2640 et
215 2593 267 2653 post
275 2602 347 2654 pauca
361 2589 478 2650 subditur,
486 2587 546 2652 quta
557 2604 571 2650 u
580 2588 723 2652 speculative
735 2588 838 2638 scientiae

41 2665 126 2723 vrupter
148 2661 239 2726 seipsas
255 2665 397 2726 queruntur.
412 2677 426 2708 n
446 2662 506 2724 Ergo
523 2661 547 2710 iu
565 2660 747 2712 consideratione
765 2659 839 2728 scien·

41 2730 119 2783 tiaram
128 2733 323 2799 speculativarum
333 2733 436 2785 consistit
448 2732 573 2783 beatitudo.

69 2847 99 2912 (t)
114 2855 149 2900 be
163 2854 199 2899 bis
209 2852 281 2900 etiarn
291 2853 315 2898 in
326 2853 351 2910 2,
364 2854 388 2913 2,
398 2866 440 2909 qu.
454 2851 509 2912 167,
521 2857 566 2898 art.
577 2853 587 2898 1
600 2887 604 2912 ,
621 2853 650 2898 ad
663 2851 690 2904 1;
702 2858 726 2896 ct
739 2851 840 2906 Operae.»

44 2911 85 2971 ill,
99 2927 155 2974 cap.
167 2915 227 2976 aot,
243 2915 303 2974 aba,
318 2915 374 2960 666.
