1984 3309
142 235 172 272 ns
183 233 223 270 ms
232 231 287 276 onn
299 229 366 270 rnna.
378 231 409 269 su
421 227 513 271 srnnu
524 232 592 273 rnrnr
603 229 716 289 nonanis,
726 238 780 277 arc.
815 223 860 278 sti

94 311 258 376 (Conmusro.
271 309 380 360 -Homo
390 309 415 359 in
429 314 490 360 statu
507 311 644 364 innocentie
658 313 703 364 init
713 316 861 381 impassibilis

59 382 185 434 secundirm
201 381 379 447 passionesque
393 387 512 433 removent
525 385 664 436 homiuemi
679 388 775 437 naturali
785 389 861 454 dispo-

60 456 157 519 sitione,
174 454 289 520 passibilis
299 457 376 504 antem
389 454 514 505 secundini
525 456 643 520 passiones
657 459 816 524 perfectivas.)

90 528 228 592 Respondeo
243 526 381 589 dicendum,
398 525 459 591 quod
475 527 553 591 passio
571 529 693 593 dupliciter
707 531 797 581 dicitnr.
811 534 861 585 Uno

60 600 126 652 modo
142 597 249 666 proprid3
263 602 287 649 et
299 598 333 648 sic
345 597 393 662 pati
408 597 489 648 dicitur
500 598 560 662 qudd
573 599 638 652 esna
651 601 749 652 naturali
763 602 862 669 disposi-

59 671 121 724 tione
138 674 280 722 removetar.
295 669 372 720 Passio
388 670 450 720 enim
468 673 505 721 cst
520 671 615 722 effectus
630 671 735 724 actionis.
752 675 778 724 iu
792 677 860 728 robus

59 748 135 794 autem
151 741 293 794 naturalibus
312 740 425 792 contraria
447 746 519 804 agunt
531 746 554 792 et
567 743 728 806 patiuntnrad
745 747 859 810 invicem,

59 830 154 880 quornm
163 829 235 866 unum
245 818 349 865 removet
357 815 453 879 aiterum
463 813 524 866 isus
536 815 632 866 naturali
642 816 799 880 dispositione.
810 820 860 870 Atio

60 889 126 938 modo
139 887 223 938 dicitnr
237 885 314 951 passio
327 886 477 936 communiter
486 886 609 936 secundirm
620 902 776 954 quamcunque
786 895 861 942 muta·

60 960 154 1024 tionem,
166 959 258 1025 etiamsi
269 957 385 1022 pertineat
393 958 422 1007 ad
432 958 597 1021 perfectionem
606 963 707 1012 naturae:
721 961 779 1012 sicut
790 963 859 1012 intei-

59 1032 130 1096 iigere
144 1034 183 1084 nel
197 1033 283 1084 sentus
301 1031 384 1082 dicitur
399 1035 459 1094 puta·
474 1035 594 1097 quoddam.
610 1035 658 1085 iioc
673 1035 743 1098 igitur
761 1037 860 1088 secundo

61 1106 128 1156 modo
141 1106 208 1156 homo
221 1104 246 1154 in
261 1107 323 1154 statu
338 1103 477 1154 innocentiae
493 1103 610 1168 passibilis
624 1110 672 1157 erut
686 1111 710 1157 et
721 1107 859 1172 patiebatur,

60 1182 84 1228 et
97 1177 224 1229 secuudirm
238 1176 337 1226 animam
349 1175 506 1227 etseeundirm
516 1191 606 1242 corpus.
617 1179 693 1229 Primo
704 1183 779 1230 autem
793 1180 859 1230 modo

60 1249 120 1307 dicta
135 1249 243 1314 passiom
260 1252 310 1298 erat
325 1247 488 1311 impassibilis,
499 1252 523 1298 et
536 1248 659 1300 secrrnddm
670 1250 769 1300 animam
783 1253 807 1300 et
823 1264 860 1301 se·

59 1320 157 1372 cundiam
170 1334 268 1384 corpus,
283 1320 343 1369 sicut
356 1322 380 1368 et
393 1319 538 1382 immortalis,
551 1323 641 1384 poterat
657 1320 716 1371 enim
730 1322 860 1386 passionem

56 1393 193 1455 prohibere,
208 1387 304 1442 sicnt'et
316 1394 421 1451 mortem,
435 1391 454 1440 si
468 1391 553 1456 absque
565 1395 657 1456 peccato
670 1393 816 1456 perstitisset.

85 1466 116 1516 Et
127 1478 170 1530 per
185 1465 231 1515 hoc
242 1465 307 1527 patet
319 1463 437 1526 responsio
453 1463 482 1512 ad
497 1464 542 1514 duo
561 1463 642 1526 prima.
657 1463 715 1514 Nam
729 1465 859 1514 assentire

56 1539 78 1586 et
92 1537 214 1586 dormire
232 1548 279 1586 non
293 1538 411 1585 mmovent
428 1534 544 1585 hominem
558 1534 571 1586 i
584 1535 682 1586 natmaii
695 1536 858 1600 dispositione,

57 1611 94 1661 sed
111 1610 142 1660 ad
155 1609 243 1659 honum
255 1609 342 1658 nature
361 1607 502 1658 ordinantur.
592 1657 597 1670 ‚

86 1682 121 1733 td
132 1680 229 1731 tertium
240 1679 376 1741 dicendum,
388 1681 447 1743 qnod
462 1680 522 1730 sicut
535 1680 601 1744 supri
616 1680 701 1732 dietum
710 1682 762 1747 est(
769 1695 807 1745 qu.
819 1687 858 1744 92,

58 1759 98 1805 art.
118 1759 133 1802 3
145 1753 177 1803 ad
190 1750 237 1816 a),
251 1755 314 1802 costa
326 1751 365 1800 ilia
380 1751 425 1800 fuit
438 1750 463 1800 iu
476 1751 559 1815 idam,
574 1752 598 1801 in
611 1755 721 1816 quantum
734 1757 782 1804 erat
795 1754 859 1818 prin·

56 1827 142 1891 cipium
151 1822 250 1875 humani
264 1822 363 1886 generis,
374 1822 433 1872 sicut
443 1836 521 1874 semen
529 1823 553 1874 iu
563 1823 663 1888 homine,
674 1825 814 1888 inquantum
824 1829 860 1876 est

56 1898 196 1963 principium
208 1909 251 1960 per
267 1894 446 1958 geneationem.
461 1896 529 1948 Sicut
537 1896 607 1959 igitur
617 1897 701 1948 decisio
710 1897 802 1948 sentinis
813 1910 859 1947 non

6 1984 7 1987 ’
56 1976 90 2021 est
103 1985 159 2021 cum
173 1966 299 2034 passione,
313 1980 364 2030 qua
375 1972 490 2018 removeat
503 1967 619 2018 hominem
628 1968 642 2018 a
651 1969 749 2020 naturali
762 1969 859 2032 disposi-

55 2045 128 2106 tione,
141 2043 175 2092 ita
186 2040 258 2091 etiam
270 2043 306 2090 est
320 2039 439 2089 dicendum
452 2041 480 2090 de
492 2040 635 2104 separatione
647 2039 707 2091 illius
718 2044 795 2092 eostae.

85 2117 119 2166 nd
131 2109 389 2177 quartinonum,
400 2109 460 2176 quod
470 2125 554 2176 eorpus
564 2111 663 2162 hominis
677 2112 702 2160 in
714 2114 774 2160 matu
788 2111 859 2161 iuno-

56 2188 137 2238 centia
153 2180 249 2250 poterat
265 2183 412 2248 preserved,
427 2197 458 2234 ne
472 2186 587 2247 pateretur
604 2183 721 2234 lusionem
736 2182 764 2232 ab
782 2183 858 2246 aliquo

56 2261 130 2312 duro:
147 2257 235 2322 partim
250 2254 343 2318 quidem
359 2269 400 2319 per
409 2255 525 2320 propriam
542 2255 667 2318 rationem,
681 2267 800 2319 perquam
818 2268 859 2318 po·

56 2334 113 2382 terat
125 2330 213 2381 nociva
227 2328 316 2390 uitare,
330 2327 413 2390 partim
427 2326 495 2378 etiam
510 2339 552 2390 per
563 2327 663 2378 diuinum
683 2326 857 2390 prouidentiam,

55 2419 104 2467 quae
114 2404 149 2455 sic
164 2402 245 2466 ipsum
259 2400 378 2461 tuebatur,
394 2403 419 2449 ut
428 2398 485 2448 nihil
497 2399 520 2450 ci
533 2402 660 2450 occurreret
670 2413 700 2450 en
710 2398 831 2463 inproviso
845 2400 858 2450 ir

56 2490 98 2538 quo
111 2476 244 2527 laederetur.

58 2623 124 2678 eadm
139 2621 231 2677 latina,
243 2629 296 2676 qum
312 2616 346 2665 sie
363 2619 458 2676 intelligi
475 2631 524 2664 nou
543 2617 627 2676 debet,
639 2624 664 2662 ut
682 2618 779 2678 videtur,
792 2617 856 2676 qnasi

58 2686 140 2742 aliquid
160 2683 302 2730 substantiae
318 2681 437 2742 detrahat,
451 2681 488 2727 vel
502 2681 597 2737 abjiciat
610 2681 664 2726 iilud
678 2682 739 2740 quod
752 2684 857 2740 subjecto

59 2749 212 2794 essentialiter
226 2744 350 2805 convenit,
365 2749 411 2788 etc.
