1984 3309
142 146 188 195 816
282 148 355 191 rurus
368 148 495 201 semona,
510 147 606 194 qnarsr·
620 145 679 195 arr,
694 145 752 185 mr.
768 146 806 183 rn.

140 234 169 283 de
191 231 249 293 tine,
272 230 311 279 sed
334 228 362 279 de
382 228 419 277 tris
439 238 488 289 quae
506 223 606 277 suntad
625 223 712 284 finem,
730 226 768 272 est
786 220 938 277 conn'limn.»

174 305 331 365 (Coranusro.
347 324 377 339 -
389 297 530 359 Consilium,
545 309 597 346 cnm
613 292 735 357 inquisitio
754 294 786 343 sit
805 292 898 345 radoms
915 295 939 343 do

140 375 208 426 rebus
226 371 332 435 agendis,
351 382 430 421 eorum
447 372 537 419 tantum
550 372 599 430 est,
614 380 665 430 quae
681 369 738 415 sunt
753 366 784 415 ad
804 366 888 427 finem,
899 379 939 417 non
973 373 974 428 t

141 450 217 497 autern
232 442 303 509 ipsius
311 442 362 493 finis
367 478 377 507 ‚
390 440 434 493 nisi
447 454 500 491 enm
513 440 539 491 in
549 438 680 489 ulteriorem
691 437 764 487 finem
773 436 880 489 ordinari
891 452 939 489 con
973 433 974 494 i

141 516 174 567 tin
190 519 219 566 at.
399 528 401 537 ·

172 516 306 651 despondeo
321 576 455 647 dicendum,
467 582 529 647 qudd
546 580 597 633 finis
610 580 636 632 iu
645 581 811 646 operabitihus
829 581 898 634 habet
912 594 939 631 rr-
974 593 976 658 p

141 658 226 709 tionem
236 656 354 721 principii,
371 668 399 706 eo
412 653 473 719 qudd
485 654 586 705 rationes
595 666 673 704 eornm
686 666 740 715 quae
756 657 813 703 suut
827 654 858 705 ad
870 655 939 714 uren,

141 743 170 781 ex
180 730 225 780 tine
239 732 367 793 sumuntuq
382 725 519 791 principium
530 730 606 775 antem
619 738 667 774 uon
676 724 738 775 cadit
750 725 795 774 suh
808 727 939 789 quaestione,

141 802 181 851 sed
195 798 306 865 principia
322 801 411 864 oportet
429 809 558 861 supponere
571 795 671 845 inomni
687 795 843 858 inquisitione
859 799 939 858 :unde

142 885 194 923 eum
207 871 328 923 consilium
345 870 375 921 sit
391 872 499 934 questio,
513 869 541 918 de
560 867 604 918 dne
623 880 671 918 uon
692 870 729 917 est
747 868 892 932 consitium,
907 869 940 920 sed
974 901 975 936 q

142 945 215 995 solum
225 946 257 1002 de
266 942 303 994 luis
316 956 366 1007 qnae
381 941 471 993 suntad
482 941 561 991 tinem.
574 940 661 990 Tamen
675 940 792 1003 contingit
807 941 831 992 id
840 942 903 1004 quod
912 948 940 991 est

143 1015 195 1066 finis
205 1018 311 1079 respectu
321 1013 477 1078 quorumdam,
487 1010 586 1063 ordinari
596 1010 625 1061 ad
634 1010 705 1061 alium
713 1011 800 1076 finem;
811 1013 872 1066 ucnt
880 1015 940 1064 amn

142 1084 166 1136 id
179 1088 239 1149 quod
255 1090 290 1136 est
305 1084 442 1149 principium
457 1082 524 1136 unias
542 1082 757 1143 demonstrationis,
776 1088 816 1134 est
833 1085 940 1136 conclusio
975 1117 977 1176 q

143 1156 235 1207 alterins
249 1173 255 1207 :
269 1161 292 1207 et
301 1157 352 1208 ideo
363 1156 387 1207 id
400 1157 459 1221 quod
477 1154 586 1220 accipitur
595 1157 622 1204 ut
632 1154 685 1204 finis
695 1154 721 1205 in
730 1168 779 1206 una
789 1155 940 1220 inquisitione,

143 1231 218 1292 potest
237 1229 309 1294 accipi
325 1233 352 1279 ut
364 1226 400 1278 cd
416 1229 491 1293 finem
506 1228 532 1277 in
545 1227 589 1279 alia
603 1226 768 1292 inquisitionc3
785 1233 811 1280 ct
830 1229 866 1283 sic
878 1232 907 1282 de
919 1243 941 1280 et
965 1266 970 1272 ·

144 1302 186 1351 erit
196 1300 322 1351 consilium.

175 1374 209 1423 Ad
222 1373 320 1437 primum
336 1386 388 1436 ergo
402 1372 536 1436 dicendum,
549 1370 608 1435 qndd
622 1370 646 1421 id
660 1372 721 1437 qnod
734 1373 847 1438 accipitur
858 1378 884 1424 ut
896 1375 940 1423 finis

143 1450 178 1497 est
196 1446 243 1509 jam
257 1445 448 1497 determinatum:
465 1444 526 1494 nnde
544 1442 651 1507 quamdiu
664 1444 763 1494 habetur
778 1446 888 1511 dubium,
903 1460 941 1496 non

143 1518 240 1567 habetur
258 1517 323 1581 finis3
336 1520 359 1567 et
372 1516 436 1579 idco,
453 1515 516 1565 side
534 1528 561 1565 co
575 1515 696 1565 consilium
714 1516 827 1583 hahetur,
843 1532 892 1570 non
905 1517 940 1569 erit

143 1588 263 1641 consilium
279 1590 307 1639 de
322 1588 380 1651 flue,
391 1587 431 1639 sed
445 1587 473 1638 de
483 1600 512 1639 eo
522 1587 583 1651 quod
598 1588 673 1639 estad
686 1586 767 1639 finem.
889 1637 893 1647 ,
976 1641 978 1672 Ι

174 1657 208 1709 Ad
221 1660 346 1710 secundum
356 1658 494 1721 dicendum,
512 1657 616 1722 quidde
632 1660 804 1723 operationibus
823 1665 859 1713 est
876 1662 943 1715 oonsi-
976 1675 978 1722 p

103 1764 106 1769 -
142 1730 198 1781 lium
209 1729 234 1778 in
245 1732 354 1793 quamnm
364 1729 494 1781 ordinantur
506 1730 533 1780 ad
546 1730 645 1795 aliquem
656 1730 726 1783 tinem
739 1732 835 1795 zenae,
845 1733 867 1784 si
876 1733 943 1798 aliqua

143 1798 245 1865 operatio
260 1802 359 1852 humana
373 1801 404 1853 sit
416 1800 482 1865 tinis,
495 1801 525 1853 de
538 1814 580 1867 ea,
590 1802 616 1853 in
626 1806 737 1867 quantum
749 1804 894 1870 hujusmodi,
905 1816 944 1855 nou

144 1876 181 1923 est
191 1870 320 1923 consilium.

432 1973 593 2025 sustentus
609 1973 650 2023 111.

186 2081 271 2129 Utrdm
285 2081 412 2127 consitium
420 2082 452 2125 sit
461 2082 540 2128 solum
548 2081 577 2127 de
585 2081 622 2127 ltin
631 2093 683 2139 quor
692 2082 707 2127 d
716 2081 784 2127 uobis
794 2086 914 2141 aptentur.

178 2192 211 2242 td
227 2190 318 2242 tertium
335 2189 368 2241 sic
378 2189 511 2254 proceditur
526 2189 566 2254 (t).
582 2189 677 2240 videtur
692 2189 753 2253 qudd
766 2192 890 2242 consilium
905 2203 944 2241 non

146 2262 176 2314 sit
192 2263 264 2313 solnm
275 2264 302 2313 de
316 2261 354 2313 his
367 2274 418 2325 que
434 2264 534 2325 aguntur
545 2261 559 2312 i
572 2262 649 2312 notris.
663 2262 790 2312 Consilium
804 2264 870 2314 enim
884 2264 944 2315 coitu-

145 2334 229 2385 tionem
248 2335 368 2398 quamdam
388 2333 504 2397 importat.
519 2334 562 2383 Sed
584 2332 674 2384 collado
691 2334 752 2384 inter
767 2337 855 2387 multos
875 2340 944 2401 potest

146 2405 195 2456 sieri
210 2406 278 2455 etiam
288 2407 316 2456 de
330 2406 397 2455 rebus
407 2404 573 2465 immobilibus,
586 2418 636 2469 qnae
648 2417 695 2456 non
708 2405 767 2454 finnt
776 2406 789 2455 d
799 2407 887 2473 nobis,
899 2407 945 2471 puni

146 2476 173 2526 de
187 2477 274 2526 naturis
292 2490 376 2527 rerum.
391 2477 449 2539 Ergo
467 2474 588 2526 consilium
601 2489 647 2526 non
665 2476 738 2527 solum
753 2481 789 2528 est
800 2478 830 2527 de
844 2480 883 2529 iris
902 2491 946 2541 quc

147 2550 243 2612 aguntur
255 2546 269 2596 i
279 2548 353 2598 nobis.

178 2621 200 2668 2.
218 2620 349 2683 Praeterea,
364 2619 468 2673 homines
490 2619 605 2671 interdum
625 2620 722 2671 consilia
743 2624 848 2684 querunt
864 2622 893 2671 de
914 2617 946 2669 iris

145 2702 196 2752 quae
204 2693 258 2740 sunt
266 2691 315 2752 iege
325 2693 418 2753 statuta,
429 2692 489 2742 unde
496 2692 707 2755 etjurisconnulti
715 2691 830 2755 dicuntnr;
839 2697 864 2742 et
873 2697 945 2741 umen

180 2812 211 2874 (i)
226 2816 306 2861 Dedris
317 2814 420 2861 etiamin
435 2818 463 2875 ἢ,
478 2818 883 2879 a,qn.to,nrt.a;et1n,sm.,
893 2820 943 2864 dist

145 2872 185 2931 3⁵2
196 2887 236 2931 ‘1²¹-
248 2877 277 2935 2,
288 2882 332 2922 art·
346 2873 377 2935 4,
388 2880 525 2934 quendum.
537 2881 565 2939 1;
576 2888 600 2929 et
614 2883 639 2929 in
651 2884 693 2930 111.
708 2884 801 2937 netto,
810 2884 867 2929 tect.
879 2883 904 2929 7.
