1984 3309
237 113 269 150 DE
284 112 350 150 10110
366 112 396 150 ΕΤ
411 113 501 152 oanllllt
513 114 689 154 missnensem.
823 109 871 156 2⁸3

70 190 93 236 τ’
108 185 188 238 lltrmu
207 202 267 238 unus
281 188 354 252 pessit
369 191 474 243 esuriem
490 203 540 242 reru
557 192 639 245 melius
652 192 784 256 intelligere
804 193 872 258 quim

70 257 134 308 alins.
150 264 175 308 8⁰
189 261 269 310 Utrum
287 259 417 312 intellectus
428 265 505 312 uester
516 262 632 326 perprius
646 267 767 328 cognoseat
782 264 869 318 indivi-

68 328 129 380 sibile
144 330 213 394 quim
228 330 352 382 divisibile.
608 340 610 343 ’

372 485 529 537 ninculus
544 487 563 536 1.

83 599 152 643 “nim
161 599 297 658 intellectus
306 603 387 642 aester
394 600 516 659 tateltiqat
526 613 563 644 ree
573 614 696 659 corporeae
705 606 728 648 et
734 605 873 651 materiales

225 674 270 718 per
276 663 459 706 abstractionem
468 663 705 720 aphaataematibrss.

164 780 241 832 imam
250 780 284 830 sie
294 780 473 844 pmeerlitmllt.
484 781 579 832 Videtur
589 781 649 845 qnbd
657 782 787 834 intellectus
795 789 872 836 uester

182 852 237 914 'igat
249 864 290 902 res
306 865 426 915 resparsus
438 856 463 902 et
473 853 603 904 mahumetes
614 867 655 918 uer
668 855 842 907 abstractionem
858 855 872 907 l

190 923 266 973 stibus.
276 923 413 986 Quicunque
422 925 484 974 enim
492 924 624 976 intellectus
633 925 741 988 iutelligit
750 937 801 977 rem
808 928 873 979 aliter

183 1033 192 1058 ,
208 998 245 1046 est
262 995 342 1046 falsus.
358 995 444 1047 Ferme
464 999 540 1046 autam
562 1009 636 1046 renim
654 999 806 1049 materialium
825 1013 872 1050 nun

174 1070 262 1120 straete
282 1067 496 1130 ipsrtianhribas,
514 1081 608 1132 quornm
633 1069 796 1121 similitudines
818 1074 873 1122 snut

165 1141 231 1192 nau.
244 1138 271 1188 Si
284 1151 339 1201 erga
353 1137 505 1203 intelligimus
519 1153 557 1190 res
574 1141 702 1192 materiales
717 1155 759 1205 pen
770 1143 872 1193 abstrue-

165 1210 293 1274 specierum
305 1209 540 1275 iphantusmatibus,
552 1211 596 1262 erit
609 1213 697 1263 falsitas
709 1212 734 1262 in
749 1213 871 1266 intellectu

91 1360 115 1404 al.
132 1319 260 1415 thebeus,
273 1366 310 1404 res
325 1355 454 1406 materiales
469 1359 573 1406 austres
587 1357 719 1418 naturales,
733 1355 758 1406 in
771 1370 868 1421 quarum

65 1425 194 1476 delinitione
215 1424 275 1476 eadit
293 1425 398 1476 materia.
415 1427 462 1477 Sed
483 1427 541 1478 nihil
557 1430 632 1492 petest
652 1427 751 1492 intelligi
766 1428 821 1480 sine
843 1443 871 1482 eo

62 1499 121 1559 quad
135 1497 200 1548 eadit
213 1497 238 1546 iu
256 1497 394 1548 dilllnitiene
410 1499 471 1564 ejus.
486 1501 545 1564 Ergo
558 1513 596 1550 res
610 1500 741 1550 maumites
756 1511 804 1550 neu
818 1515 872 1565 pas-

64 1573 115 1619 sunt
136 1568 238 1632 intelligi
258 1569 309 1620 sine
329 1571 434 1623 materia.
452 1572 498 1622 Sed
518 1572 613 1622 materis
631 1575 666 1622 est
683 1571 871 1624 individualisnis

63 1641 208 1706 paneipium.
221 1642 281 1704 Erga
301 1655 339 1693 res
349 1643 476 1694 matsnules
490 1658 537 1694 nun
548 1648 644 1708 pessunt
656 1643 752 1708 intelligi
764 1657 806 1708 per
819 1644 870 1695 ebs·
913 1688 921 1713 ,

64 1713 199 1766 tractionem
210 1712 347 1779 universalis
361 1714 517 1778 inerticulam
523 1717 540 1779 ,t
549 1717 610 1784 qued
624 1720 659 1766 est
670 1717 801 1768 abstrahere
820 1729 870 1780 spe·

65 1785 110 1835 sies
123 1783 285 1847 intelligibiles
301 1785 315 1834 i
328 1787 535 1849 phantasmatibus.

92 1861 115 1905 3.
131 1859 258 1919 Praeterea,
269 1857 294 1906 in
304 1858 345 1906 lll.
355 1860 393 1907 De
405 1858 596 1922 animalilibus,
607 1859 669 1923 qubd
684 1860 870 1923 «phantasmate

64 1943 87 1980 se
101 1930 190 1980 habent
205 1929 235 1977 ad
251 1928 352 1979 unimam
364 1929 528 1980 intelleetivam
546 1930 605 1980 sieut
616 1931 703 1981 eularaa
719 1931 748 1980 ad
759 1930 869 1981 visum.»

64 2003 104 2052 Sed
118 2000 180 2051 rislo
198 2013 246 2051 uun
261 2001 287 2050 fit
309 2015 350 2064 per
369 2002 544 2052 abstractionem
561 2002 688 2066 aliquarum
707 2001 867 2066 spesiermui

64 2071 190 2134 murium,
201 2071 243 2122 sed
255 2086 297 2135 per
305 2074 350 2123 hoe
358 2075 419 2137 qued
431 2073 519 2123 celares
532 2073 665 2136 imprimunt
675 2073 700 2122 iu
711 2072 794 2123 visam.
808 2074 866 2136 linge

64 2157 104 2194 nee
123 2143 256 2206 intelligere
272 2143 384 2208 confingit
396 2158 437 2209 per
454 2146 498 2195 hue
511 2144 572 2208 qubd
585 2144 671 2208 aliquid
685 2145 835 2197 ebershatur
856 2143 870 2194 l

63 2214 273 2279 phantasmalihua3
290 2218 330 2267 sed
351 2230 392 2280 per
407 2218 451 2266 hue
472 2216 533 2278 qued
553 2217 714 2279 phantasmata
732 2215 868 2278 imprimunt

64 2287 255 2338 inintellectum.

94 2363 116 2410 t.
132 2362 262 2422 Praenes,
276 2364 303 2410 ut
317 2359 399 2409 dieitur
419 2361 444 2410 in
461 2361 499 2409 lll.
515 2361 553 2409 De
570 2361 672 2416 auiam,
687 2360 711 2409 in
725 2359 871 2410 intulleetivs

63 2432 136 2482 arima
153 2436 209 2482 suut
227 2433 286 2492 due,
305 2431 394 2482 scilieet
411 2432 542 2483 intellectus
559 2432 677 2496 possibilis
691 2436 715 2482 et
728 2445 807 2496 agens.
823 2433 870 2482 Sed

64 2505 196 2555 abstrahere
206 2504 426 2566 lphautasmatibus
439 2505 530 2568 speeies
543 2504 697 2568 intelligibiles
708 2517 757 2554 nun
769 2503 870 2568 pertinet

65 2578 89 2625 ad
101 2577 247 2626 intellectum
259 2577 400 2640 passibilem,
413 2579 453 2627 sed
461 2577 564 2641 recipere
577 2577 666 2641 speeies
674 2577 722 2641 jam
735 2577 868 2640 abstractam

64 2649 101 2699 sed
115 2662 161 2698 nee
176 2647 247 2698 etiem
260 2648 351 2698 videtur
366 2649 480 2714 pertinere
495 2651 523 2699 al
540 2650 679 2699 intellectum
695 2652 812 2712 agentern,
830 2648 870 2712 qui

97 2775 129 2837 (1)
146 2780 180 2823 De
194 2777 231 2822 his
249 2777 319 2822 etlam
339 2776 414 2834 iniri,
428 2790 469 2832 qu.
489 2776 536 2836 86,
551 2783 595 2822 art.
611 2779 626 2822 2
647 2777 676 2822 ud
696 2777 724 2832 Q
740 2783 764 2823 et
779 2777 869 2825 Curetes

69 2840 148 2890 Gent„
160 2841 205 2886 lib.
215 2841 253 2900 11,
268 2852 321 2899 esp.
333 2838 377 2895 '155
392 2846 416 2886 et
427 2852 468 2898 qu.
484 2838 528 2900 te,
542 2839 578 2894 De
591 2841 676 2900 verit,
692 2845 736 2888 art.
752 2839 777 2892 5.Ι
