<?xml version="1.0" encoding="UTF-8"?>
<!DOCTYPE html PUBLIC "-//W3C//DTD XHTML 1.0 Transitional//EN"
    "http://www.w3.org/TR/xhtml1/DTD/xhtml1-transitional.dtd">
<html xmlns="http://www.w3.org/1999/xhtml" xml:lang="en" lang="en">
 <head>
  <title>
</title>
<meta http-equiv="Content-Type" content="text/html;charset=utf-8" />
  <meta name='ocr-system' content='tesseract 3.04.00' />
  <meta name='ocr-capabilities' content='ocr_page ocr_carea ocr_par ocr_line ocrx_word'/>
</head>
<body>
  <div class='ocr_page' id='page_1' title='image "./summatheologica00nicogoog_0882.png"; bbox 0 0 1984 3309; ppageno 0'>
   <div class='ocr_carea' id='block_1_1' title="bbox 148 76 876 124">
    <p class='ocr_par' dir='ltr' id='par_1_1' title="bbox 148 76 876 124">
     <span class='ocr_line' id='line_1_1' title="bbox 148 76 876 124; baseline 0.012 -9"><span class='ocrx_word' id='word_1_1' title='bbox 148 79 182 115; x_wconf 78' lang='lat' dir='ltr'><strong>nu</strong></span> <span class='ocrx_word' id='word_1_2' title='bbox 196 78 314 117; x_wconf 79' lang='lat' dir='ltr'><strong>nourrurn</strong></span> <span class='ocrx_word' id='word_1_3' title='bbox 322 81 351 118; x_wconf 85' lang='lat' dir='ltr'><strong>nn</strong></span> <span class='ocrx_word' id='word_1_4' title='bbox 363 79 459 118; x_wconf 78' lang='lat' dir='ltr'><strong>nonnam</strong></span> <span class='ocrx_word' id='word_1_5' title='bbox 471 78 547 120; x_wconf 76' lang='lat' dir='ltr'><strong>torus</strong></span> <span class='ocrx_word' id='word_1_6' title='bbox 557 80 636 120; x_wconf 78' lang='lat' dir='ltr'><strong>nmen.</strong></span> <span class='ocrx_word' id='word_1_7' title='bbox 648 82 804 124; x_wconf 82' lang='lat' dir='ltr'><strong>vonnnrurrs.</strong></span> <span class='ocrx_word' id='word_1_8' title='bbox 831 76 876 124; x_wconf 77' lang='grc'><strong>877</strong></span> 
     </span>
    </p>
   </div>
   <div class='ocr_carea' id='block_1_2' title="bbox 61 154 876 585">
    <p class='ocr_par' dir='ltr' id='par_1_2' title="bbox 61 154 876 585">
     <span class='ocr_line' id='line_1_2' title="bbox 61 154 876 227; baseline 0.01 -21"><span class='ocrx_word' id='word_1_9' title='bbox 61 154 167 207; x_wconf 79' lang='lat' dir='ltr'><strong>bonitas</strong></span> <span class='ocrx_word' id='word_1_10' title='bbox 181 156 318 219; x_wconf 78' lang='lat' dir='ltr'><strong>volontatis,</strong></span> <span class='ocrx_word' id='word_1_11' title='bbox 333 157 358 207; x_wconf 89' lang='lat' dir='ltr'><strong>in</strong></span> <span class='ocrx_word' id='word_1_12' title='bbox 372 158 409 208; x_wconf 87' lang='lat' dir='ltr'><strong>his</strong></span> <span class='ocrx_word' id='word_1_13' title='bbox 425 172 476 222; x_wconf 86' lang='lat' dir='ltr'><strong>quan</strong></span> <span class='ocrx_word' id='word_1_14' title='bbox 495 163 549 209; x_wconf 86' lang='lat' dir='ltr'><strong>sunt</strong></span> <span class='ocrx_word' id='word_1_15' title='bbox 570 161 599 209; x_wconf 84' lang='lat' dir='ltr'><strong>ad</strong></span> <span class='ocrx_word' id='word_1_16' title='bbox 612 160 694 223; x_wconf 86' lang='lat' dir='ltr'><strong>finem,</strong></span> <span class='ocrx_word' id='word_1_17' title='bbox 706 162 832 227; x_wconf 78' lang='lat' dir='ltr'>dependeat</span> <span class='ocrx_word' id='word_1_18' title='bbox 847 176 876 215; x_wconf 79' lang='lat' dir='ltr'><strong>en</strong></span> 
     </span>
     <span class='ocr_line' id='line_1_3' title="bbox 61 226 876 292; baseline 0.012 -17"><span class='ocrx_word' id='word_1_19' title='bbox 61 226 202 277; x_wconf 86' lang='lat' dir='ltr'><strong>intentione</strong></span> <span class='ocrx_word' id='word_1_20' title='bbox 221 228 281 278; x_wconf 87' lang='lat' dir='ltr'><strong>finis.</strong></span> <span class='ocrx_word' id='word_1_21' title='bbox 302 234 329 278; x_wconf 85' lang='lat'><strong>8⁰</strong></span> <span class='ocrx_word' id='word_1_22' title='bbox 344 228 422 279; x_wconf 82' lang='lat' dir='ltr'><strong>Utrirm</strong></span> <span class='ocrx_word' id='word_1_23' title='bbox 439 231 556 292; x_wconf 77' lang='lat' dir='ltr'><strong>quantitas</strong></span> <span class='ocrx_word' id='word_1_24' title='bbox 567 232 676 282; x_wconf 86' lang='lat' dir='ltr'><strong>bonitatis</strong></span> <span class='ocrx_word' id='word_1_25' title='bbox 691 234 729 283; x_wconf 86' lang='lat' dir='ltr'><strong>vet</strong></span> <span class='ocrx_word' id='word_1_26' title='bbox 742 234 834 285; x_wconf 82' lang='lat' dir='ltr'><strong>malitiae</strong></span> <span class='ocrx_word' id='word_1_27' title='bbox 851 235 876 285; x_wconf 89' lang='lat' dir='ltr'><strong>in</strong></span> 
     </span>
     <span class='ocr_line' id='line_1_4' title="bbox 62 300 874 365; baseline 0.014 -17"><span class='ocrx_word' id='word_1_28' title='bbox 62 300 196 350; x_wconf 83' lang='lat' dir='ltr'><strong>voluntate</strong></span> <span class='ocrx_word' id='word_1_29' title='bbox 212 304 319 363; x_wconf 86' lang='lat' dir='ltr'><strong>sequatur</strong></span> <span class='ocrx_word' id='word_1_30' title='bbox 340 301 488 365; x_wconf 70' lang='lat' dir='ltr'><strong>quantitatem</strong></span> <span class='ocrx_word' id='word_1_31' title='bbox 504 303 558 353; x_wconf 85' lang='lat' dir='ltr'><strong>boni</strong></span> <span class='ocrx_word' id='word_1_32' title='bbox 571 305 608 353; x_wconf 78' lang='lat' dir='ltr'><strong>net</strong></span> <span class='ocrx_word' id='word_1_33' title='bbox 626 305 680 354; x_wconf 86' lang='lat' dir='ltr'><strong>mati</strong></span> <span class='ocrx_word' id='word_1_34' title='bbox 696 306 721 354; x_wconf 90' lang='lat' dir='ltr'><strong>in</strong></span> <span class='ocrx_word' id='word_1_35' title='bbox 739 306 874 359; x_wconf 87' lang='lat' dir='ltr'><strong>intentione.</strong></span> 
     </span>
     <span class='ocr_line' id='line_1_5' title="bbox 62 371 876 437; baseline 0.011 -17"><span class='ocrx_word' id='word_1_36' title='bbox 62 376 93 420; x_wconf 82' lang='lat'><strong>9⁰</strong></span> <span class='ocrx_word' id='word_1_37' title='bbox 105 373 148 421; x_wconf 75' lang='lat' dir='ltr'><strong>An</strong></span> <span class='ocrx_word' id='word_1_38' title='bbox 156 371 282 421; x_wconf 80' lang='lat' dir='ltr'><strong>voluntatis</strong></span> <span class='ocrx_word' id='word_1_39' title='bbox 295 372 384 423; x_wconf 82' lang='lat' dir='ltr'><strong>bonitas</strong></span> <span class='ocrx_word' id='word_1_40' title='bbox 399 374 525 437; x_wconf 71' lang='lat' dir='ltr'><strong>dependeat</strong></span> <span class='ocrx_word' id='word_1_41' title='bbox 536 388 566 424; x_wconf 82' lang='grc' dir='ltr'><strong>ει</strong></span> <span class='ocrx_word' id='word_1_42' title='bbox 580 376 739 427; x_wconf 74' lang='lat' dir='ltr'><strong>conformitate</strong></span> <span class='ocrx_word' id='word_1_43' title='bbox 754 378 782 428; x_wconf 78' lang='lat' dir='ltr'><strong>ad</strong></span> <span class='ocrx_word' id='word_1_44' title='bbox 792 379 876 429; x_wconf 83' lang='lat' dir='ltr'><strong>uolun-</strong></span> 
     </span>
     <span class='ocr_line' id='line_1_6' title="bbox 63 442 876 500; baseline 0.01 -8"><span class='ocrx_word' id='word_1_45' title='bbox 63 445 145 493; x_wconf 82' lang='lat' dir='ltr'><strong>tatonu</strong></span> <span class='ocrx_word' id='word_1_46' title='bbox 161 442 273 493; x_wconf 79' lang='lat' dir='ltr'><strong>diuinam.</strong></span> <span class='ocrx_word' id='word_1_47' title='bbox 288 448 331 493; x_wconf 79' lang='grc' dir='ltr'><strong>ιιιο</strong></span> <span class='ocrx_word' id='word_1_48' title='bbox 346 445 425 496; x_wconf 83' lang='lat' dir='ltr'><strong>Utrim</strong></span> <span class='ocrx_word' id='word_1_49' title='bbox 443 459 538 496; x_wconf 79' lang='lat' dir='ltr'><strong>neeesse</strong></span> <span class='ocrx_word' id='word_1_50' title='bbox 553 448 582 497; x_wconf 85' lang='lat' dir='ltr'><strong>ait</strong></span> <span class='ocrx_word' id='word_1_51' title='bbox 598 448 738 499; x_wconf 81' lang='lat' dir='ltr'><strong>volontatem</strong></span> <span class='ocrx_word' id='word_1_52' title='bbox 752 451 876 500; x_wconf 81' lang='lat' dir='ltr'><strong>humanam</strong></span> 
     </span>
     <span class='ocr_line' id='line_1_7' title="bbox 63 514 874 585; baseline 0.007 -19"><span class='ocrx_word' id='word_1_53' title='bbox 63 514 213 567; x_wconf 76' lang='lat' dir='ltr'><strong>conformari</strong></span> <span class='ocrx_word' id='word_1_54' title='bbox 226 514 309 570; x_wconf 80' lang='lat' dir='ltr'><strong>divina</strong></span> <span class='ocrx_word' id='word_1_55' title='bbox 327 516 439 568; x_wconf 82' lang='lat' dir='ltr'><strong>uoluntati</strong></span> <span class='ocrx_word' id='word_1_56' title='bbox 453 517 477 567; x_wconf 92' lang='lat' dir='ltr'><strong>in</strong></span> <span class='ocrx_word' id='word_1_57' title='bbox 493 518 575 583; x_wconf 79' lang='lat' dir='ltr'><strong>autito,</strong></span> <span class='ocrx_word' id='word_1_58' title='bbox 591 520 620 569; x_wconf 84' lang='lat' dir='ltr'><strong>ad</strong></span> <span class='ocrx_word' id='word_1_59' title='bbox 634 522 679 571; x_wconf 81' lang='lat' dir='ltr'><strong>hoo</strong></span> <span class='ocrx_word' id='word_1_60' title='bbox 692 523 751 585; x_wconf 88' lang='lat' dir='ltr'><strong>qnod</strong></span> <span class='ocrx_word' id='word_1_61' title='bbox 765 524 794 572; x_wconf 88' lang='lat' dir='ltr'><strong>stt</strong></span> <span class='ocrx_word' id='word_1_62' title='bbox 807 522 874 572; x_wconf 74' lang='lat' dir='ltr'><strong>bona,</strong></span> 
     </span>
    </p>
   </div>
   <div class='ocr_carea' id='block_1_3' title="bbox 192 670 758 856">
    <p class='ocr_par' dir='ltr' id='par_1_3' title="bbox 192 670 758 856">
     <span class='ocr_line' id='line_1_8' title="bbox 384 670 572 724; baseline 0.005 -2"><span class='ocrx_word' id='word_1_63' title='bbox 384 670 543 724; x_wconf 70' lang='lat' dir='ltr'><strong>inuentus</strong></span> <span class='ocrx_word' id='word_1_64' title='bbox 553 674 572 723; x_wconf 85' lang='lat'><strong>1.</strong></span> 
     </span>
     <span class='ocr_line' id='line_1_9' title="bbox 192 755 758 856; baseline 0.007 -16"><span class='ocrx_word' id='word_1_65' title='bbox 192 755 337 843; x_wconf 35' lang='lat' dir='ltr'><strong>Ao&#39;oooa&#39;tao</strong></span> <span class='ocrx_word' id='word_1_66' title='bbox 344 756 477 845; x_wconf 68' lang='lat' dir='ltr'><strong>uoluntatis</strong></span> <span class='ocrx_word' id='word_1_67' title='bbox 487 799 615 856; x_wconf 68' lang='lat' dir='ltr'><strong>deponam</strong></span> <span class='ocrx_word' id='word_1_68' title='bbox 624 810 654 844; x_wconf 78' lang='lat' dir='ltr'><strong>ex</strong></span> <span class='ocrx_word' id='word_1_69' title='bbox 662 800 758 855; x_wconf 75' lang='lat' dir='ltr'><strong>oojesto.</strong></span> 
     </span>
    </p>
   </div>
   <div class='ocr_carea' id='block_1_4' title="bbox 66 914 879 2565">
    <p class='ocr_par' dir='ltr' id='par_1_4' title="bbox 66 914 876 1327">
     <span class='ocr_line' id='line_1_10' title="bbox 101 914 876 985; baseline 0.006 -20"><span class='ocrx_word' id='word_1_70' title='bbox 101 915 141 965; x_wconf 78' lang='lat' dir='ltr'><strong>nd</strong></span> <span class='ocrx_word' id='word_1_71' title='bbox 153 914 254 980; x_wconf 87' lang='lat' dir='ltr'><strong>primum</strong></span> <span class='ocrx_word' id='word_1_72' title='bbox 267 915 300 967; x_wconf 86' lang='lat' dir='ltr'><strong>sic</strong></span> <span class='ocrx_word' id='word_1_73' title='bbox 316 915 454 985; x_wconf 71' lang='lat' dir='ltr'><strong>proceditur.</strong></span> <span class='ocrx_word' id='word_1_74' title='bbox 468 914 561 967; x_wconf 87' lang='lat' dir='ltr'><strong>Videtur</strong></span> <span class='ocrx_word' id='word_1_75' title='bbox 575 916 636 981; x_wconf 79' lang='lat' dir='ltr'><strong>quod</strong></span> <span class='ocrx_word' id='word_1_76' title='bbox 649 917 738 968; x_wconf 84' lang='lat' dir='ltr'><strong>bonitas</strong></span> <span class='ocrx_word' id='word_1_77' title='bbox 752 920 876 971; x_wconf 86' lang='lat' dir='ltr'><strong>uoluntatis</strong></span> 
     </span>
     <span class='ocr_line' id='line_1_11' title="bbox 66 986 875 1053; baseline 0.005 -16"><span class='ocrx_word' id='word_1_78' title='bbox 66 1001 118 1037; x_wconf 93' lang='lat' dir='ltr'><strong>non</strong></span> <span class='ocrx_word' id='word_1_79' title='bbox 132 987 247 1051; x_wconf 86' lang='lat' dir='ltr'><strong>dependet</strong></span> <span class='ocrx_word' id='word_1_80' title='bbox 260 1000 289 1037; x_wconf 79' lang='lat' dir='ltr'><strong>er</strong></span> <span class='ocrx_word' id='word_1_81' title='bbox 302 986 399 1051; x_wconf 82' lang='lat' dir='ltr'><strong>objecto.</strong></span> <span class='ocrx_word' id='word_1_82' title='bbox 416 988 526 1039; x_wconf 82' lang='lat' dir='ltr'><strong>Voluntas</strong></span> <span class='ocrx_word' id='word_1_83' title='bbox 539 990 599 1039; x_wconf 89' lang='lat' dir='ltr'><strong>eninr</strong></span> <span class='ocrx_word' id='word_1_84' title='bbox 615 1003 662 1040; x_wconf 88' lang='lat' dir='ltr'><strong>non</strong></span> <span class='ocrx_word' id='word_1_85' title='bbox 675 993 751 1053; x_wconf 88' lang='lat' dir='ltr'><strong>potest</strong></span> <span class='ocrx_word' id='word_1_86' title='bbox 764 1004 816 1041; x_wconf 81' lang='lat' dir='ltr'><strong>esse</strong></span> <span class='ocrx_word' id='word_1_87' title='bbox 829 991 875 1041; x_wconf 85' lang='lat' dir='ltr'><strong>nisi</strong></span> 
     </span>
     <span class='ocr_line' id='line_1_12' title="bbox 66 1056 875 1127; baseline 0.007 -20"><span class='ocrx_word' id='word_1_88' title='bbox 66 1056 142 1122; x_wconf 86' lang='lat' dir='ltr'><strong>nuui;</strong></span> <span class='ocrx_word' id='word_1_89' title='bbox 163 1058 217 1121; x_wconf 87' lang='lat' dir='ltr'><strong>quia</strong></span> <span class='ocrx_word' id='word_1_90' title='bbox 233 1076 246 1106; x_wconf 84' lang='lat' dir='ltr'><strong>u</strong></span> <span class='ocrx_word' id='word_1_91' title='bbox 258 1058 341 1109; x_wconf 89' lang='lat' dir='ltr'><strong>malurn</strong></span> <span class='ocrx_word' id='word_1_92' title='bbox 357 1062 391 1109; x_wconf 89' lang='grc' dir='ltr'><strong>εει</strong></span> <span class='ocrx_word' id='word_1_93' title='bbox 407 1064 488 1123; x_wconf 79' lang='lat' dir='ltr'><strong>preter</strong></span> <span class='ocrx_word' id='word_1_94' title='bbox 506 1060 662 1125; x_wconf 85' lang='lat' dir='ltr'><strong>uoluntatem,</strong></span> <span class='ocrx_word' id='word_1_95' title='bbox 678 1078 692 1108; x_wconf 87' lang='lat' dir='ltr'><strong>u</strong></span> <span class='ocrx_word' id='word_1_96' title='bbox 709 1070 735 1111; x_wconf 86' lang='lat' dir='ltr'><strong>nt</strong></span> <span class='ocrx_word' id='word_1_97' title='bbox 752 1062 875 1127; x_wconf 72' lang='lat' dir='ltr'><strong>Dionysius</strong></span> 
     </span>
     <span class='ocr_line' id='line_1_13' title="bbox 67 1130 876 1198; baseline 0.002 -17"><span class='ocrx_word' id='word_1_98' title='bbox 67 1130 129 1181; x_wconf 82' lang='lat' dir='ltr'><strong>dicit</strong></span> <span class='ocrx_word' id='word_1_99' title='bbox 139 1130 179 1179; x_wconf 83' lang='lat' dir='ltr'><strong>tv.</strong></span> <span class='ocrx_word' id='word_1_100' title='bbox 191 1144 242 1195; x_wconf 86' lang='lat' dir='ltr'><strong>oap.</strong></span> <span class='ocrx_word' id='word_1_101' title='bbox 254 1132 291 1181; x_wconf 88' lang='lat' dir='ltr'><strong>De</strong></span> <span class='ocrx_word' id='word_1_102' title='bbox 303 1132 354 1181; x_wconf 78' lang='lat' dir='ltr'><strong>div.</strong></span> <span class='ocrx_word' id='word_1_103' title='bbox 369 1132 445 1183; x_wconf 82' lang='lat' dir='ltr'><strong>Nom.</strong></span> <span class='ocrx_word' id='word_1_104' title='bbox 457 1132 482 1182; x_wconf 87' lang='lat' dir='ltr'><strong>Si</strong></span> <span class='ocrx_word' id='word_1_105' title='bbox 496 1132 567 1195; x_wconf 80' lang='lat' dir='ltr'><strong>igitur</strong></span> <span class='ocrx_word' id='word_1_106' title='bbox 575 1133 665 1184; x_wconf 85' lang='lat' dir='ltr'><strong>bonitas</strong></span> <span class='ocrx_word' id='word_1_107' title='bbox 678 1134 801 1185; x_wconf 78' lang='lat' dir='ltr'><strong>uoluntatis</strong></span> <span class='ocrx_word' id='word_1_108' title='bbox 814 1134 876 1198; x_wconf 85' lang='lat' dir='ltr'><strong>judi-</strong></span> 
     </span>
     <span class='ocr_line' id='line_1_14' title="bbox 66 1202 876 1269; baseline 0.002 -16"><span class='ocrx_word' id='word_1_109' title='bbox 66 1205 165 1253; x_wconf 82' lang='lat' dir='ltr'><strong>caretur</strong></span> <span class='ocrx_word' id='word_1_110' title='bbox 177 1215 205 1251; x_wconf 84' lang='lat' dir='ltr'><strong>ex</strong></span> <span class='ocrx_word' id='word_1_111' title='bbox 215 1202 313 1266; x_wconf 83' lang='lat' dir='ltr'><strong>objecto,</strong></span> <span class='ocrx_word' id='word_1_112' title='bbox 324 1206 454 1269; x_wconf 86' lang='lat' dir='ltr'><strong>sequeretur</strong></span> <span class='ocrx_word' id='word_1_113' title='bbox 464 1204 525 1269; x_wconf 87' lang='lat' dir='ltr'><strong>quod</strong></span> <span class='ocrx_word' id='word_1_114' title='bbox 535 1204 608 1255; x_wconf 87' lang='lat' dir='ltr'><strong>omnis</strong></span> <span class='ocrx_word' id='word_1_115' title='bbox 620 1204 727 1256; x_wconf 85' lang='lat' dir='ltr'><strong>uoluntas</strong></span> <span class='ocrx_word' id='word_1_116' title='bbox 736 1209 798 1257; x_wconf 88' lang='grc' dir='ltr'><strong>εεεει</strong></span> <span class='ocrx_word' id='word_1_117' title='bbox 806 1204 876 1269; x_wconf 82' lang='lat' dir='ltr'><strong>bona,</strong></span> 
     </span>
     <span class='ocr_line' id='line_1_15' title="bbox 66 1274 323 1327; baseline 0 -1"><span class='ocrx_word' id='word_1_118' title='bbox 66 1278 91 1327; x_wconf 90' lang='lat' dir='ltr'><strong>et</strong></span> <span class='ocrx_word' id='word_1_119' title='bbox 103 1274 172 1325; x_wconf 78' lang='lat' dir='ltr'><strong>nmio</strong></span> <span class='ocrx_word' id='word_1_120' title='bbox 184 1277 244 1325; x_wconf 86' lang='lat' dir='ltr'><strong>esset</strong></span> <span class='ocrx_word' id='word_1_121' title='bbox 257 1276 323 1326; x_wconf 88' lang='lat' dir='ltr'><strong>mala.</strong></span> 
     </span>
    </p>

    <p class='ocr_par' dir='ltr' id='par_1_5' title="bbox 67 1344 879 1773">
     <span class='ocr_line' id='line_1_16' title="bbox 102 1344 878 1413; baseline 0.006 -18"><span class='ocrx_word' id='word_1_122' title='bbox 102 1350 130 1396; x_wconf 70' lang='grc' dir='ltr'><strong>Ξ,</strong></span> <span class='ocrx_word' id='word_1_123' title='bbox 145 1346 276 1409; x_wconf 76' lang='lat' dir='ltr'><strong>Proteum,</strong></span> <span class='ocrx_word' id='word_1_124' title='bbox 289 1344 382 1399; x_wconf 84' lang='lat' dir='ltr'><strong>bonum</strong></span> <span class='ocrx_word' id='word_1_125' title='bbox 393 1362 433 1413; x_wconf 87' lang='lat' dir='ltr'><strong>per</strong></span> <span class='ocrx_word' id='word_1_126' title='bbox 447 1348 511 1413; x_wconf 87' lang='lat' dir='ltr'><strong>prius</strong></span> <span class='ocrx_word' id='word_1_127' title='bbox 523 1349 637 1400; x_wconf 82' lang='lat' dir='ltr'><strong>inuenitur</strong></span> <span class='ocrx_word' id='word_1_128' title='bbox 649 1347 672 1399; x_wconf 93' lang='lat' dir='ltr'><strong>iu</strong></span> <span class='ocrx_word' id='word_1_129' title='bbox 689 1350 733 1399; x_wconf 85' lang='lat' dir='ltr'><strong>tine</strong></span> <span class='ocrx_word' id='word_1_130' title='bbox 746 1364 752 1396; x_wconf 88' lang='lat'>:</span> <span class='ocrx_word' id='word_1_131' title='bbox 766 1349 824 1397; x_wconf 84' lang='lat' dir='ltr'><strong>uude</strong></span> <span class='ocrx_word' id='word_1_132' title='bbox 837 1349 878 1400; x_wconf 86' lang='lat' dir='ltr'><strong>bo-</strong></span> 
     </span>
     <span class='ocr_line' id='line_1_17' title="bbox 67 1415 877 1485; baseline 0 -15"><span class='ocrx_word' id='word_1_133' title='bbox 67 1418 137 1470; x_wconf 88' lang='lat' dir='ltr'><strong>nitas</strong></span> <span class='ocrx_word' id='word_1_134' title='bbox 155 1415 222 1479; x_wconf 84' lang='lat' dir='ltr'><strong>finis,</strong></span> <span class='ocrx_word' id='word_1_135' title='bbox 237 1416 385 1482; x_wconf 88' lang='lat' dir='ltr'><strong>inquantum</strong></span> <span class='ocrx_word' id='word_1_136' title='bbox 403 1420 550 1485; x_wconf 84' lang='lat' dir='ltr'><strong>hujusmodi,</strong></span> <span class='ocrx_word' id='word_1_137' title='bbox 563 1434 609 1472; x_wconf 89' lang='lat' dir='ltr'><strong>non</strong></span> <span class='ocrx_word' id='word_1_138' title='bbox 624 1421 737 1484; x_wconf 86' lang='lat' dir='ltr'><strong>dependet</strong></span> <span class='ocrx_word' id='word_1_139' title='bbox 755 1420 784 1471; x_wconf 91' lang='lat' dir='ltr'><strong>ab</strong></span> <span class='ocrx_word' id='word_1_140' title='bbox 801 1419 877 1483; x_wconf 90' lang='lat' dir='ltr'><strong>aliquo</strong></span> 
     </span>
     <span class='ocr_line' id='line_1_18' title="bbox 67 1490 877 1555; baseline 0.001 -15"><span class='ocrx_word' id='word_1_141' title='bbox 67 1490 127 1541; x_wconf 89' lang='lat' dir='ltr'><strong>alio.</strong></span> <span class='ocrx_word' id='word_1_142' title='bbox 145 1490 207 1553; x_wconf 85' lang='lat' dir='ltr'><strong>Sed,</strong></span> <span class='ocrx_word' id='word_1_143' title='bbox 222 1490 346 1542; x_wconf 76' lang='lat' dir='ltr'><strong>secundum</strong></span> <span class='ocrx_word' id='word_1_144' title='bbox 363 1490 527 1555; x_wconf 81' lang='lat' dir='ltr'><strong>Philosophum</strong></span> <span class='ocrx_word' id='word_1_145' title='bbox 541 1492 566 1541; x_wconf 83' lang='lat' dir='ltr'><strong>&#39;ur</strong></span> <span class='ocrx_word' id='word_1_146' title='bbox 581 1494 619 1542; x_wconf 86' lang='lat' dir='ltr'><strong>Vl.</strong></span> <span class='ocrx_word' id='word_1_147' title='bbox 637 1492 722 1543; x_wconf 78' lang='grc' dir='ltr'><strong>Ειιίε.</strong></span> <span class='ocrx_word' id='word_1_148' title='bbox 737 1491 782 1555; x_wconf 80' lang='grc' dir='ltr'><strong>(ι),</strong></span> <span class='ocrx_word' id='word_1_149' title='bbox 792 1492 877 1541; x_wconf 88' lang='lat' dir='ltr'><strong>«Bona</strong></span> 
     </span>
     <span class='ocr_line' id='line_1_19' title="bbox 68 1560 876 1627; baseline 0.001 -15"><span class='ocrx_word' id='word_1_150' title='bbox 68 1562 136 1613; x_wconf 88' lang='lat' dir='ltr'><strong>actio</strong></span> <span class='ocrx_word' id='word_1_151' title='bbox 150 1563 187 1611; x_wconf 86' lang='grc' dir='ltr'><strong>εει</strong></span> <span class='ocrx_word' id='word_1_152' title='bbox 200 1560 265 1625; x_wconf 86' lang='lat' dir='ltr'><strong>tinia,</strong></span> <span class='ocrx_word' id='word_1_153' title='bbox 274 1562 328 1613; x_wconf 86' lang='lat' dir='ltr'><strong>lieet</strong></span> <span class='ocrx_word' id='word_1_154' title='bbox 341 1562 410 1614; x_wconf 85' lang='lat' dir='ltr'><strong>tactio</strong></span> <span class='ocrx_word' id='word_1_155' title='bbox 424 1577 541 1627; x_wconf 85' lang='lat' dir='ltr'><strong>nunquam</strong></span> <span class='ocrx_word' id='word_1_156' title='bbox 553 1564 583 1614; x_wconf 90' lang='lat' dir='ltr'><strong>sit</strong></span> <span class='ocrx_word' id='word_1_157' title='bbox 595 1562 655 1627; x_wconf 82' lang='lat' dir='ltr'><strong>finis,</strong></span> <span class='ocrx_word' id='word_1_158' title='bbox 664 1580 678 1610; x_wconf 86' lang='lat' dir='ltr'><strong>u</strong></span> <span class='ocrx_word' id='word_1_159' title='bbox 688 1562 803 1614; x_wconf 87' lang='lat' dir='ltr'><strong>ordinatur</strong></span> <span class='ocrx_word' id='word_1_160' title='bbox 815 1562 876 1613; x_wconf 87' lang='lat' dir='ltr'><strong>enim</strong></span> 
     </span>
     <span class='ocr_line' id='line_1_20' title="bbox 68 1632 879 1700; baseline 0 -15"><span class='ocrx_word' id='word_1_161' title='bbox 68 1646 170 1698; x_wconf 85' lang='lat' dir='ltr'><strong>semper</strong></span> <span class='ocrx_word' id='word_1_162' title='bbox 186 1632 245 1683; x_wconf 84' lang='lat' dir='ltr'><strong>sicut</strong></span> <span class='ocrx_word' id='word_1_163' title='bbox 259 1635 367 1686; x_wconf 83' lang='lat' dir='ltr'><strong>adfinem</strong></span> <span class='ocrx_word' id='word_1_164' title='bbox 384 1637 411 1686; x_wconf 88' lang='lat' dir='ltr'><strong>ad</strong></span> <span class='ocrx_word' id='word_1_165' title='bbox 425 1634 511 1700; x_wconf 89' lang='lat' dir='ltr'><strong>aliquid</strong></span> <span class='ocrx_word' id='word_1_166' title='bbox 527 1636 620 1687; x_wconf 84' lang='lat' dir='ltr'><strong>fastum.</strong></span> <span class='ocrx_word' id='word_1_167' title='bbox 634 1637 693 1700; x_wconf 75' lang='lat' dir='ltr'><strong>Ergo</strong></span> <span class='ocrx_word' id='word_1_168' title='bbox 710 1634 800 1686; x_wconf 85' lang='lat' dir='ltr'><strong>bonitas</strong></span> <span class='ocrx_word' id='word_1_169' title='bbox 814 1638 879 1685; x_wconf 79' lang='lat' dir='ltr'><strong>actus</strong></span> 
     </span>
     <span class='ocr_line' id='line_1_21' title="bbox 67 1704 631 1773; baseline 0.007 -18"><span class='ocrx_word' id='word_1_170' title='bbox 67 1704 202 1757; x_wconf 89' lang='lat' dir='ltr'><strong>voluntatis</strong></span> <span class='ocrx_word' id='word_1_171' title='bbox 213 1719 259 1757; x_wconf 88' lang='lat' dir='ltr'><strong>non</strong></span> <span class='ocrx_word' id='word_1_172' title='bbox 273 1708 386 1771; x_wconf 84' lang='lat' dir='ltr'><strong>dependet</strong></span> <span class='ocrx_word' id='word_1_173' title='bbox 399 1721 428 1759; x_wconf 81' lang='lat' dir='ltr'><strong>en</strong></span> <span class='ocrx_word' id='word_1_174' title='bbox 438 1706 514 1772; x_wconf 90' lang='lat' dir='ltr'><strong>aliquo</strong></span> <span class='ocrx_word' id='word_1_175' title='bbox 531 1708 631 1773; x_wconf 80' lang='lat' dir='ltr'><strong>objecto.</strong></span> 
     </span>
    </p>

    <p class='ocr_par' dir='ltr' id='par_1_6' title="bbox 68 1778 876 2060">
     <span class='ocr_line' id='line_1_22' title="bbox 104 1778 875 1845; baseline -0.001 -18"><span class='ocrx_word' id='word_1_176' title='bbox 104 1782 130 1827; x_wconf 81' lang='lat'><strong>3.</strong></span> <span class='ocrx_word' id='word_1_177' title='bbox 147 1778 268 1840; x_wconf 83' lang='lat' dir='ltr'><strong>Praeterea,</strong></span> <span class='ocrx_word' id='word_1_178' title='bbox 281 1781 477 1845; x_wconf 89' lang='lat' dir='ltr'><strong>«unumquodque</strong></span> <span class='ocrx_word' id='word_1_179' title='bbox 491 1781 557 1843; x_wconf 89' lang='lat' dir='ltr'><strong>quale</strong></span> <span class='ocrx_word' id='word_1_180' title='bbox 569 1784 612 1845; x_wconf 87' lang='lat' dir='ltr'><strong>est,</strong></span> <span class='ocrx_word' id='word_1_181' title='bbox 623 1779 668 1832; x_wconf 84' lang='lat' dir='ltr'><strong>tale</strong></span> <span class='ocrx_word' id='word_1_182' title='bbox 679 1780 776 1830; x_wconf 83' lang='lat' dir='ltr'><strong>atterum</strong></span> <span class='ocrx_word' id='word_1_183' title='bbox 786 1778 850 1829; x_wconf 82' lang='lat' dir='ltr'><strong>facit.</strong></span> <span class='ocrx_word' id='word_1_184' title='bbox 860 1795 875 1826; x_wconf 83' lang='lat' dir='ltr'><strong>u</strong></span> 
     </span>
     <span class='ocr_line' id='line_1_23' title="bbox 68 1849 876 1913; baseline -0.001 -10"><span class='ocrx_word' id='word_1_185' title='bbox 68 1852 119 1903; x_wconf 85' lang='lat' dir='ltr'><strong>Sed</strong></span> <span class='ocrx_word' id='word_1_186' title='bbox 132 1849 250 1913; x_wconf 82' lang='lat' dir='ltr'><strong>objectum</strong></span> <span class='ocrx_word' id='word_1_187' title='bbox 262 1850 386 1903; x_wconf 83' lang='lat' dir='ltr'><strong>uoluntatis</strong></span> <span class='ocrx_word' id='word_1_188' title='bbox 396 1855 431 1902; x_wconf 90' lang='lat' dir='ltr'><strong>est</strong></span> <span class='ocrx_word' id='word_1_189' title='bbox 442 1853 527 1902; x_wconf 86' lang='lat' dir='ltr'><strong>bonum</strong></span> <span class='ocrx_word' id='word_1_190' title='bbox 536 1852 639 1903; x_wconf 84' lang='lat' dir='ltr'><strong>bonitate</strong></span> <span class='ocrx_word' id='word_1_191' title='bbox 657 1855 751 1901; x_wconf 73' lang='lat' dir='ltr'><strong>naturae.</strong></span> <span class='ocrx_word' id='word_1_192' title='bbox 763 1852 815 1902; x_wconf 89' lang='lat' dir='ltr'><strong>Nun</strong></span> <span class='ocrx_word' id='word_1_193' title='bbox 822 1864 876 1913; x_wconf 85' lang='lat' dir='ltr'><strong>ergo</strong></span> 
     </span>
     <span class='ocr_line' id='line_1_24' title="bbox 69 1922 876 1989; baseline -0.002 -14"><span class='ocrx_word' id='word_1_194' title='bbox 69 1927 152 1989; x_wconf 86' lang='lat' dir='ltr'><strong>potest</strong></span> <span class='ocrx_word' id='word_1_195' title='bbox 172 1926 279 1987; x_wconf 78' lang='lat' dir='ltr'><strong>presure</strong></span> <span class='ocrx_word' id='word_1_196' title='bbox 302 1924 414 1976; x_wconf 85' lang='lat' dir='ltr'><strong>voluntati</strong></span> <span class='ocrx_word' id='word_1_197' title='bbox 432 1924 556 1976; x_wconf 85' lang='lat' dir='ltr'><strong>honitatem</strong></span> <span class='ocrx_word' id='word_1_198' title='bbox 574 1924 694 1975; x_wconf 84' lang='lat' dir='ltr'><strong>moralem.</strong></span> <span class='ocrx_word' id='word_1_199' title='bbox 712 1922 801 1973; x_wconf 79' lang='lat' dir='ltr'><strong>iteratis</strong></span> <span class='ocrx_word' id='word_1_200' title='bbox 822 1936 876 1987; x_wconf 77' lang='lat' dir='ltr'><strong>erqo</strong></span> 
     </span>
     <span class='ocr_line' id='line_1_25' title="bbox 68 1995 655 2060; baseline -0.007 -11"><span class='ocrx_word' id='word_1_201' title='bbox 68 1996 167 2049; x_wconf 78' lang='lat' dir='ltr'><strong>bonitas</strong></span> <span class='ocrx_word' id='word_1_202' title='bbox 184 1995 310 2046; x_wconf 82' lang='lat' dir='ltr'><strong>voluntatis</strong></span> <span class='ocrx_word' id='word_1_203' title='bbox 322 2009 367 2045; x_wconf 92' lang='lat' dir='ltr'><strong>non</strong></span> <span class='ocrx_word' id='word_1_204' title='bbox 383 1996 496 2060; x_wconf 84' lang='lat' dir='ltr'><strong>dependet</strong></span> <span class='ocrx_word' id='word_1_205' title='bbox 513 2010 542 2046; x_wconf 83' lang='lat' dir='ltr'><strong>ex</strong></span> <span class='ocrx_word' id='word_1_206' title='bbox 557 1996 655 2059; x_wconf 83' lang='lat' dir='ltr'><strong>objectu.</strong></span> 
     </span>
    </p>

    <p class='ocr_par' dir='ltr' id='par_1_7' title="bbox 69 2065 878 2419">
     <span class='ocr_line' id='line_1_26' title="bbox 102 2065 877 2133; baseline -0.008 -13"><span class='ocrx_word' id='word_1_207' title='bbox 102 2069 153 2120; x_wconf 85' lang='lat' dir='ltr'><strong>Sed</strong></span> <span class='ocrx_word' id='word_1_208' title='bbox 165 2070 246 2119; x_wconf 81' lang='lat' dir='ltr'><strong>eontra</strong></span> <span class='ocrx_word' id='word_1_209' title='bbox 252 2072 297 2131; x_wconf 84' lang='lat' dir='ltr'><strong>est,</strong></span> <span class='ocrx_word' id='word_1_210' title='bbox 305 2068 365 2132; x_wconf 80' lang='lat' dir='ltr'><strong>quod</strong></span> <span class='ocrx_word' id='word_1_211' title='bbox 374 2068 525 2133; x_wconf 81' lang='lat' dir='ltr'><strong>Philosophus</strong></span> <span class='ocrx_word' id='word_1_212' title='bbox 532 2067 587 2117; x_wconf 87' lang='lat' dir='ltr'><strong>dioit</strong></span> <span class='ocrx_word' id='word_1_213' title='bbox 595 2068 620 2116; x_wconf 90' lang='lat' dir='ltr'><strong>in</strong></span> <span class='ocrx_word' id='word_1_214' title='bbox 629 2066 657 2115; x_wconf 86' lang='lat' dir='ltr'><strong>V.</strong></span> <span class='ocrx_word' id='word_1_215' title='bbox 667 2065 748 2116; x_wconf 72' lang='lat' dir='ltr'><strong>nunu</strong></span> <span class='ocrx_word' id='word_1_216' title='bbox 764 2068 846 2129; x_wconf 82' lang='lat' dir='ltr'><strong>(capt</strong></span> <span class='ocrx_word' id='word_1_217' title='bbox 858 2066 877 2129; x_wconf 73' lang='lat' dir='ltr'><strong>t,</strong></span> 
     </span>
     <span class='ocr_line' id='line_1_27' title="bbox 69 2138 878 2206; baseline -0.006 -13"><span class='ocrx_word' id='word_1_218' title='bbox 69 2142 137 2206; x_wconf 87' lang='lat' dir='ltr'><strong>quod</strong></span> <span class='ocrx_word' id='word_1_219' title='bbox 152 2157 166 2188; x_wconf 84' lang='lat' dir='ltr'><strong>u</strong></span> <span class='ocrx_word' id='word_1_220' title='bbox 177 2138 268 2203; x_wconf 86' lang='lat' dir='ltr'><strong>justitia</strong></span> <span class='ocrx_word' id='word_1_221' title='bbox 284 2143 319 2190; x_wconf 89' lang='lat' dir='ltr'><strong>est</strong></span> <span class='ocrx_word' id='word_1_222' title='bbox 330 2139 455 2191; x_wconf 78' lang='lat' dir='ltr'><strong>secundina</strong></span> <span class='ocrx_word' id='word_1_223' title='bbox 470 2154 537 2204; x_wconf 88' lang='lat' dir='ltr'><strong>quam</strong></span> <span class='ocrx_word' id='word_1_224' title='bbox 551 2138 622 2202; x_wconf 88' lang='lat' dir='ltr'><strong>aliqui</strong></span> <span class='ocrx_word' id='word_1_225' title='bbox 634 2139 714 2188; x_wconf 86' lang='lat' dir='ltr'><strong>volunt</strong></span> <span class='ocrx_word' id='word_1_226' title='bbox 727 2138 790 2201; x_wconf 84' lang='lat' dir='ltr'><strong>justa</strong></span> <span class='ocrx_word' id='word_1_227' title='bbox 805 2153 811 2187; x_wconf 75' lang='grc' dir='ltr'><strong>ε</strong></span> <span class='ocrx_word' id='word_1_228' title='bbox 827 2154 840 2184; x_wconf 82' lang='lat' dir='ltr'><strong>u</strong></span> <span class='ocrx_word' id='word_1_229' title='bbox 854 2141 878 2187; x_wconf 88' lang='grc' dir='ltr'><strong>ει</strong></span> 
     </span>
     <span class='ocr_line' id='line_1_28' title="bbox 70 2207 876 2274; baseline -0.006 -9"><span class='ocrx_word' id='word_1_230' title='bbox 70 2214 157 2265; x_wconf 83' lang='lat' dir='ltr'><strong>eadem</strong></span> <span class='ocrx_word' id='word_1_231' title='bbox 170 2210 258 2261; x_wconf 86' lang='lat' dir='ltr'><strong>ratione</strong></span> <span class='ocrx_word' id='word_1_232' title='bbox 274 2212 347 2263; x_wconf 85' lang='lat' dir='ltr'><strong>uirtus</strong></span> <span class='ocrx_word' id='word_1_233' title='bbox 359 2215 395 2263; x_wconf 88' lang='grc' dir='ltr'><strong>εει</strong></span> <span class='ocrx_word' id='word_1_234' title='bbox 412 2211 536 2262; x_wconf 77' lang='lat' dir='ltr'><strong>secundum</strong></span> <span class='ocrx_word' id='word_1_235' title='bbox 549 2222 617 2274; x_wconf 87' lang='lat' dir='ltr'><strong>quam</strong></span> <span class='ocrx_word' id='word_1_236' title='bbox 630 2207 699 2273; x_wconf 89' lang='lat' dir='ltr'><strong>aliqui</strong></span> <span class='ocrx_word' id='word_1_237' title='bbox 712 2209 791 2259; x_wconf 88' lang='lat' dir='ltr'><strong>volunt</strong></span> <span class='ocrx_word' id='word_1_238' title='bbox 806 2210 876 2260; x_wconf 85' lang='lat' dir='ltr'><strong>hona.</strong></span> 
     </span>
     <span class='ocr_line' id='line_1_29' title="bbox 70 2280 878 2347; baseline -0.007 -11"><span class='ocrx_word' id='word_1_239' title='bbox 70 2286 119 2337; x_wconf 87' lang='lat' dir='ltr'><strong>Sed</strong></span> <span class='ocrx_word' id='word_1_240' title='bbox 133 2285 195 2335; x_wconf 88' lang='lat' dir='ltr'><strong>hona</strong></span> <span class='ocrx_word' id='word_1_241' title='bbox 211 2284 316 2333; x_wconf 81' lang='lat' dir='ltr'><strong>voluntas</strong></span> <span class='ocrx_word' id='word_1_242' title='bbox 328 2286 364 2333; x_wconf 90' lang='grc' dir='ltr'><strong>εει</strong></span> <span class='ocrx_word' id='word_1_243' title='bbox 380 2297 430 2347; x_wconf 84' lang='lat' dir='ltr'><strong>quae</strong></span> <span class='ocrx_word' id='word_1_244' title='bbox 444 2286 479 2334; x_wconf 87' lang='grc' dir='ltr'><strong>εει</strong></span> <span class='ocrx_word' id='word_1_245' title='bbox 494 2281 619 2333; x_wconf 75' lang='lat' dir='ltr'><strong>serrantium</strong></span> <span class='ocrx_word' id='word_1_246' title='bbox 634 2280 751 2331; x_wconf 82' lang='lat' dir='ltr'><strong>uirtutem.</strong></span> <span class='ocrx_word' id='word_1_247' title='bbox 765 2280 824 2344; x_wconf 78' lang='lat' dir='ltr'><strong>Ergo</strong></span> <span class='ocrx_word' id='word_1_248' title='bbox 836 2280 878 2330; x_wconf 87' lang='lat' dir='ltr'><strong>bo-</strong></span> 
     </span>
     <span class='ocr_line' id='line_1_30' title="bbox 71 2352 751 2419; baseline -0.009 -12"><span class='ocrx_word' id='word_1_249' title='bbox 71 2358 136 2409; x_wconf 87' lang='lat' dir='ltr'><strong>nitas</strong></span> <span class='ocrx_word' id='word_1_250' title='bbox 145 2354 271 2407; x_wconf 84' lang='lat' dir='ltr'><strong>voluntatis</strong></span> <span class='ocrx_word' id='word_1_251' title='bbox 282 2359 315 2405; x_wconf 90' lang='grc' dir='ltr'><strong>εει</strong></span> <span class='ocrx_word' id='word_1_252' title='bbox 326 2368 355 2405; x_wconf 82' lang='lat' dir='ltr'><strong>ex</strong></span> <span class='ocrx_word' id='word_1_253' title='bbox 368 2356 412 2405; x_wconf 86' lang='lat' dir='ltr'><strong>hoe</strong></span> <span class='ocrx_word' id='word_1_254' title='bbox 424 2356 485 2419; x_wconf 87' lang='lat' dir='ltr'><strong>quod</strong></span> <span class='ocrx_word' id='word_1_255' title='bbox 498 2353 579 2419; x_wconf 84' lang='lat' dir='ltr'><strong>aliquis</strong></span> <span class='ocrx_word' id='word_1_256' title='bbox 594 2352 644 2403; x_wconf 84' lang='lat' dir='ltr'><strong>vuit</strong></span> <span class='ocrx_word' id='word_1_257' title='bbox 657 2353 751 2404; x_wconf 85' lang='lat' dir='ltr'><strong>bonurn.</strong></span> 
     </span>
    </p>

    <p class='ocr_par' dir='ltr' id='par_1_8' title="bbox 69 2424 877 2565">
     <span class='ocr_line' id='line_1_31' title="bbox 107 2424 876 2492; baseline -0.009 -12"><span class='ocrx_word' id='word_1_258' title='bbox 107 2430 268 2492; x_wconf 76' lang='lat' dir='ltr'><strong>(concinno.</strong></span> <span class='ocrx_word' id='word_1_259' title='bbox 281 2454 311 2463; x_wconf 92' lang='lat'><em>-</em></span> <span class='ocrx_word' id='word_1_260' title='bbox 323 2426 379 2479; x_wconf 80' lang='lat' dir='ltr'><strong>Ctm</strong></span> <span class='ocrx_word' id='word_1_261' title='bbox 397 2427 482 2478; x_wconf 89' lang='lat' dir='ltr'><strong>honum</strong></span> <span class='ocrx_word' id='word_1_262' title='bbox 497 2429 522 2476; x_wconf 92' lang='lat' dir='ltr'><strong>et</strong></span> <span class='ocrx_word' id='word_1_263' title='bbox 538 2426 622 2475; x_wconf 89' lang='lat' dir='ltr'><strong>matum</strong></span> <span class='ocrx_word' id='word_1_264' title='bbox 641 2425 687 2476; x_wconf 88' lang='lat' dir='ltr'><strong>siut</strong></span> <span class='ocrx_word' id='word_1_265' title='bbox 704 2438 744 2490; x_wconf 91' lang='lat' dir='ltr'><strong>per</strong></span> <span class='ocrx_word' id='word_1_266' title='bbox 764 2436 789 2476; x_wconf 88' lang='lat' dir='ltr'><strong>se</strong></span> <span class='ocrx_word' id='word_1_267' title='bbox 809 2424 876 2475; x_wconf 81' lang='lat' dir='ltr'><strong>ditia-</strong></span> 
     </span>
     <span class='ocr_line' id='line_1_32' title="bbox 69 2496 877 2565; baseline -0.005 -14"><span class='ocrx_word' id='word_1_268' title='bbox 69 2500 156 2553; x_wconf 84' lang='lat' dir='ltr'><strong>rentiae</strong></span> <span class='ocrx_word' id='word_1_269' title='bbox 174 2503 239 2549; x_wconf 86' lang='lat' dir='ltr'><strong>antus</strong></span> <span class='ocrx_word' id='word_1_270' title='bbox 251 2498 391 2565; x_wconf 81' lang='lat' dir='ltr'><strong>voluntatis,</strong></span> <span class='ocrx_word' id='word_1_271' title='bbox 411 2498 537 2551; x_wconf 81' lang='lat' dir='ltr'><strong>differentia</strong></span> <span class='ocrx_word' id='word_1_272' title='bbox 553 2502 629 2554; x_wconf 82' lang='lat' dir='ltr'><strong>autom</strong></span> <span class='ocrx_word' id='word_1_273' title='bbox 646 2497 730 2563; x_wconf 74' lang='lat' dir='ltr'><strong>speciei</strong></span> <span class='ocrx_word' id='word_1_274' title='bbox 749 2497 773 2547; x_wconf 88' lang='lat' dir='ltr'><strong>in</strong></span> <span class='ocrx_word' id='word_1_275' title='bbox 790 2496 877 2547; x_wconf 82' lang='lat' dir='ltr'><strong>artibus</strong></span> 
     </span>
    </p>
   </div>
   <div class='ocr_carea' id='block_1_5' title="bbox 71 2624 878 2879">
    <p class='ocr_par' dir='ltr' id='par_1_9' title="bbox 71 2624 878 2879">
     <span class='ocr_line' id='line_1_33' title="bbox 107 2624 878 2693; baseline -0.009 -17"><span class='ocrx_word' id='word_1_276' title='bbox 107 2629 142 2693; x_wconf 77' lang='lat'><strong>(1)</strong></span> <span class='ocrx_word' id='word_1_277' title='bbox 159 2632 190 2676; x_wconf 84' lang='lat' dir='ltr'><strong>Ut</strong></span> <span class='ocrx_word' id='word_1_278' title='bbox 203 2630 280 2675; x_wconf 80' lang='lat' dir='ltr'><strong>ridere</strong></span> <span class='ocrx_word' id='word_1_279' title='bbox 295 2636 330 2676; x_wconf 88' lang='lat' dir='ltr'><strong>est</strong></span> <span class='ocrx_word' id='word_1_280' title='bbox 344 2643 396 2687; x_wconf 83' lang='lat' dir='ltr'><strong>cap.</strong></span> <span class='ocrx_word' id='word_1_281' title='bbox 412 2629 436 2689; x_wconf 78' lang='lat'><strong>5,</strong></span> <span class='ocrx_word' id='word_1_282' title='bbox 451 2630 591 2687; x_wconf 55' lang='lat' dir='ltr'><strong>graneo-lat„</strong></span> <span class='ocrx_word' id='word_1_283' title='bbox 610 2630 645 2674; x_wconf 83' lang='lat' dir='ltr'><strong>vet</strong></span> <span class='ocrx_word' id='word_1_284' title='bbox 659 2629 682 2672; x_wconf 90' lang='lat' dir='ltr'><strong>in</strong></span> <span class='ocrx_word' id='word_1_285' title='bbox 701 2627 802 2682; x_wconf 83' lang='lat' dir='ltr'><strong>antiquis</strong></span> <span class='ocrx_word' id='word_1_286' title='bbox 812 2624 840 2680; x_wconf 71' lang='lat' dir='ltr'><strong>i,</strong></span> <span class='ocrx_word' id='word_1_287' title='bbox 853 2630 878 2670; x_wconf 87' lang='lat' dir='ltr'><strong>et</strong></span> 
     </span>
     <span class='ocr_line' id='line_1_34' title="bbox 72 2688 875 2752; baseline -0.011 -11"><span class='ocrx_word' id='word_1_288' title='bbox 72 2694 137 2752; x_wconf 86' lang='lat' dir='ltr'><strong>apud</strong></span> <span class='ocrx_word' id='word_1_289' title='bbox 157 2694 182 2738; x_wconf 87' lang='lat' dir='ltr'><strong>S.</strong></span> <span class='ocrx_word' id='word_1_290' title='bbox 197 2693 308 2739; x_wconf 83' lang='lat' dir='ltr'><strong>Thomanr</strong></span> <span class='ocrx_word' id='word_1_291' title='bbox 322 2695 376 2739; x_wconf 88' lang='grc' dir='ltr'><strong>Ιεει.</strong></span> <span class='ocrx_word' id='word_1_292' title='bbox 391 2692 419 2750; x_wconf 74' lang='grc' dir='ltr'><strong>ι,</strong></span> <span class='ocrx_word' id='word_1_293' title='bbox 436 2693 475 2737; x_wconf 90' lang='lat' dir='ltr'><strong>uhi</strong></span> <span class='ocrx_word' id='word_1_294' title='bbox 491 2693 587 2749; x_wconf 85' lang='lat' dir='ltr'><strong>proinde</strong></span> <span class='ocrx_word' id='word_1_295' title='bbox 598 2691 705 2736; x_wconf 76' lang='lat' dir='ltr'><strong>factionis</strong></span> <span class='ocrx_word' id='word_1_296' title='bbox 715 2688 784 2734; x_wconf 85' lang='lat' dir='ltr'><strong>finem</strong></span> <span class='ocrx_word' id='word_1_297' title='bbox 799 2688 812 2731; x_wconf 79' lang='lat' dir='ltr'><strong>at</strong></span> <span class='ocrx_word' id='word_1_298' title='bbox 826 2688 875 2733; x_wconf 81' lang='lat' dir='ltr'><strong>tao-</strong></span> 
     </span>
     <span class='ocr_line' id='line_1_35' title="bbox 71 2751 874 2814; baseline -0.007 -12"><span class='ocrx_word' id='word_1_299' title='bbox 71 2758 142 2803; x_wconf 82' lang='lat' dir='ltr'><strong>tione</strong></span> <span class='ocrx_word' id='word_1_300' title='bbox 164 2753 215 2812; x_wconf 79' lang='lat' dir='ltr'><strong>ipsa</strong></span> <span class='ocrx_word' id='word_1_301' title='bbox 234 2756 349 2803; x_wconf 75' lang='lat' dir='ltr'><strong>diuersum</strong></span> <span class='ocrx_word' id='word_1_302' title='bbox 370 2768 421 2803; x_wconf 81' lang='lat' dir='ltr'><strong>esse</strong></span> <span class='ocrx_word' id='word_1_303' title='bbox 443 2756 539 2814; x_wconf 80' lang='lat' dir='ltr'><strong>probat,</strong></span> <span class='ocrx_word' id='word_1_304' title='bbox 556 2754 598 2800; x_wconf 78' lang='lat' dir='ltr'><strong>sert</strong></span> <span class='ocrx_word' id='word_1_305' title='bbox 620 2754 688 2800; x_wconf 82' lang='lat' dir='ltr'><strong>finem</strong></span> <span class='ocrx_word' id='word_1_306' title='bbox 710 2751 808 2798; x_wconf 82' lang='lat' dir='ltr'><strong>aetionis</strong></span> <span class='ocrx_word' id='word_1_307' title='bbox 827 2761 874 2796; x_wconf 90' lang='lat' dir='ltr'><strong>non</strong></span> 
     </span>
     <span class='ocr_line' id='line_1_36' title="bbox 72 2830 178 2879; baseline -0.019 -13"><span class='ocrx_word' id='word_1_308' title='bbox 72 2830 178 2879; x_wconf 83' lang='lat' dir='ltr'><strong>semper.</strong></span> 
     </span>
    </p>
   </div>
   <div class='ocr_carea' id='block_1_6' title="bbox 0 0 1005 3309">
    <p class='ocr_par' dir='ltr' id='par_1_10' title="bbox 0 0 1005 3309">
     <span class='ocr_line' id='line_1_37' title="bbox 0 0 1005 3309; baseline 0 0"><span class='ocrx_word' id='word_1_309' title='bbox 0 0 1005 3309; x_wconf 95' lang='lat' dir='ltr'><strong> </strong></span> 
     </span>
    </p>
   </div>
  </div>
 </body>
</html>
