1984 3309
38 7 61 74 Γ

146 182 177 222 ΒΕ
190 180 230 221 ΙΙΙ
242 182 269 220 1!
278 179 367 228 Uim
380 181 480 224 sonmo
495 185 630 224 mimmii
643 185 773 226 imbibit!-
813 181 860 226 067

59 257 128 310 babet
142 258 254 311 rationem
269 259 389 326 principii,
404 265 429 312 ut
441 265 505 326 patet
518 263 581 313 inv.
596 263 705 328 Metapd.
723 267 787 328 (tent.
799 266 860 330 tt),

60 329 178 380 beatitudo
197 335 273 382 auom
286 332 355 382 habet
374 331 484 384 rationem
503 333 577 384 ultimi
596 334 656 385 duis.
675 335 792 395 Secundo,
806 337 860 400 puin

62 403 162 464 potestas
179 415 206 455 sc
221 403 291 454 habet
306 404 336 455 ad
354 405 439 456 bonum
453 409 477 456 ει
495 405 637 468 adustum,
652 407 769 459 beatitudo
785 412 861 460 sertem

60 477 95 522 est
111 473 230 538 proprium
242 477 266 524 et
276 475 399 538 perfectum
413 476 512 527 bominis
519 477 612 527 bonum.
625 479 689 529 Unde
701 479 774 542 magis
783 482 860 543 posset

61 544 187 595 consistere
209 545 327 596 beatitudo
346 545 422 610 aliqua
438 547 464 596 in
481 547 542 599 bono
561 562 606 599 usu
621 550 756 613 potestatis,
772 551 813 614 qui
826 553 862 601 εει

59 629 98 677 per
109 615 234 676 virtutem,
244 615 312 680 quim
329 617 352 667 in
363 617 416 682 ipsa
425 622 547 682 potestate.

90 689 193 738 Possunt
208 689 284 738 autem
299 692 396 752 nnatmr
411 689 530 752 generales
542 691 642 742 rationes
654 691 732 743 induci
742 694 770 743 ad
782 696 861 744 osten-

59 761 168 822 dendum,
178 759 239 822 qudd
249 760 274 810 in
288 761 349 812 nulio
363 760 533 826 premissorum
542 761 679 814 exteriorum
689 764 799 814 bonorum
808 765 862 814 bea·

59 831 133 882 titudo
151 831 261 881 consistat
276 848 281 882 :
298 846 393 896 quarum
405 832 478 898 prima
492 836 543 896 est,
554 834 614 897 quod
632 832 685 882 cium
698 834 815 886 beatitudo
832 834 863 885 sit

60 917 175 954 summum
200 904 300 956 bominis
321 905 420 967 bouum,
441 919 488 956 uon
510 905 647 969 compatitur
668 919 745 956 εεεεεε
771 906 862 970 aliquod

62 976 160 1037 ιεειεεες
176 975 252 1028 omnia
266 979 342 1027 antem
354 975 464 1040 predicta
475 980 573 1040 possum
585 975 698 1038 inueniri,
713 979 737 1026 et
750 977 860 1039 inbonis,

60 1051 84 1096 et
96 1048 121 1098 in
135 1047 211 1098 malis.
220 1047 332 1106 ,Secunda
346 1047 403 1098 ratio
417 1051 469 1109 est,
481 1048 535 1112 quia
550 1062 602 1098 cum
618 1050 647 1099 de
661 1049 749 1099 ratione
765 1049 863 1099 beadtu·

62 1118 122 1168 diuis
143 1119 188 1179 sit,
204 1117 263 1182 qudd
282 1131 323 1182 per
343 1131 369 1168 ss
386 1119 416 1168 sit
434 1118 564 1182 sufficiens,
578 1123 605 1169 nt
621 1123 684 1184 patet
704 1119 728 1169 in
741 1120 760 1168 Ι.
776 1119 861 1170 Ειιιιε.

62 1197 122 1255 ιεερ.
133 1191 180 1255 1.),
193 1203 288 1242 εεεεεεε
297 1193 343 1252 εει,
354 1190 415 1255 qndd
424 1191 564 1242 beatitudine
573 1193 670 1256 adepta,
680 1192 767 1242 nultum
778 1193 863 1242 bouum

60 1262 217 1314 necessarium
228 1261 316 1312 homini
325 1263 397 1325 desit;
410 1262 497 1327 adeptis
506 1266 581 1313 autem
590 1263 686 1325 singuiis
695 1263 864 1326 premissorum

60 1339 158 1398 possunt
177 1335 253 1385 adbuc
274 1335 345 1385 multa
365 1336 425 1385 bnua
441 1335 531 1386 homini
545 1335 675 1385 neumenia
695 1335 790 1396 deesse,
809 1334 864 1399 puta

62 1405 188 1472 sapientia,
204 1405 291 1457 sanitas
306 1408 421 1470 corporis,
438 1411 461 1458 et
476 1405 616 1472 hujusmodi.
632 1406 723 1469 Tutia,
738 1406 792 1471 quia
810 1406 864 1457 cium

59 1478 179 1529 beatitudo
192 1478 223 1528 sit
231 1478 317 1529 bouum
327 1479 466 1542 perductum,
476 1491 507 1528 ex
515 1477 659 1529 beatitudine
675 1490 721 1528 nou
732 1480 807 1542 potest
820 1477 862 1528 ati«

60 1551 120 1614 quod
131 1550 218 1600 malurn
232 1549 299 1600 aticui
316 1549 451 1612 provenire,
465 1548 526 1612 qiidd
540 1549 710 1600 nonconvenit
724 1549 860 1613 premissis3

62 1621 143 1672 dicitur
155 1620 216 1672 euim
227 1620 332 1679 Enetos„
343 1621 371 1680 V,
383 1622 442 1684 quod
455 1635 469 1667 «
478 1619 565 1670 divitie
576 1619 691 1671 interdum
697 1623 862 1670 conservantur

60 1693 83 1743 in
93 1693 180 1744 matum
192 1692 283 1743 bomini
296 1692 347 1757 sui;
357 1709 371 1740 o
383 1696 406 1742 et
414 1692 491 1744 simite
502 1695 567 1755 patet
579 1692 603 1740 in
619 1691 671 1742 aliis
685 1692 765 1742 tribus.
778 1692 861 1749 Quarta

61 1765 118 1816 ratio
135 1769 185 1827 est,
198 1765 252 1828 quia
263 1765 291 1815 ad
303 1763 468 1822 beatitudinem
480 1765 550 1816 bomo
562 1764 678 1815 ordinatur
692 1777 734 1827 per
748 1763 863 1827 principia

60 1837 178 1898 ιειετιεεε,
188 1835 241 1886 edm
251 1836 279 1886 ad
289 1836 362 1899 ipsam
374 1835 507 1886 naturaiiter
515 1836 646 1898 ordinetu13
656 1834 775 1898 premissa
785 1838 862 1885 autem

60 1911 158 1971 quatuor
171 1909 232 1959 bons
248 1907 321 1970 magis
339 1907 421 1957 sunta
438 1907 513 1958 causis
534 1905 698 1968 exterioribus,
713 1909 737 1958 et
755 1908 780 1956 ut
793 1905 864 1968 pluri·
969 1926 970 1929 ¹

62 1995 123 2032 mum
136 1980 264 2042 ttortuna,
277 1980 338 2030 unde
351 1983 374 2030 et
385 1979 447 2028 boun
459 1980 573 2042 fortuna
581 1979 697 2029 dicuutur.
711 1978 776 2027 tinde
790 1981 862 2040 patet,
968 1996 969 2033 ι

62 2055 121 2116 quod
135 2053 162 2103 in
175 2051 301 2116 premissis
318 2051 379 2102 nulio
396 2051 464 2102 modu
476 2051 592 2101 beatitudo
608 2049 720 2100 consistit.

92 2126 125 2175 nd
138 2123 238 2188 primum
252 2137 307 2186 ergo
323 2122 456 2184 dicendum,
470 2121 530 2185 qudd
547 2121 624 2172 diuina
641 2122 757 2183 potestas,
771 2121 808 2168 εει
822 2133 864 2170 saa

62 2197 169 2247 bonitas:
182 2195 244 2246 uude
255 2195 290 2244 uti
303 2208 344 2244 sun
354 2197 465 2259 potestate
477 2206 524 2242 non
532 2195 620 2255 potest,
631 2190 677 2240 uisi
690 2189 761 2251 beud3
771 2189 811 2239 sed
822 2191 866 2240 boc

63 2266 85 2317 in
96 2268 231 2319 bominibus
240 2279 286 2317 nou
295 2266 409 2316 inuenitur
418 2282 424 2312 ι
432 2264 492 2314 nude
502 2276 549 2312 nou
558 2262 644 2312 sufficit
651 2261 680 2310 ad
689 2260 864 2325 beatitudinem,

64 2341 121 2404 prod
131 2342 202 2392 bomo
217 2337 355 2389 assimiletur
366 2339 413 2389 beo
429 2337 540 2400 quantum
550 2335 736 2398 adpotestatem,
747 2332 791 2383 nisi
807 2332 865 2383 assi·

64 2411 157 2462 mitetur
169 2410 193 2461 ei
201 2412 311 2475 quacum
325 2411 353 2460 ad
364 2407 496 2460 bonitatem.

94 2483 129 2533 dd
144 2481 270 2532 secundum
284 2479 418 2539 dicendum,
428 2477 487 2542 qubd
507 2477 565 2528 sicut
578 2475 689 2540 optimum
699 2479 735 2528 est
746 2475 808 2539 pubd
823 2476 866 2526 ati·

65 2553 117 2618 quis
134 2557 214 2606 utatur
230 2553 289 2604 bene
302 2555 416 2612 potestate
429 2552 453 2602 iu
471 2549 583 2613 regimine
597 2549 733 2611 multorum,
748 2549 781 2599 ita
793 2548 866 2613 pessi·

66 2640 127 2676 mum
137 2629 187 2690 est,
204 2625 225 2675 si
235 2623 295 2674 malt
309 2627 383 2673 utatur
397 2639 403 2672 ε
417 2627 440 2674 ει
450 2624 482 2672 ita
495 2624 597 2686 potestas
614 2634 638 2671 se
652 2622 721 2671 babet
738 2622 767 2670 ad
781 2621 868 2671 bouum

66 2701 87 2748 et
101 2698 130 2748 ad
143 2697 239 2747 matum.

96 2770 130 2821 dd
145 2768 238 2820 tertium
251 2765 379 2830 dicendum,
392 2763 452 2830 qudd
461 2767 559 2817 seruitus
572 2769 608 2816 est
617 2764 803 2828 impedimentum
810 2760 875 2812 boni

68 2855 122 2892 usus
135 2837 258 2906 potestatis
272 2853 276 2886 :
289 2841 312 2888 et
323 2837 374 2888 ideo
386 2837 518 2888 naturaliter
528 2837 632 2887 homiues
641 2849 691 2887 eam
702 2833 809 2896 tugiunt,
823 2846 868 2884 nou

70 2912 133 2975 quasi
148 2911 173 2962 in
187 2913 299 2976 potestate
313 2908 413 2960 bominis
428 2909 459 2959 sit
474 2921 589 2958 summum
603 2908 696 2958 bouum.
