1984 3309
147 170 180 206 nn
194 169 274 207 orm
289 169 429 210 curnorrre
446 170 581 213 ornareris
597 169 758 209 cononum.
831 161 859 210 tl

55 245 215 309 compositum,
228 244 354 295 secundior
368 245 429 309 qood
443 246 482 295 lric
494 244 554 309 ignis
566 250 687 310 generator
698 248 727 297 ab
741 249 786 298 lroc
798 248 861 311 igne.

55 315 169 379 sicigitur
181 316 262 367 lormae
280 317 410 381 corporales
426 321 564 380 causantur,
579 330 634 368 uon·
644 319 710 382 quasi
724 319 818 369 indute
833 320 863 369 ab

55 388 124 450 aliquo
133 388 280 438 immateriali
292 389 363 438 lornra
371 426 378 449 ‚
386 390 427 439 sed
437 389 506 453 quasi
515 390 610 440 matoria
619 391 712 440 reducta
720 391 750 440 de
760 390 862 455 potentia

56 458 79 506 in
91 462 162 508 artum
176 460 205 509 ab
220 460 297 523 aliquo
312 463 393 522 egente
406 458 543 522 composiio.
557 460 601 509 Sed
614 460 669 521 quia
682 473 753 523 egens
766 473 861 525 rompo-

57 527 130 589 sitnm,
143 531 207 593 qood
218 534 256 580 est
264 542 358 593 corpus,
369 534 476 581 moretur
487 530 501 580 ir
513 530 640 581 substantio
651 530 763 596 spirituaii
773 534 861 593 creatu,

57 604 78 647 ul
87 601 226 664 Augustinus
238 602 302 663 dicit,
313 603 352 651 lll.
364 602 396 651 de
407 602 494 661 Trita,
504 602 605 667 seqnitur
615 601 712 653 ulterior
720 601 780 665 quod
792 602 862 653 elium

55 672 126 721 lormao
146 673 277 737 corporales
298 673 460 723 isrrbstaotiis
477 672 631 736 spiritualibus
650 673 795 734 deriventur,
814 688 862 728 non

55 744 156 805 tanquam
168 739 320 793 iolluentibus
333 744 428 805 formos,
444 745 484 795 sed
495 748 602 805 unquam
616 744 761 794 rnoreotibos
773 745 802 795 ad
814 745 861 796 tor-

54 826 106 862 rnas.
127 812 228 864 litteriis
250 820 327 865 antem
342 816 485 865 reducuntur
501 816 524 864 in
540 816 624 877 beorn,
640 815 701 865 sicot
719 815 744 865 in
762 816 861 879 primam

54 897 155 945 cansam,
171 886 242 937 eliam
256 886 347 951 specics
363 886 462 950 angelici
475 885 616 947 intellector,
626 899 678 949 qum
691 889 746 936 sont
756 888 860 947 quadam

56 956 172 1007 senoinales
184 956 285 1008 rationes
299 958 450 1023 corporalium
463 958 628 1008 iorrnarom.1n
639 957 712 1023 priora
725 961 800 1007 aowur
810 972 861 1009 cor·

56 1028 133 1089 poralis
144 1032 255 1079 creatorae
265 1030 428 1093 productione,
439 1042 484 1079 non
497 1029 649 1079 considerator
660 1028 736 1092 eliqua
747 1031 860 1079 transmo-

56 1099 107 1148 talio
123 1100 151 1150 de
166 1100 269 1165 potentia
283 1101 308 1150 in
320 1106 404 1151 actum.
418 1102 448 1151 Et
458 1102 509 1153 ideo
520 1102 599 1152 lorroae
611 1100 752 1165 corporales,
767 1103 861 1165 quasin

54 1171 119 1233 priora
138 1172 291 1235 productione
305 1186 399 1237 corpora
417 1174 558 1235 habuerunt,
573 1175 627 1223 sunt
641 1171 771 1222 immediati
788 1172 861 1223 ilico

55 1243 183 1304 producte,
198 1243 237 1293 cui
254 1244 298 1293 soli
311 1245 339 1294 ad
351 1248 432 1294 notnrn
446 1243 522 1294 obedit
535 1244 629 1294 maleno
641 1247 750 1307 tanquam
762 1243 861 1309 proprie

55 1328 124 1365 mosae
148 1316 215 1366 Unde
231 1316 261 1365 od
277 1316 322 1365 boc
336 1315 514 1378 significandum
529 1316 619 1381 lloyses
636 1315 733 1378 singulis
752 1316 862 1380 operibus

56 1386 168 1449 praernittit
181 1402 187 1436 ι
200 1404 215 1435 rr
227 1386 290 1436 Dixit
301 1388 360 1437 licus
373 1404 379 1435 r
392 1386 446 1437 Fiat
456 1388 517 1446 boc,
529 1388 566 1437 rel
579 1387 642 1437 illud.
653 1403 668 1433 ιι
680 1388 708 1436 lo
718 1400 763 1452 quo
773 1386 860 1450 signill-

57 1460 114 1506 cator
124 1458 232 1509 lormatio
249 1470 326 1507 rernm
341 1457 489 1521 perverbum
504 1453 633 1520 bellante,
649 1456 720 1521 dqoo
736 1456 862 1508 reconditor

58 1528 203 1591 logostiuum
220 1529 322 1593 (tracti
338 1528 362 1577 io
379 1534 453 1579 toan.
463 1526 529 1593 besl
542 1529 640 1580 oomnis
655 1528 741 1592 forma,
760 1533 785 1579 et
800 1542 862 1580 conr·

57 1611 121 1663 pugo,
139 1606 165 1651 et
176 1600 301 1652 concordia
317 1598 426 1665 partium.
439 1617 453 1647 o

82 1672 114 1721 lld
125 1672 227 1735 primum
241 1684 296 1736 ergo
309 1672 448 1735 dicendum,
462 1672 523 1737 qubd
537 1672 629 1723 Metios
641 1672 750 1736 intelligit
760 1686 803 1737 per
814 1673 862 1723 lor·

55 1754 111 1806 ruas,
123 1758 177 1807 qoae
186 1746 244 1795 sunl
254 1746 304 1795 sinc
313 1743 531 1805 commorationis
540 1756 614 1793 rerum
624 1756 676 1808 qnae
686 1746 740 1793 sont
749 1744 774 1793 io
783 1746 863 1794 ruente
888 1786 895 1795 .

54 1813 137 1876 dirius,
150 1815 213 1865 sicin
221 1816 293 1865 edam
303 1813 431 1879 Apostolos
442 1813 497 1865 dicit
507 1814 593 1875 debr„
601 1816 631 1865 lll
643 1829 648 1864 :
659 1813 740 1865 «Fide
749 1814 862 1866 credimus

54 1889 124 1947 aptate
137 1900 190 1937 esse
204 1888 290 1937 soeculo
304 1886 375 1938 verbo
388 1886 445 1947 liei,
457 1890 483 1935 ot
496 1896 527 1935 er
538 1886 695 1936 invisibilibus
707 1885 807 1948 visibilis
823 1884 863 1935 dc·

55 1962 107 2007 rent.
122 1975 137 2004 ι
151 1958 178 2009 Si
189 1962 269 2009 tomen
279 1973 321 2023 per
332 1960 434 2021 immas,
444 1970 495 2021 uuae
507 1962 562 2007 suot
571 1956 623 2009 sinc
634 1957 744 2018 materia,
756 1956 863 2018 intelligit

55 2028 156 2093 comtos,
175 2030 299 2081 dicendum
316 2034 352 2081 est
372 2028 435 2093 quod
453 2029 528 2079 abeis
541 2028 637 2080 veniant
649 2030 729 2081 formo
741 2042 794 2093 qoae
807 2031 864 2078 sont

55 2098 75 2147 in
88 2101 192 2161 naboe,
205 2113 253 2151 uon
264 2114 307 2165 per
320 2102 418 2163 buxum,
435 2102 474 2151 sed
488 2114 531 2165 per
544 2104 639 2151 molum.

82 2172 114 2221 ld
125 2172 253 2223 secondom
265 2172 406 2233 dicendum,
416 2170 474 2235 pubd
486 2174 565 2223 lorme
578 2170 721 2237 purtlcipntm
730 2168 756 2219 in
766 2168 862 2220 motuis

56 2243 189 2294 reducuntur
204 2257 250 2294 noo
265 2244 294 2293 ad
308 2244 397 2293 formas
410 2243 496 2305 aliquas
510 2256 551 2307 per
564 2256 590 2293 se
603 2242 754 2293 subsistentes
766 2239 862 2292 rationis

57 2314 166 2378 ejusdem,
183 2318 210 2365 ot
224 2314 337 2367 Platonici
347 2318 490 2378 posuerunt,
503 2316 544 2365 sed
557 2316 586 2364 ud
603 2314 687 2365 tonnas
698 2311 860 2375 intelligibiles,

59 2384 90 2433 rel
102 2385 233 2438 intellectus
246 2385 348 2450 angelici
368 2384 396 2449 (l
412 2385 493 2449 quibos
508 2399 549 2449 per
560 2389 647 2437 motum
660 2382 810 2448 procedunt),
825 2384 861 2434 vol

59 2453 145 2507 olleriire
153 2459 183 2508 ad
192 2457 296 2509 rationes
306 2456 438 2507 intellectos
450 2457 522 2507 diuini
530 2457 560 2516 ,d
569 2456 729 2521 quibusctiam
739 2454 861 2504 loricarum

57 2527 140 2579 semina
153 2533 208 2579 sunl
219 2531 290 2581 rebus
298 2528 385 2579 crealis
396 2528 481 2591 indita,
492 2534 518 2580 ut
526 2543 568 2595 per
578 2531 662 2579 rootour
673 2528 698 2577 in
709 2530 782 2577 actum
795 2524 860 2575 educi
893 2519 922 2547 *Ι

57 2606 156 2661 possent.

85 2672 117 2721 ld
129 2673 221 2723 wrtioor
230 2674 366 2733 dicendane,
379 2670 438 2735 pubd
452 2684 545 2737 corpora
558 2671 660 2723 coelestia
673 2672 767 2722 causent
777 2670 861 2720 loturos

58 2741 80 2789 in
97 2742 147 2793 istis
157 2745 323 2807 interioribus,
338 2756 385 2793 noo
397 2744 522 2805 intlrrendo,
535 2746 576 2795 sed
590 2743 711 2794 mouendo.

412 2868 519 2881 *nh-uuun-
