1984 3309
129 134 175 181 tle
264 144 338 184 amr
353 140 480 189 escoron,
495 142 589 185 oum.
602 140 668 188 xvir,
683 139 739 179 nr.
754 139 798 179 vn.

127 220 200 270 uinus
216 218 290 269 achsa
306 218 445 283 particularis
461 217 573 268 tvirtnte
590 217 665 267 aedua
679 217 811 267 universali
823 232 830 266 ι
843 220 868 268 et
878 218 929 268 ideo

128 305 156 340 ox
164 290 208 341 ista
218 294 280 355 parte
290 295 354 341 actru
362 289 477 353 appetibls
489 288 593 340 sanctini
604 289 709 353 sstbjacct
718 289 816 353 imperio
827 288 928 340 ratbnis.

127 362 228 420 Qualitas
242 365 316 411 autem
328 365 351 411 et
364 360 484 423 dispositio
498 360 602 424 corporis
614 373 660 410 nou
672 361 779 424 eumaem
789 361 886 424 imperio
896 374 931 409 ra·

127 432 217 485 tionis:
238 437 260 483 et
273 433 323 483 ideo
341 446 370 482 ex
386 434 428 481 hae
441 436 507 496 porte
522 432 645 496 impeditur
657 432 714 497 quin
727 436 807 482 motus
827 432 929 483 scombri

128 504 242 569 appetitis
254 504 354 555 totaliter
368 505 477 554 subdatur
490 503 587 567 imperio
600 503 704 553 rationis.
722 502 844 567 Contingit
859 509 929 553 auten
973 538 975 565 r

127 576 196 625 etiam
209 575 343 639 quandoque
362 574 423 638 quod
439 579 514 625 mutus
528 573 645 638 appetitus
663 574 772 625 senaihu
789 574 865 625 subitd
879 590 930 625 oon-
973 576 975 599 ²

127 647 207 697 mtalur
221 649 249 698 ad
267 646 473 711 apprehensionem
490 646 662 709 imaginationis
676 648 714 697 uel
727 660 825 709 sensos3
839 651 864 697 et
879 650 930 697 tunc

128 718 164 768 ille
184 723 258 769 motus
276 722 311 768 est
328 720 410 782 praeter
428 717 548 780 imperium
571 718 681 778 rationis,
697 718 804 781 quamn
818 717 929 781 potuisset
973 760 975 787 ;

127 789 255 853 impediuih
267 790 355 841 ratione
369 790 389 840 si
402 789 556 853 prouidisset.
568 790 633 839 Unde
645 789 802 853 Philosophus
811 789 870 839 dicit
880 791 927 840 inl.

128 862 230 913 Politia.
249 862 316 926 (rap.
333 861 381 925 ³),
401 860 462 925 qubd
477 877 491 908 s
507 862 567 911 ratio
583 863 671 925 preest
682 861 797 910 irascibili
811 866 837 911 et
849 874 929 911 coucu-

128 931 239 995 piscibili,
250 946 297 982 nou
309 931 438 995 principato
451 931 585 994 desponde,
593 931 633 993 qni
642 933 678 981 est
687 930 776 981 donnini
787 932 817 980 ad
826 944 926 989 seruum,

128 1004 167 1053 sed
183 1004 312 1067 principatu
325 1003 418 1067 politico
433 1006 474 1053 aut
486 1002 569 1066 regali,
581 1002 622 1066 qui
630 1005 665 1053 cst
677 1003 707 1052 ad
719 1002 815 1067 liberos,
828 1003 872 1067 qui
883 1016 926 1053 nen

129 1074 226 1124 totaliter
238 1075 365 1125 subduntur
379 1074 482 1138 imperio.
493 1091 507 1121 »

160 1146 193 1195 ll
206 1144 303 1209 primum
314 1159 369 1209 ergo
382 1144 515 1209 dicendum,
526 1146 585 1209 qurbd
597 1147 641 1195 boc
658 1148 719 1208 qnod
733 1147 803 1196 homo
816 1148 869 1197 uult
883 1162 927 1197 nun

97 1264 100 1272 ,
129 1216 299 1281 coucupboere,
313 1222 337 1287 et
351 1221 428 1269 tamen
438 1217 595 1281 concupiscit,
609 1216 723 1280 contingit
738 1232 768 1267 ex
780 1217 927 1281 dispositoris

129 1288 242 1353 corporis,
253 1302 294 1351 per
303 1302 373 1351 quam
382 1288 506 1351 impeditur
518 1287 635 1352 appetitus
643 1288 778 1348 musianus,
790 1302 821 1339 ne
833 1290 930 1339 whhhr

130 1364 236 1423 sequatur
246 1360 367 1424 imperinm
381 1358 483 1411 rationis.
501 1360 565 1409 Unde
575 1363 600 1410 et
609 1360 730 1424 Apostolos
741 1360 828 1410 ibidem
838 1362 928 1412 subdit:

131 1449 144 1477 u
155 1431 225 1481 Video
235 1432 301 1481 aliam
312 1432 386 1493 legem
397 1430 421 1479 iu
433 1432 540 1481 rnembris
550 1431 607 1481 meis
616 1434 782 1494 repugnantem
792 1432 840 1495 legi
849 1433 929 1483 mentis

129 1516 186 1553 men
196 1502 241 1566 (l).
257 1518 270 1549 n
283 1504 330 1553 lloo
343 1501 413 1553 etiam
426 1501 538 1564 contingit
552 1504 646 1566 propter
662 1502 764 1553 subitum
776 1507 867 1553 motum
878 1517 929 1554 oon·

129 1574 287 1637 euphemie,
302 1577 328 1626 ut
339 1574 423 1625 dicturo
442 1576 486 1624 est.

161 1645 195 1695 ild
209 1646 334 1697 secundnm
348 1644 481 1707 dicendum,
490 1644 551 1708 qudd
563 1644 662 1708 qualitm
675 1646 800 1710 corporalis
811 1647 928 1711 dupliciter

130 1730 154 1766 sc
169 1716 236 1764 babet
247 1716 275 1764 ad
285 1719 360 1765 actum
369 1715 485 1779 appetitis
494 1715 613 1766 sensitivi:
625 1728 671 1766 nno
679 1718 782 1767 modout
788 1721 927 1782 precedens,

131 1790 197 1850 prout
214 1785 294 1848 aliquis
316 1790 351 1837 est
369 1787 496 1851 aliqualiter
514 1788 637 1851 dispositus
658 1789 783 1840 secundhm
799 1805 886 1855 corpus
901 1791 926 1840 ad

132 1860 191 1909 hanc
202 1858 238 1907 vel
247 1856 308 1907 illam
319 1859 460 1923 passionem
472 1859 516 1910 alio
526 1861 594 1910 modo
604 1864 630 1909 ut
640 1873 785 1925 consequeus
793 1902 800 1925 ‚
809 1863 928 1913 sioutuim

131 1946 157 1982 ea
175 1931 209 1979 ira
225 1929 305 1993 aliquis
323 1930 448 1981 incalescit.
462 1931 564 1990 Qoebhs
577 1931 645 1995 igitm
661 1934 797 1995 precedens
812 1948 860 1985 non
878 1935 927 1985 sub

128 2004 191 2069 jacet
206 2002 301 2065 inperio
317 2002 425 2065 rahoms,
438 2002 492 2066 quia
506 2004 546 2053 uel
556 2007 592 2054 cst
603 2017 633 2053 ex
646 2007 741 2066 natura,
755 2005 794 2055 uel
807 2019 838 2055 ex
854 2006 926 2068 aliqua

129 2073 265 2140 precedenti
282 2072 395 2135 motione,
409 2086 461 2138 quc
482 2088 530 2125 non
548 2075 626 2125 statim
646 2073 772 2137 messere·
782 2079 875 2140 potest3
891 2077 927 2125 sed

130 2147 226 2210 qualitas
237 2158 381 2209 consequens
395 2146 497 2209 sequitur
509 2146 633 2211 imperinm
645 2145 752 2209 mtiouis,
761 2147 819 2210 puna
828 2149 927 2211 mundun

130 2222 214 2267 motuni
231 2218 325 2269 localem
340 2216 425 2277 cordis,
439 2218 500 2281 qood
512 2216 666 2269 diversimode
682 2221 788 2269 monetur
805 2218 928 2269 secundior

130 2287 234 2339 diversos
246 2292 309 2339 actus
323 2288 426 2340 sensilivi
442 2288 570 2353 appetitos.

162 2360 194 2409 ld
205 2359 297 2411 tertium
312 2359 444 2423 dicendum,
455 2359 515 2423 uubd
526 2360 580 2423 qnia
590 2360 620 2411 aul
632 2362 840 2424 apprehensionem
851 2376 929 2414 seusus

164 2486 195 2550 (1)
217 2489 261 2533 Ubi
281 2488 354 2547 legem
375 2487 399 2535 iu
420 2489 529 2535 membris
546 2488 617 2535 menti
637 2497 808 2547 repugnantem
827 2494 930 2552 sonitem

132 2554 154 2597 S.
170 2552 270 2596 Thomas
286 2549 461 2607 interpretutnr;
478 2552 517 2609 qni
533 2551 616 2597 dicitur
628 2552 669 2598 lca
681 2552 786 2615 (inquit)
801 2555 888 2612 duplici
897 2567 929 2599 ra·

130 2614 193 2657 tione
205 2631 210 2657 :
220 2612 294 2669 primb
306 2618 400 2669 propter
410 2614 496 2660 similes
507 2615 612 2672 effectus,
624 2616 678 2673 quia
688 2616 747 2662 sicut
758 2618 799 2663 lex
808 2619 837 2664 ad
846 2620 929 2664 bonum

130 2675 261 2719 laciendum
274 2676 373 2732 inducit,
388 2676 422 2719 sio
440 2684 464 2723 et
478 2678 552 2723 lomes
569 2678 656 2722 inducit
678 2680 706 2725 ad
722 2681 882 2736 peccandum
896 2691 928 2724 sc-

129 2737 203 2779 oundd
217 2742 310 2791 propter
320 2748 411 2791 poeuarn
429 2741 520 2793 peccati
529 2771 535 2796 ‚
544 2741 610 2795 cujns
622 2752 667 2785 una
681 2747 717 2787 est
728 2754 801 2788 causa
811 2748 928 2800 peccatum

130 2795 204 2849 ipsum
216 2796 277 2852 quod
289 2798 312 2840 ln
328 2804 463 2851 peccantem
478 2802 605 2845 dominium
613 2806 717 2864 accepit,
730 2811 756 2851 et
764 2805 788 2849 ei
804 2806 928 2863 legamina

130 2858 207 2909 posuit
219 2864 245 2903 ut
259 2858 331 2905 victor
345 2858 415 2917 victu,
428 2873 480 2917 pun
490 2869 528 2909 est
541 2863 624 2909 lomes.
