1984 3309
61 221 66 227 -
126 161 173 239 tid
321 195 383 233 edre
402 198 422 245 r,
440 196 534 242 onnon.
552 196 637 245 dxxix,
654 194 708 234 err.
727 198 751 233 x.

104 274 109 320 t
126 276 236 339 seperate
249 284 306 337 ques
319 284 363 323 nos
379 272 480 337 repetes
493 272 601 336 dicimus,
619 272 798 339 iutetdipmttoe
808 278 928 339 neurim

125 346 184 399 forte
203 349 297 410 propter
316 346 377 407 hoe,
395 346 454 409 quod
470 344 604 410 hujusmodi
617 345 751 396 eubsteutiae
767 358 858 410 semper
875 348 931 396 ectu

125 417 265 483 intelligunt.
276 419 301 467 lu
313 418 379 468 libn's
387 422 463 468 temen
472 419 501 468 de
511 418 589 469 Graeco
600 416 839 481 tanslatie‚dicuntur
854 417 929 467 intel-

43 554 48 561 ,
67 552 70 557 .
124 492 203 541 dectus
218 503 259 541 seu
276 492 378 539 menter.
394 488 433 539 Sic
451 502 519 553 ergo,
538 488 688 554 intelligentia
707 489 735 539 ab
748 488 868 540 intellectu
881 502 929 539 non

123 561 270 625 distinguitur
282 562 342 612 deut
350 561 450 626 potentin
465 560 643 625 dpotentiu‚sed
652 561 785 611 sieutectus
793 560 807 610 d
816 560 929 625 potentia.

124 634 308 685 iuveniturenim
317 631 930 698 tuiisdinisioetiemiphiiosophis‚c1naudoque,enim

125 705 931 770 ponuntquttuorinteileetussuiticetuiutetleetuuungeutem‚possi-

100 805 105 819 ·
124 778 203 841 bilem,
213 782 236 828 et
247 778 272 827 in
280 777 371 842 habitu,
379 780 403 827 et
416 778 533 841 adeptum.
545 794 559 823 u
571 780 671 837 Quorum
680 781 787 842 quatuor,
797 776 932 829 intellectus

124 861 195 911 egeus
208 853 232 899 et
244 848 357 914 possibilis
370 852 423 899 suut
434 849 532 899 diverse
544 848 661 913 potentie,
674 850 733 899 sicut
742 851 766 899 et
780 848 804 897 iu
820 850 931 899 omnibns

124 923 160 970 est
175 920 218 970 utin
229 921 333 983 potentin
346 920 430 982 retine,
446 921 469 969 et
486 920 530 971 alia
542 920 640 983 passive.
654 920 703 970 ilia
719 918 773 971 uerd
784 921 828 971 tria
846 919 933 971 distin-

125 994 224 1053 guuntur
236 993 412 1043 secundumtres
424 994 497 1041 status
506 990 633 1041 intellectus
644 990 767 1057 possibilis,
777 992 818 1055 qui
825 992 934 1055 wando-

125 1076 169 1127 que
181 1066 216 1113 est
229 1063 254 1113 in
266 1063 369 1127 potentie
377 1066 476 1125 tantum,
488 1066 512 1112 et
522 1062 555 1113 sic
563 1062 781 1127 dieitucpossihiiis3
790 1066 933 1130 quaudoque

125 1140 201 1185 nutem
211 1135 233 1185 iu
244 1140 296 1184 ectu
302 1134 376 1199 primo
388 1134 472 1197 quiesi
483 1135 589 1198 scientia,
596 1138 619 1185 et
630 1136 664 1185 sie
673 1134 753 1185 dicitur
759 1134 896 1187 intellectus
906 1139 933 1187 iu

125 1204 216 1269 habitu3
229 1207 364 1270 quaudoque
376 1210 452 1255 autem
462 1205 486 1254 in
497 1209 550 1255 notu
559 1206 658 1256 seeundo
672 1204 711 1268 qui
722 1209 756 1255 est
770 1206 930 1272 considerare,

124 1277 190 1327 etsie
205 1278 286 1328 dieitur
301 1277 441 1327 intellectus
458 1279 485 1326 in
496 1280 566 1333 rectu,
579 1277 628 1328 sive
640 1277 781 1327 intellectus
801 1278 927 1345 adeptus.

156 1351 189 1399 td
201 1349 301 1414 primum
314 1364 368 1412 ergo
378 1350 511 1413 dicendum,
522 1348 580 1413 qudd
592 1348 612 1399 si
626 1348 698 1413 recipi
716 1349 783 1398 dehet
795 1348 836 1399 iile
849 1356 935 1403 aueto-

123 1421 179 1471 ritcs
187 1459 195 1485 ,
211 1422 380 1485 inteltipentiu
393 1422 485 1486 ponitur
502 1434 543 1485 pro
557 1424 608 1470 ectu
622 1420 760 1471 intellectus.
776 1422 805 1470 Et
817 1422 852 1475 sic
866 1424 933 1473 diui-

125 1494 186 1544 ditur
198 1498 275 1544 contre
288 1494 437 1556 intellectum,
450 1494 509 1544 sicut
523 1497 588 1543 ectus
601 1498 678 1543 contra
691 1492 825 1556 potentiam.

156 1566 190 1615 td
207 1566 333 1615 secuudum
350 1564 482 1625 dicendum,
501 1564 559 1629 qudd
576 1564 667 1615 Boetius
685 1562 766 1627 accipit
782 1564 936 1631 inteddipert-

126 1636 191 1684 tium
200 1650 241 1699 pro
253 1638 305 1685 ectu
314 1636 456 1698 intellectus,
468 1635 508 1699 qni
517 1635 656 1685 transcendit
668 1638 740 1685 notum
749 1635 854 1687 rationis.
866 1639 935 1691 Unde

124 1706 209 1755 ibidem
229 1706 299 1766 dicit,
318 1707 379 1769 quod
394 1724 408 1753 u
423 1706 482 1755 ratio
494 1710 584 1755 tantun
598 1706 691 1758 humani
711 1704 801 1768 generis
817 1710 855 1757 est
868 1708 935 1761 sicut

124 1776 275 1841 inteliigeutin
289 1777 337 1827 solu
353 1777 409 1839 θεὶς
424 1776 541 1842 proprium
560 1777 621 1829 enirn
641 1777 682 1827 Dei
700 1782 748 1839 est,
762 1778 823 1841 quud
842 1779 937 1845 absque
984 1786 985 1831 t

125 1848 189 1899 omni
201 1848 377 1911 investigatione
388 1848 464 1898 omnia
478 1848 600 1912 intelligat.
617 1865 630 1895 u
984 1904 985 1907 Ἴ

156 1920 188 1970 td
200 1921 293 1970 tertium
309 1920 442 1982 dicendum,
455 1919 515 1984 qudd
529 1934 608 1971 omues
621 1920 653 1969 iili
668 1924 747 1979 actus,
762 1932 819 1983 quos
836 1922 940 1975 Damas-
984 1908 985 1983 i

125 1991 939 2055 oenueuumernt3suutnuiuspoteutiae,scilieetintetleetivae.Qun
984 1986 985 2047 i

126 2064 197 2127 primd
211 2064 302 2128 quidem
313 2063 444 2127 simpliciter
457 2064 542 2127 aliquid
553 2064 717 2128 apprehendit3
726 2067 749 2113 et
765 2062 885 2115 hiraetes
900 2068 940 2119 di·
984 2064 985 2125 i

125 2136 366 2198 cituriuteltipentio.
375 2135 479 2186 Secundi
490 2148 554 2198 uero,
567 2136 590 2186 id
600 2137 659 2199 quod
667 2134 829 2200 apprehendit,
840 2138 941 2191 ordinat

125 2208 152 2256 ed
172 2207 256 2270 aliquid
272 2207 333 2257 aliud
348 2209 527 2272 cognoscendum
542 2208 579 2256 uel
591 2208 742 2271 operandum
753 2210 776 2256 ct
785 2206 825 2257 hie
835 2214 941 2263 uocatur
984 2204 985 2243 ἶ

127 2280 238 2329 z'rdeute'o.
251 2280 308 2328 tium
319 2280 373 2331 uerd
387 2278 490 2343 persistit
501 2278 526 2327 iu
540 2278 687 2341 inquisitione
701 2278 764 2330 illius
777 2279 838 2342 quod
852 2280 940 2333 inten-
984 2256 985 2351 J

124 2348 165 2407 dit,
180 2352 273 2398 uocatur
285 2351 418 2413 capitatio.
430 2353 486 2400 Dum
501 2347 554 2401 uero
567 2350 591 2399 id
602 2352 660 2414 quod
675 2353 709 2401 est
722 2350 861 2415 cogitatum,
874 2366 939 2405 exa·
984 2356 985 2413 i

126 2420 197 2469 minen
214 2421 241 2469 ed
259 2420 334 2483 ulique
352 2426 427 2484 certe,
444 2422 526 2471 dieitur
546 2421 612 2470 orire
631 2420 668 2469 vei
691 2436 790 2484 supeou;
810 2424 872 2484 quod
897 2431 941 2476 est
984 2418 985 2489 i

125 2490 254 2555 phronesis
266 2492 303 2541 uel
316 2494 451 2554 supientia.
469 2495 526 2543 Nam
546 2490 663 2555 sapientior
678 2495 713 2541 est
724 2490 842 2556 judicare,
858 2499 885 2544 ut
897 2497 938 2547 di·
984 2494 985 2529 ἶ

126 2563 184 2612 citur
196 2562 221 2621 ip
235 2563 254 2611 1.
270 2561 405 2627 Metupdyo.
421 2566 456 2615 Ex
468 2578 513 2629 quo
529 2567 605 2621 nutem
622 2564 691 2614 tundet
714 2564 799 2629 aliquid
812 2578 854 2629 pro
868 2573 936 2619 certo
984 2606 985 2627 Ξ

126 2633 191 2697 quasi
204 2632 374 2696 examinatum
384 2636 468 2697 cogitet
481 2636 593 2701 quomodo
606 2635 678 2699 possit
690 2635 745 2687 illud
759 2635 809 2687 eliis
821 2638 937 2691 manifes-
984 2656 985 2701 f

126 2710 174 2755 tere
191 2720 197 2753 :
216 2706 304 2755 etheo
321 2707 384 2754 est«
402 2706 520 2770 dispositio
539 2704 654 2762 interioris
670 2706 813 2761 sermonis»
835 2722 865 2759 ex
885 2724 934 2774 pua
984 2732 985 2763 u

127 2775 228 2839 procedit
240 2774 339 2825 exterior
351 2776 443 2827 locutio
458 2780 510 2828 Nou
529 2776 590 2827 eninr
606 2778 680 2829 omnis
694 2778 821 2831 differentia
835 2784 932 2831 actuum
984 2812 985 2837 1

127 2850 241 2910 potentias
255 2846 407 2909 diversificat,
425 2850 465 2900 sed
476 2851 526 2902 sole
537 2848 578 2898 ilie
593 2862 645 2912 que
659 2864 705 2901 uou
719 2854 796 2915 potest
809 2853 889 2903 reduci
903 2854 932 2905 in

128 2919 189 2969 idem
199 2920 344 2985 principium,
360 2923 385 2969 ut
397 2933 465 2984 supra
477 2921 561 2971 dictum
576 2924 620 2969 est.
