<?xml version="1.0" encoding="UTF-8"?>
<!DOCTYPE html PUBLIC "-//W3C//DTD XHTML 1.0 Transitional//EN"
    "http://www.w3.org/TR/xhtml1/DTD/xhtml1-transitional.dtd">
<html xmlns="http://www.w3.org/1999/xhtml" xml:lang="en" lang="en">
 <head>
  <title>
</title>
<meta http-equiv="Content-Type" content="text/html;charset=utf-8" />
  <meta name='ocr-system' content='tesseract 3.04.00' />
  <meta name='ocr-capabilities' content='ocr_page ocr_carea ocr_par ocr_line ocrx_word'/>
</head>
<body>
  <div class='ocr_page' id='page_1' title='image "./summatheologica00nicogoog_0692.png"; bbox 0 0 1984 3309; ppageno 0'>
   <div class='ocr_carea' id='block_1_1' title="bbox 302 164 836 212">
    <p class='ocr_par' dir='ltr' id='par_1_1' title="bbox 302 164 836 212">
     <span class='ocr_line' id='line_1_1' title="bbox 302 164 836 212; baseline 0.009 -6"><span class='ocrx_word' id='word_1_1' title='bbox 302 167 360 212; x_wconf 83' lang='lat' dir='ltr'>oum</span> <span class='ocrx_word' id='word_1_2' title='bbox 377 169 414 208; x_wconf 90' lang='lat' dir='ltr'>srr</span> <span class='ocrx_word' id='word_1_3' title='bbox 430 168 573 210; x_wconf 74' lang='lat' dir='ltr'>marsuano.</span> <span class='ocrx_word' id='word_1_4' title='bbox 791 164 836 212; x_wconf 81' lang='lat' dir='ltr'>stt</span> 
     </span>
    </p>
   </div>
   <div class='ocr_carea' id='block_1_2' title="bbox 36 241 879 598">
    <p class='ocr_par' dir='ltr' id='par_1_2' title="bbox 36 241 879 598">
     <span class='ocr_line' id='line_1_2' title="bbox 41 241 838 308; baseline 0.011 -18"><span class='ocrx_word' id='word_1_5' title='bbox 41 243 151 306; x_wconf 78' lang='lat' dir='ltr'>peralt&#39;ud</span> <span class='ocrx_word' id='word_1_6' title='bbox 164 241 233 307; x_wconf 78' lang='lat' dir='ltr'>quam</span> <span class='ocrx_word' id='word_1_7' title='bbox 250 257 291 308; x_wconf 90' lang='lat' dir='ltr'>per</span> <span class='ocrx_word' id='word_1_8' title='bbox 305 248 380 295; x_wconf 87' lang='lat' dir='ltr'>actum</span> <span class='ocrx_word' id='word_1_9' title='bbox 391 246 524 296; x_wconf 70' lang='lat' dir='ltr'>vunculis.</span> <span class='ocrx_word' id='word_1_10' title='bbox 537 246 579 298; x_wconf 84' lang='lat' dir='ltr'>Sol</span> <span class='ocrx_word' id='word_1_11' title='bbox 592 245 649 296; x_wconf 85' lang='lat' dir='ltr'>nihil</span> <span class='ocrx_word' id='word_1_12' title='bbox 659 247 719 300; x_wconf 70' lang='lat' dir='ltr'>une</span> <span class='ocrx_word' id='word_1_13' title='bbox 731 249 788 300; x_wconf 80' lang='lat' dir='ltr'>cello</span> <span class='ocrx_word' id='word_1_14' title='bbox 804 264 838 299; x_wconf 90' lang='lat' dir='ltr'>re·</span> 
     </span>
     <span class='ocr_line' id='line_1_3' title="bbox 37 313 838 384; baseline 0.012 -22"><span class='ocrx_word' id='word_1_15' title='bbox 37 314 132 377; x_wconf 81' lang='lat' dir='ltr'>quiritur</span> <span class='ocrx_word' id='word_1_16' title='bbox 151 313 180 364; x_wconf 89' lang='lat' dir='ltr'>ad</span> <span class='ocrx_word' id='word_1_17' title='bbox 196 313 376 377; x_wconf 85' lang='lat' dir='ltr'>beatitudinem,</span> <span class='ocrx_word' id='word_1_18' title='bbox 390 317 450 366; x_wconf 91' lang='lat' dir='ltr'>sicut</span> <span class='ocrx_word' id='word_1_19' title='bbox 460 319 565 381; x_wconf 77' lang='lat' dir='ltr'>quadam</span> <span class='ocrx_word' id='word_1_20' title='bbox 583 318 659 368; x_wconf 84' lang='lat' dir='ltr'>debila</span> <span class='ocrx_word' id='word_1_21' title='bbox 677 319 838 384; x_wconf 79' lang='lat' dir='ltr'>dispositioni</span> 
     </span>
     <span class='ocr_line' id='line_1_4' title="bbox 36 385 879 457; baseline 0.013 -24"><span class='ocrx_word' id='word_1_22' title='bbox 36 386 120 450; x_wconf 79' lang='lat' dir='ltr'>ipsam3</span> <span class='ocrx_word' id='word_1_23' title='bbox 137 385 245 439; x_wconf 85' lang='lat' dir='ltr'>voluntas</span> <span class='ocrx_word' id='word_1_24' title='bbox 259 391 334 438; x_wconf 89' lang='lat' dir='ltr'>autem</span> <span class='ocrx_word' id='word_1_25' title='bbox 347 388 406 439; x_wconf 88' lang='lat' dir='ltr'>bona</span> <span class='ocrx_word' id='word_1_26' title='bbox 418 389 510 452; x_wconf 86' lang='lat' dir='ltr'>ponitur</span> <span class='ocrx_word' id='word_1_27' title='bbox 520 389 544 440; x_wconf 89' lang='lat' dir='ltr'>in</span> <span class='ocrx_word' id='word_1_28' title='bbox 558 403 652 440; x_wconf 86' lang='lat' dir='ltr'>numero</span> <span class='ocrx_word' id='word_1_29' title='bbox 666 391 775 442; x_wconf 89' lang='lat' dir='ltr'>boucmm</span> <span class='ocrx_word' id='word_1_30' title='bbox 786 407 837 457; x_wconf 80' lang='lat' dir='ltr'>qun</span> <span class='ocrx_word' id='word_1_31' title='bbox 875 397 879 404; x_wconf 89' lang='lat'>&#39;</span> 
     </span>
     <span class='ocr_line' id='line_1_5' title="bbox 38 456 838 527; baseline 0.013 -21"><span class='ocrx_word' id='word_1_32' title='bbox 38 459 127 511; x_wconf 84' lang='lat' dir='ltr'>beatum</span> <span class='ocrx_word' id='word_1_33' title='bbox 148 456 328 526; x_wconf 83' lang='lat' dir='ltr'>laciuut‚prout</span> <span class='ocrx_word' id='word_1_34' title='bbox 346 463 381 510; x_wconf 87' lang='lat' dir='ltr'>est</span> <span class='ocrx_word' id='word_1_35' title='bbox 399 458 515 510; x_wconf 82' lang='lat' dir='ltr'>inclinatio</span> <span class='ocrx_word' id='word_1_36' title='bbox 534 462 636 524; x_wconf 82' lang='lat' dir='ltr'>quedam</span> <span class='ocrx_word' id='word_1_37' title='bbox 649 462 674 512; x_wconf 91' lang='lat' dir='ltr'>in</span> <span class='ocrx_word' id='word_1_38' title='bbox 691 461 740 527; x_wconf 87' lang='lat' dir='ltr'>ipsa</span> <span class='ocrx_word' id='word_1_39' title='bbox 758 477 764 514; x_wconf 74' lang='grc' dir='ltr'><em>τ</em></span> <span class='ocrx_word' id='word_1_40' title='bbox 779 464 838 516; x_wconf 86' lang='lat' dir='ltr'>sicut</span> 
     </span>
     <span class='ocr_line' id='line_1_6' title="bbox 37 530 838 598; baseline 0.011 -21"><span class='ocrx_word' id='word_1_41' title='bbox 37 536 109 580; x_wconf 88' lang='lat' dir='ltr'>mutus</span> <span class='ocrx_word' id='word_1_42' title='bbox 121 530 240 581; x_wconf 83' lang='lat' dir='ltr'>reducitur</span> <span class='ocrx_word' id='word_1_43' title='bbox 249 531 277 580; x_wconf 88' lang='lat' dir='ltr'>ad</span> <span class='ocrx_word' id='word_1_44' title='bbox 284 543 356 593; x_wconf 78' lang='lat' dir='ltr'>genus</span> <span class='ocrx_word' id='word_1_45' title='bbox 364 530 400 581; x_wconf 90' lang='lat' dir='ltr'>sui</span> <span class='ocrx_word' id='word_1_46' title='bbox 409 531 510 594; x_wconf 86' lang='lat' dir='ltr'>termini,</span> <span class='ocrx_word' id='word_1_47' title='bbox 520 537 545 582; x_wconf 90' lang='lat' dir='ltr'>ut</span> <span class='ocrx_word' id='word_1_48' title='bbox 552 533 654 584; x_wconf 79' lang='lat' dir='ltr'>alteratio</span> <span class='ocrx_word' id='word_1_49' title='bbox 661 535 690 585; x_wconf 90' lang='lat' dir='ltr'>ad</span> <span class='ocrx_word' id='word_1_50' title='bbox 698 535 838 598; x_wconf 84' lang='lat' dir='ltr'>qualitatem.</span> 
     </span>
    </p>
   </div>
   <div class='ocr_carea' id='block_1_3' title="bbox 267 685 540 761">
    <p class='ocr_par' dir='ltr' id='par_1_3' title="bbox 267 685 540 761">
     <span class='ocr_line' id='line_1_7' title="bbox 267 685 540 761; baseline 0 -25"><span class='ocrx_word' id='word_1_51' title='bbox 267 754 271 761; x_wconf 26' lang='grc' dir='ltr'>Ι</span> <span class='ocrx_word' id='word_1_52' title='bbox 338 685 497 737; x_wconf 80' lang='lat' dir='ltr'>muscosos</span> <span class='ocrx_word' id='word_1_53' title='bbox 514 685 540 736; x_wconf 85' lang='lat' dir='ltr'>s.</span> 
     </span>
    </p>
   </div>
   <div class='ocr_carea' id='block_1_4' title="bbox 66 791 812 912">
    <p class='ocr_par' dir='ltr' id='par_1_4' title="bbox 66 791 812 912">
     <span class='ocr_line' id='line_1_8' title="bbox 66 791 812 898; baseline 0.004 -61"><span class='ocrx_word' id='word_1_54' title='bbox 66 792 155 839; x_wconf 68' lang='lat' dir='ltr'>Utrum</span> <span class='ocrx_word' id='word_1_55' title='bbox 171 791 290 837; x_wconf 78' lang='lat' dir='ltr'>dealitas-do</span> <span class='ocrx_word' id='word_1_56' title='bbox 304 793 337 836; x_wconf 82' lang='lat' dir='ltr'>sit</span> <span class='ocrx_word' id='word_1_57' title='bbox 350 792 459 898; x_wconf 48' lang='lat' dir='ltr'>operati}</span> <span class='ocrx_word' id='word_1_58' title='bbox 470 793 604 866; x_wconf 73' lang='lat' dir='ltr'>intellectus</span> <span class='ocrx_word' id='word_1_59' title='bbox 618 795 770 854; x_wconf 82' lang='lat' dir='ltr'>speculativi,</span> <span class='ocrx_word' id='word_1_60' title='bbox 780 809 812 840; x_wconf 88' lang='lat' dir='ltr'>un</span> 
     </span>
     <span class='ocr_line' id='line_1_9' title="bbox 379 867 489 912; baseline 0 -12"><span class='ocrx_word' id='word_1_61' title='bbox 379 867 439 912; x_wconf 80' lang='lat' dir='ltr'>prus</span> <span class='ocrx_word' id='word_1_62' title='bbox 451 869 489 900; x_wconf 81' lang='lat' dir='ltr'>ccc.</span> 
     </span>
    </p>
   </div>
   <div class='ocr_carea' id='block_1_5' title="bbox 39 963 839 2672">
    <p class='ocr_par' dir='ltr' id='par_1_5' title="bbox 39 963 839 1528">
     <span class='ocr_line' id='line_1_10' title="bbox 67 963 832 1030; baseline 0.001 -14"><span class='ocrx_word' id='word_1_63' title='bbox 67 966 101 1016; x_wconf 74' lang='lat' dir='ltr'>td</span> <span class='ocrx_word' id='word_1_64' title='bbox 114 963 220 1030; x_wconf 79' lang='lat' dir='ltr'>quintum</span> <span class='ocrx_word' id='word_1_65' title='bbox 233 964 266 1014; x_wconf 85' lang='lat' dir='ltr'>uic</span> <span class='ocrx_word' id='word_1_66' title='bbox 278 963 406 1027; x_wconf 80' lang='lat' dir='ltr'>proceditur·</span> <span class='ocrx_word' id='word_1_67' title='bbox 418 963 461 1027; x_wconf 81' lang='lat' dir='ltr'>(l).</span> <span class='ocrx_word' id='word_1_68' title='bbox 473 963 567 1016; x_wconf 85' lang='lat' dir='ltr'>Videtur</span> <span class='ocrx_word' id='word_1_69' title='bbox 575 965 635 1029; x_wconf 81' lang='lat' dir='ltr'>quod</span> <span class='ocrx_word' id='word_1_70' title='bbox 649 966 764 1017; x_wconf 85' lang='lat' dir='ltr'>beatitudo</span> <span class='ocrx_word' id='word_1_71' title='bbox 777 979 832 1018; x_wconf 88' lang='lat' dir='ltr'>cun-</span> 
     </span>
     <span class='ocr_line' id='line_1_11' title="bbox 40 1035 838 1102; baseline 0.005 -18"><span class='ocrx_word' id='word_1_72' title='bbox 40 1038 102 1087; x_wconf 80' lang='lat' dir='ltr'>sistat</span> <span class='ocrx_word' id='word_1_73' title='bbox 120 1035 145 1086; x_wconf 91' lang='lat' dir='ltr'>in</span> <span class='ocrx_word' id='word_1_74' title='bbox 161 1035 294 1102; x_wconf 74' lang='lat' dir='ltr'>operatione</span> <span class='ocrx_word' id='word_1_75' title='bbox 314 1035 446 1088; x_wconf 74' lang='lat' dir='ltr'>intellectus</span> <span class='ocrx_word' id='word_1_76' title='bbox 460 1038 562 1100; x_wconf 83' lang='lat' dir='ltr'>practici.</span> <span class='ocrx_word' id='word_1_77' title='bbox 581 1038 644 1089; x_wconf 83' lang='lat' dir='ltr'>Finis</span> <span class='ocrx_word' id='word_1_78' title='bbox 663 1038 725 1089; x_wconf 88' lang='lat' dir='ltr'>enim</span> <span class='ocrx_word' id='word_1_79' title='bbox 744 1038 838 1090; x_wconf 86' lang='lat' dir='ltr'>ultimus</span> 
     </span>
     <span class='ocr_line' id='line_1_12' title="bbox 39 1107 837 1171; baseline 0.006 -16"><span class='ocrx_word' id='word_1_80' title='bbox 39 1107 160 1171; x_wconf 75' lang='lat' dir='ltr'>cujuslibet</span> <span class='ocrx_word' id='word_1_81' title='bbox 179 1111 288 1158; x_wconf 79' lang='lat' dir='ltr'>crmura</span> <span class='ocrx_word' id='word_1_82' title='bbox 303 1107 407 1158; x_wconf 80' lang='lat' dir='ltr'>consistit</span> <span class='ocrx_word' id='word_1_83' title='bbox 426 1107 451 1159; x_wconf 92' lang='lat' dir='ltr'>in</span> <span class='ocrx_word' id='word_1_84' title='bbox 463 1109 628 1162; x_wconf 74' lang='lat' dir='ltr'>assimilatione</span> <span class='ocrx_word' id='word_1_85' title='bbox 646 1111 674 1160; x_wconf 89' lang='lat' dir='ltr'>ad</span> <span class='ocrx_word' id='word_1_86' title='bbox 694 1111 772 1161; x_wconf 80' lang='lat' dir='ltr'>benur.</span> <span class='ocrx_word' id='word_1_87' title='bbox 791 1111 837 1160; x_wconf 86' lang='lat' dir='ltr'>Sed</span> 
     </span>
     <span class='ocr_line' id='line_1_13' title="bbox 40 1178 838 1246; baseline 0.005 -19"><span class='ocrx_word' id='word_1_88' title='bbox 40 1181 106 1230; x_wconf 76' lang='lat' dir='ltr'>trono</span> <span class='ocrx_word' id='word_1_89' title='bbox 121 1178 196 1242; x_wconf 63' lang='lat' dir='ltr'>naus</span> <span class='ocrx_word' id='word_1_90' title='bbox 208 1179 345 1232; x_wconf 80' lang='lat' dir='ltr'>assimilatus</span> <span class='ocrx_word' id='word_1_91' title='bbox 364 1180 411 1231; x_wconf 84' lang='lat' dir='ltr'>beo</span> <span class='ocrx_word' id='word_1_92' title='bbox 426 1192 467 1244; x_wconf 84' lang='lat' dir='ltr'>per</span> <span class='ocrx_word' id='word_1_93' title='bbox 484 1181 625 1232; x_wconf 76' lang='lat' dir='ltr'>tambucam</span> <span class='ocrx_word' id='word_1_94' title='bbox 641 1182 779 1245; x_wconf 79' lang='lat' dir='ltr'>practicam,</span> <span class='ocrx_word' id='word_1_95' title='bbox 798 1181 838 1246; x_wconf 88' lang='lat' dir='ltr'>qui</span> 
     </span>
     <span class='ocr_line' id='line_1_14' title="bbox 39 1250 836 1316; baseline 0.006 -18"><span class='ocrx_word' id='word_1_96' title='bbox 39 1257 150 1302; x_wconf 77' lang='lat' dir='ltr'>estcansa</span> <span class='ocrx_word' id='word_1_97' title='bbox 160 1264 235 1302; x_wconf 88' lang='lat' dir='ltr'>rerum</span> <span class='ocrx_word' id='word_1_98' title='bbox 248 1250 425 1314; x_wconf 66' lang='lat' dir='ltr'>bubuteun,</span> <span class='ocrx_word' id='word_1_99' title='bbox 438 1251 506 1315; x_wconf 77' lang='lat' dir='ltr'>quim</span> <span class='ocrx_word' id='word_1_100' title='bbox 522 1265 562 1315; x_wconf 87' lang='lat' dir='ltr'>per</span> <span class='ocrx_word' id='word_1_101' title='bbox 575 1253 716 1303; x_wconf 86' lang='lat' dir='ltr'>intellectum</span> <span class='ocrx_word' id='word_1_102' title='bbox 733 1253 836 1316; x_wconf 71' lang='lat' dir='ltr'>spmulu</span> 
     </span>
     <span class='ocr_line' id='line_1_15' title="bbox 41 1320 839 1388; baseline 0.006 -19"><span class='ocrx_word' id='word_1_103' title='bbox 41 1323 127 1388; x_wconf 82' lang='lat' dir='ltr'>tirum,</span> <span class='ocrx_word' id='word_1_104' title='bbox 139 1322 206 1385; x_wconf 78' lang='lat' dir='ltr'>cuius</span> <span class='ocrx_word' id='word_1_105' title='bbox 225 1320 320 1375; x_wconf 74' lang='lat' dir='ltr'>muntia</span> <span class='ocrx_word' id='word_1_106' title='bbox 334 1321 472 1386; x_wconf 80' lang='lat' dir='ltr'>accipiturl</span> <span class='ocrx_word' id='word_1_107' title='bbox 490 1321 569 1374; x_wconf 85' lang='lat' dir='ltr'>rebus.</span> <span class='ocrx_word' id='word_1_108' title='bbox 588 1321 647 1386; x_wconf 69' lang='lat' dir='ltr'>Ergo</span> <span class='ocrx_word' id='word_1_109' title='bbox 666 1322 781 1374; x_wconf 70' lang='lat' dir='ltr'>mititudo</span> <span class='ocrx_word' id='word_1_110' title='bbox 798 1324 839 1374; x_wconf 88' lang='lat' dir='ltr'>bc·</span> 
     </span>
     <span class='ocr_line' id='line_1_16' title="bbox 42 1392 838 1458; baseline 0.003 -16"><span class='ocrx_word' id='word_1_111' title='bbox 42 1393 107 1445; x_wconf 86' lang='lat' dir='ltr'>uiuis</span> <span class='ocrx_word' id='word_1_112' title='bbox 120 1393 194 1458; x_wconf 73' lang='lat' dir='ltr'>magis</span> <span class='ocrx_word' id='word_1_113' title='bbox 206 1392 311 1445; x_wconf 85' lang='lat' dir='ltr'>consistit</span> <span class='ocrx_word' id='word_1_114' title='bbox 322 1393 347 1443; x_wconf 86' lang='lat' dir='ltr'>iu</span> <span class='ocrx_word' id='word_1_115' title='bbox 362 1393 493 1458; x_wconf 85' lang='lat' dir='ltr'>operatione</span> <span class='ocrx_word' id='word_1_116' title='bbox 507 1393 635 1446; x_wconf 79' lang='lat' dir='ltr'>intellectis</span> <span class='ocrx_word' id='word_1_117' title='bbox 651 1392 757 1458; x_wconf 84' lang='lat' dir='ltr'>practici,</span> <span class='ocrx_word' id='word_1_118' title='bbox 770 1393 838 1457; x_wconf 83' lang='lat' dir='ltr'>qrulm</span> 
     </span>
     <span class='ocr_line' id='line_1_17' title="bbox 42 1464 182 1528; baseline 0 -14"><span class='ocrx_word' id='word_1_119' title='bbox 42 1464 182 1528; x_wconf 75' lang='lat' dir='ltr'>speculativi.</span> 
     </span>
    </p>

    <p class='ocr_par' dir='ltr' id='par_1_6' title="bbox 42 1537 838 2030">
     <span class='ocr_line' id='line_1_18' title="bbox 69 1537 838 1601; baseline 0 -13"><span class='ocrx_word' id='word_1_120' title='bbox 69 1544 93 1588; x_wconf 84' lang='lat'>2.</span> <span class='ocrx_word' id='word_1_121' title='bbox 108 1537 234 1600; x_wconf 69' lang='lat' dir='ltr'>Praebrea,</span> <span class='ocrx_word' id='word_1_122' title='bbox 248 1537 362 1588; x_wconf 83' lang='lat' dir='ltr'>beatitudo</span> <span class='ocrx_word' id='word_1_123' title='bbox 375 1540 411 1587; x_wconf 86' lang='lat' dir='ltr'>est</span> <span class='ocrx_word' id='word_1_124' title='bbox 429 1537 555 1601; x_wconf 87' lang='lat' dir='ltr'>perlectum</span> <span class='ocrx_word' id='word_1_125' title='bbox 568 1538 652 1590; x_wconf 82' lang='lat' dir='ltr'>bonum</span> <span class='ocrx_word' id='word_1_126' title='bbox 666 1537 775 1588; x_wconf 83' lang='lat' dir='ltr'>bominis.</span> <span class='ocrx_word' id='word_1_127' title='bbox 793 1537 838 1588; x_wconf 84' lang='lat' dir='ltr'>Sed</span> 
     </span>
     <span class='ocr_line' id='line_1_19' title="bbox 42 1607 838 1674; baseline 0.004 -19"><span class='ocrx_word' id='word_1_128' title='bbox 42 1608 167 1660; x_wconf 81' lang='lat' dir='ltr'>intellectus</span> <span class='ocrx_word' id='word_1_129' title='bbox 179 1607 292 1674; x_wconf 86' lang='lat' dir='ltr'>practicus</span> <span class='ocrx_word' id='word_1_130' title='bbox 308 1607 380 1671; x_wconf 74' lang='lat' dir='ltr'>magis</span> <span class='ocrx_word' id='word_1_131' title='bbox 392 1608 509 1659; x_wconf 87' lang='lat' dir='ltr'>ordinatur</span> <span class='ocrx_word' id='word_1_132' title='bbox 520 1608 548 1658; x_wconf 91' lang='lat' dir='ltr'>ad</span> <span class='ocrx_word' id='word_1_133' title='bbox 562 1609 657 1673; x_wconf 88' lang='lat' dir='ltr'>bonum,</span> <span class='ocrx_word' id='word_1_134' title='bbox 671 1607 738 1672; x_wconf 78' lang='lat' dir='ltr'>quiam</span> <span class='ocrx_word' id='word_1_135' title='bbox 752 1621 838 1672; x_wconf 86' lang='lat' dir='ltr'>specu-</span> 
     </span>
     <span class='ocr_line' id='line_1_20' title="bbox 43 1679 835 1745; baseline 0.005 -19"><span class='ocrx_word' id='word_1_136' title='bbox 43 1680 134 1744; x_wconf 77' lang='lat' dir='ltr'>laturus,</span> <span class='ocrx_word' id='word_1_137' title='bbox 148 1679 188 1744; x_wconf 79' lang='lat' dir='ltr'>uni</span> <span class='ocrx_word' id='word_1_138' title='bbox 204 1679 320 1731; x_wconf 83' lang='lat' dir='ltr'>ordinatur</span> <span class='ocrx_word' id='word_1_139' title='bbox 333 1680 362 1729; x_wconf 85' lang='lat' dir='ltr'>ad</span> <span class='ocrx_word' id='word_1_140' title='bbox 379 1692 458 1729; x_wconf 86' lang='lat' dir='ltr'>serum</span> <span class='ocrx_word' id='word_1_141' title='bbox 474 1695 480 1728; x_wconf 82' lang='lat'>2</span> <span class='ocrx_word' id='word_1_142' title='bbox 495 1681 557 1730; x_wconf 86' lang='lat' dir='ltr'>unde</span> <span class='ocrx_word' id='word_1_143' title='bbox 572 1683 595 1730; x_wconf 86' lang='lat' dir='ltr'>et</span> <span class='ocrx_word' id='word_1_144' title='bbox 611 1680 735 1734; x_wconf 75' lang='lat' dir='ltr'>umuttm</span> <span class='ocrx_word' id='word_1_145' title='bbox 749 1679 835 1745; x_wconf 80' lang='lat' dir='ltr'>pentec·</span> 
     </span>
     <span class='ocr_line' id='line_1_21' title="bbox 43 1750 838 1815; baseline 0.004 -16"><span class='ocrx_word' id='word_1_146' title='bbox 43 1752 126 1802; x_wconf 88' lang='lat' dir='ltr'>tionem</span> <span class='ocrx_word' id='word_1_147' title='bbox 142 1750 236 1815; x_wconf 86' lang='lat' dir='ltr'>practici</span> <span class='ocrx_word' id='word_1_148' title='bbox 242 1751 373 1802; x_wconf 75' lang='lat' dir='ltr'>intellectis</span> <span class='ocrx_word' id='word_1_149' title='bbox 384 1751 480 1802; x_wconf 75' lang='lat' dir='ltr'>dicimur</span> <span class='ocrx_word' id='word_1_150' title='bbox 491 1752 554 1815; x_wconf 80' lang='lat' dir='ltr'>boui,</span> <span class='ocrx_word' id='word_1_151' title='bbox 563 1764 609 1802; x_wconf 88' lang='lat' dir='ltr'>uon</span> <span class='ocrx_word' id='word_1_152' title='bbox 623 1755 699 1802; x_wconf 74' lang='lat' dir='ltr'>numm</span> <span class='ocrx_word' id='word_1_153' title='bbox 713 1751 838 1804; x_wconf 65' lang='lat' dir='ltr'>marolium</span> 
     </span>
     <span class='ocr_line' id='line_1_22' title="bbox 44 1821 838 1888; baseline 0.003 -18"><span class='ocrx_word' id='word_1_154' title='bbox 44 1821 201 1882; x_wconf 70' lang='lat' dir='ltr'>perlectionem</span> <span class='ocrx_word' id='word_1_155' title='bbox 220 1821 352 1888; x_wconf 77' lang='lat' dir='ltr'>speculativi</span> <span class='ocrx_word' id='word_1_156' title='bbox 365 1822 507 1886; x_wconf 81' lang='lat' dir='ltr'>intellectis,</span> <span class='ocrx_word' id='word_1_157' title='bbox 523 1823 563 1873; x_wconf 89' lang='lat' dir='ltr'>sed</span> <span class='ocrx_word' id='word_1_158' title='bbox 580 1822 704 1874; x_wconf 80' lang='lat' dir='ltr'>secundnm</span> <span class='ocrx_word' id='word_1_159' title='bbox 718 1837 767 1874; x_wconf 89' lang='lat' dir='ltr'>eam</span> <span class='ocrx_word' id='word_1_160' title='bbox 781 1823 838 1874; x_wconf 88' lang='lat' dir='ltr'>dici-</span> 
     </span>
     <span class='ocr_line' id='line_1_23' title="bbox 45 1891 838 1958; baseline 0.006 -17"><span class='ocrx_word' id='word_1_161' title='bbox 45 1907 92 1944; x_wconf 86' lang='lat' dir='ltr'>mur</span> <span class='ocrx_word' id='word_1_162' title='bbox 104 1894 203 1946; x_wconf 69' lang='lat' dir='ltr'>sununs</span> <span class='ocrx_word' id='word_1_163' title='bbox 218 1894 256 1947; x_wconf 88' lang='lat' dir='ltr'>vel</span> <span class='ocrx_word' id='word_1_164' title='bbox 273 1891 436 1956; x_wconf 74' lang='lat' dir='ltr'>intelligentes.</span> <span class='ocrx_word' id='word_1_165' title='bbox 448 1895 508 1956; x_wconf 78' lang='lat' dir='ltr'>nugo</span> <span class='ocrx_word' id='word_1_166' title='bbox 520 1894 636 1947; x_wconf 81' lang='lat' dir='ltr'>beatitudo</span> <span class='ocrx_word' id='word_1_167' title='bbox 652 1895 751 1946; x_wconf 86' lang='lat' dir='ltr'>bominis</span> <span class='ocrx_word' id='word_1_168' title='bbox 766 1895 838 1958; x_wconf 75' lang='lat' dir='ltr'>magis</span> 
     </span>
     <span class='ocr_line' id='line_1_24' title="bbox 46 1964 722 2030; baseline 0.006 -18"><span class='ocrx_word' id='word_1_169' title='bbox 46 1966 144 2021; x_wconf 57' lang='lat' dir='ltr'>uunswt</span> <span class='ocrx_word' id='word_1_170' title='bbox 155 1967 180 2016; x_wconf 92' lang='lat' dir='ltr'>iu</span> <span class='ocrx_word' id='word_1_171' title='bbox 190 1969 244 2017; x_wconf 85' lang='lat' dir='ltr'>actu</span> <span class='ocrx_word' id='word_1_172' title='bbox 254 1964 384 2016; x_wconf 78' lang='lat' dir='ltr'>intclbcttls</span> <span class='ocrx_word' id='word_1_173' title='bbox 398 1965 490 2030; x_wconf 85' lang='lat' dir='ltr'>practici</span> <span class='ocrx_word' id='word_1_174' title='bbox 503 1965 569 2028; x_wconf 75' lang='lat' dir='ltr'>quiin</span> <span class='ocrx_word' id='word_1_175' title='bbox 582 1965 722 2028; x_wconf 77' lang='lat' dir='ltr'>speculativi.</span> 
     </span>
    </p>

    <p class='ocr_par' dir='ltr' id='par_1_7' title="bbox 46 2036 839 2459">
     <span class='ocr_line' id='line_1_25' title="bbox 75 2036 835 2101; baseline 0 -15"><span class='ocrx_word' id='word_1_176' title='bbox 75 2043 95 2088; x_wconf 84' lang='lat' dir='ltr'>s.</span> <span class='ocrx_word' id='word_1_177' title='bbox 109 2039 235 2101; x_wconf 71' lang='lat' dir='ltr'>Punicana,</span> <span class='ocrx_word' id='word_1_178' title='bbox 247 2037 361 2088; x_wconf 87' lang='lat' dir='ltr'>beatitudo</span> <span class='ocrx_word' id='word_1_179' title='bbox 373 2041 409 2090; x_wconf 84' lang='lat' dir='ltr'>est</span> <span class='ocrx_word' id='word_1_180' title='bbox 423 2039 535 2100; x_wconf 80' lang='lat' dir='ltr'>quoddam</span> <span class='ocrx_word' id='word_1_181' title='bbox 545 2037 629 2089; x_wconf 70' lang='lat' dir='ltr'>mauu</span> <span class='ocrx_word' id='word_1_182' title='bbox 642 2036 715 2100; x_wconf 88' lang='lat' dir='ltr'>ipsius</span> <span class='ocrx_word' id='word_1_183' title='bbox 728 2037 835 2088; x_wconf 86' lang='lat' dir='ltr'>bominis.</span> 
     </span>
     <span class='ocr_line' id='line_1_26' title="bbox 46 2108 838 2174; baseline -0.001 -15"><span class='ocrx_word' id='word_1_184' title='bbox 46 2111 87 2159; x_wconf 86' lang='lat' dir='ltr'>Sed</span> <span class='ocrx_word' id='word_1_185' title='bbox 96 2110 251 2174; x_wconf 85' lang='lat' dir='ltr'>speculatisus</span> <span class='ocrx_word' id='word_1_186' title='bbox 260 2108 390 2166; x_wconf 85' lang='lat' dir='ltr'>intellectus</span> <span class='ocrx_word' id='word_1_187' title='bbox 398 2113 523 2173; x_wconf 82' lang='lat' dir='ltr'>occupatur</span> <span class='ocrx_word' id='word_1_188' title='bbox 532 2108 604 2171; x_wconf 79' lang='lat' dir='ltr'>magis</span> <span class='ocrx_word' id='word_1_189' title='bbox 613 2109 673 2158; x_wconf 86' lang='lat' dir='ltr'>circa</span> <span class='ocrx_word' id='word_1_190' title='bbox 685 2121 712 2160; x_wconf 88' lang='lat' dir='ltr'>ea</span> <span class='ocrx_word' id='word_1_191' title='bbox 723 2123 773 2173; x_wconf 81' lang='lat' dir='ltr'>quac</span> <span class='ocrx_word' id='word_1_192' title='bbox 784 2114 838 2158; x_wconf 89' lang='lat' dir='ltr'>suut</span> 
     </span>
     <span class='ocr_line' id='line_1_27' title="bbox 47 2179 839 2244; baseline 0.001 -15"><span class='ocrx_word' id='word_1_193' title='bbox 47 2185 104 2234; x_wconf 77' lang='lat' dir='ltr'>cntra</span> <span class='ocrx_word' id='word_1_194' title='bbox 119 2181 250 2243; x_wconf 84' lang='lat' dir='ltr'>bominem3</span> <span class='ocrx_word' id='word_1_195' title='bbox 267 2179 379 2244; x_wconf 81' lang='lat' dir='ltr'>practicus</span> <span class='ocrx_word' id='word_1_196' title='bbox 400 2183 476 2230; x_wconf 86' lang='lat' dir='ltr'>autem</span> <span class='ocrx_word' id='word_1_197' title='bbox 491 2179 620 2230; x_wconf 86' lang='lat' dir='ltr'>intellectus</span> <span class='ocrx_word' id='word_1_198' title='bbox 636 2181 760 2241; x_wconf 87' lang='lat' dir='ltr'>occupatur</span> <span class='ocrx_word' id='word_1_199' title='bbox 778 2179 839 2230; x_wconf 89' lang='lat' dir='ltr'>circa</span> 
     </span>
     <span class='ocr_line' id='line_1_28' title="bbox 48 2250 838 2317; baseline 0.004 -18"><span class='ocrx_word' id='word_1_200' title='bbox 48 2265 73 2299; x_wconf 81' lang='lat' dir='ltr'>ca</span> <span class='ocrx_word' id='word_1_201' title='bbox 82 2267 128 2317; x_wconf 82' lang='lat' dir='ltr'>quc</span> <span class='ocrx_word' id='word_1_202' title='bbox 140 2256 195 2304; x_wconf 86' lang='lat' dir='ltr'>sunt</span> <span class='ocrx_word' id='word_1_203' title='bbox 206 2252 280 2316; x_wconf 87' lang='lat' dir='ltr'>ipsius</span> <span class='ocrx_word' id='word_1_204' title='bbox 295 2251 407 2312; x_wconf 74' lang='lat' dir='ltr'>bunius,</span> <span class='ocrx_word' id='word_1_205' title='bbox 417 2251 504 2302; x_wconf 87' lang='lat' dir='ltr'>scilicet</span> <span class='ocrx_word' id='word_1_206' title='bbox 514 2251 574 2301; x_wconf 82' lang='lat' dir='ltr'>circa</span> <span class='ocrx_word' id='word_1_207' title='bbox 588 2250 731 2314; x_wconf 86' lang='lat' dir='ltr'>opcmticucs</span> <span class='ocrx_word' id='word_1_208' title='bbox 744 2255 768 2300; x_wconf 85' lang='lat' dir='ltr'>et</span> <span class='ocrx_word' id='word_1_209' title='bbox 785 2264 838 2315; x_wconf 86' lang='lat' dir='ltr'>pas-</span> 
     </span>
     <span class='ocr_line' id='line_1_29' title="bbox 49 2319 839 2388; baseline 0.003 -18"><span class='ocrx_word' id='word_1_210' title='bbox 49 2321 118 2374; x_wconf 80' lang='lat' dir='ltr'>siones</span> <span class='ocrx_word' id='word_1_211' title='bbox 130 2323 189 2388; x_wconf 81' lang='lat' dir='ltr'>ejus</span> <span class='ocrx_word' id='word_1_212' title='bbox 200 2325 259 2386; x_wconf 75' lang='lat' dir='ltr'>Ergo</span> <span class='ocrx_word' id='word_1_213' title='bbox 272 2322 386 2374; x_wconf 87' lang='lat' dir='ltr'>beatitudo</span> <span class='ocrx_word' id='word_1_214' title='bbox 400 2323 500 2375; x_wconf 89' lang='lat' dir='ltr'>bominis</span> <span class='ocrx_word' id='word_1_215' title='bbox 514 2321 586 2386; x_wconf 81' lang='lat' dir='ltr'>magis</span> <span class='ocrx_word' id='word_1_216' title='bbox 604 2319 743 2372; x_wconf 85' lang='lat' dir='ltr'>consistitin</span> <span class='ocrx_word' id='word_1_217' title='bbox 759 2335 839 2386; x_wconf 88' lang='lat' dir='ltr'>opera-</span> 
     </span>
     <span class='ocr_line' id='line_1_30' title="bbox 49 2392 745 2459; baseline 0.003 -20"><span class='ocrx_word' id='word_1_218' title='bbox 49 2393 104 2445; x_wconf 84' lang='lat' dir='ltr'>tione</span> <span class='ocrx_word' id='word_1_219' title='bbox 116 2393 247 2446; x_wconf 85' lang='lat' dir='ltr'>lntellectds</span> <span class='ocrx_word' id='word_1_220' title='bbox 258 2393 366 2458; x_wconf 87' lang='lat' dir='ltr'>practici,</span> <span class='ocrx_word' id='word_1_221' title='bbox 381 2393 449 2459; x_wconf 78' lang='lat' dir='ltr'>quau</span> <span class='ocrx_word' id='word_1_222' title='bbox 460 2394 590 2446; x_wconf 83' lang='lat' dir='ltr'>intellectds</span> <span class='ocrx_word' id='word_1_223' title='bbox 602 2392 745 2457; x_wconf 84' lang='lat' dir='ltr'>speculativi.</span> 
     </span>
    </p>

    <p class='ocr_par' dir='ltr' id='par_1_8' title="bbox 50 2464 839 2672">
     <span class='ocr_line' id='line_1_31' title="bbox 79 2464 839 2528; baseline -0.004 -11"><span class='ocrx_word' id='word_1_224' title='bbox 79 2465 119 2517; x_wconf 85' lang='lat' dir='ltr'>Sed</span> <span class='ocrx_word' id='word_1_225' title='bbox 138 2470 215 2516; x_wconf 75' lang='lat' dir='ltr'>centn</span> <span class='ocrx_word' id='word_1_226' title='bbox 237 2468 284 2527; x_wconf 87' lang='lat' dir='ltr'>cst,</span> <span class='ocrx_word' id='word_1_227' title='bbox 303 2466 364 2528; x_wconf 72' lang='lat' dir='ltr'>pand</span> <span class='ocrx_word' id='word_1_228' title='bbox 384 2465 523 2528; x_wconf 70' lang='lat' dir='ltr'>Augustinus</span> <span class='ocrx_word' id='word_1_229' title='bbox 547 2466 603 2516; x_wconf 88' lang='lat' dir='ltr'>dicit</span> <span class='ocrx_word' id='word_1_230' title='bbox 623 2464 647 2514; x_wconf 93' lang='lat' dir='ltr'>in</span> <span class='ocrx_word' id='word_1_231' title='bbox 666 2465 682 2513; x_wconf 86' lang='lat' dir='ltr'>l.</span> <span class='ocrx_word' id='word_1_232' title='bbox 711 2465 746 2514; x_wconf 84' lang='lat' dir='ltr'>De</span> <span class='ocrx_word' id='word_1_233' title='bbox 770 2465 839 2514; x_wconf 84' lang='lat' dir='ltr'>Tm&#39;u.</span> 
     </span>
     <span class='ocr_line' id='line_1_32' title="bbox 51 2534 839 2601; baseline -0.009 -10"><span class='ocrx_word' id='word_1_234' title='bbox 51 2537 110 2599; x_wconf 84' lang='lat' dir='ltr'>lcap.</span> <span class='ocrx_word' id='word_1_235' title='bbox 121 2540 167 2599; x_wconf 82' lang='lat'>8),</span> <span class='ocrx_word' id='word_1_236' title='bbox 182 2536 243 2601; x_wconf 84' lang='lat' dir='ltr'>quod</span> <span class='ocrx_word' id='word_1_237' title='bbox 258 2553 272 2584; x_wconf 86' lang='lat' dir='ltr'>u</span> <span class='ocrx_word' id='word_1_238' title='bbox 290 2536 449 2601; x_wconf 89' lang='lat' dir='ltr'>contemplatio</span> <span class='ocrx_word' id='word_1_239' title='bbox 467 2535 606 2600; x_wconf 85' lang='lat' dir='ltr'>promittitur</span> <span class='ocrx_word' id='word_1_240' title='bbox 626 2536 705 2597; x_wconf 86' lang='lat' dir='ltr'>uubis,</span> <span class='ocrx_word' id='word_1_241' title='bbox 724 2534 839 2586; x_wconf 89' lang='lat' dir='ltr'>actionum</span> 
     </span>
     <span class='ocr_line' id='line_1_33' title="bbox 50 2607 709 2672; baseline 0.005 -19"><span class='ocrx_word' id='word_1_242' title='bbox 50 2608 222 2672; x_wconf 79' lang='lat' dir='ltr'>numantinis,</span> <span class='ocrx_word' id='word_1_243' title='bbox 239 2611 307 2672; x_wconf 81' lang='lat' dir='ltr'>atquc</span> <span class='ocrx_word' id='word_1_244' title='bbox 321 2611 406 2661; x_wconf 82' lang='lat' dir='ltr'>eterra</span> <span class='ocrx_word' id='word_1_245' title='bbox 418 2609 528 2672; x_wconf 78' lang='lat' dir='ltr'>perfectio</span> <span class='ocrx_word' id='word_1_246' title='bbox 542 2607 685 2670; x_wconf 77' lang='lat' dir='ltr'>gaudiorum.</span> <span class='ocrx_word' id='word_1_247' title='bbox 695 2625 709 2656; x_wconf 92' lang='lat'>»</span> 
     </span>
    </p>
   </div>
   <div class='ocr_carea' id='block_1_6' title="bbox 53 2768 879 2956">
    <p class='ocr_par' dir='ltr' id='par_1_9' title="bbox 53 2768 879 2956">
     <span class='ocr_line' id='line_1_34' title="bbox 84 2768 841 2830; baseline 0.005 -16"><span class='ocrx_word' id='word_1_248' title='bbox 84 2768 111 2829; x_wconf 77' lang='lat' dir='ltr'>(l)</span> <span class='ocrx_word' id='word_1_249' title='bbox 122 2773 198 2818; x_wconf 74' lang='lat' dir='ltr'>babis</span> <span class='ocrx_word' id='word_1_250' title='bbox 211 2773 283 2820; x_wconf 82' lang='lat' dir='ltr'>etism</span> <span class='ocrx_word' id='word_1_251' title='bbox 296 2774 316 2816; x_wconf 87' lang='lat' dir='ltr'>l.</span> <span class='ocrx_word' id='word_1_252' title='bbox 333 2777 404 2830; x_wconf 76' lang='lat' dir='ltr'>part,</span> <span class='ocrx_word' id='word_1_253' title='bbox 419 2785 462 2828; x_wconf 78' lang='lat' dir='ltr'>qu.</span> <span class='ocrx_word' id='word_1_254' title='bbox 477 2771 518 2829; x_wconf 58' lang='grc' dir='ltr'>Ἠ),</span> <span class='ocrx_word' id='word_1_255' title='bbox 533 2777 576 2817; x_wconf 84' lang='lat' dir='ltr'>ert.</span> <span class='ocrx_word' id='word_1_256' title='bbox 589 2771 615 2824; x_wconf 78' lang='lat'>⁸3</span> <span class='ocrx_word' id='word_1_257' title='bbox 631 2778 657 2816; x_wconf 89' lang='lat' dir='ltr'>ut</span> <span class='ocrx_word' id='word_1_258' title='bbox 673 2777 697 2816; x_wconf 85' lang='lat' dir='ltr'>ct</span> <span class='ocrx_word' id='word_1_259' title='bbox 709 2771 751 2827; x_wconf 80' lang='lat' dir='ltr'>tv,</span> <span class='ocrx_word' id='word_1_260' title='bbox 763 2769 841 2818; x_wconf 55' lang='lat' dir='ltr'>Suet„</span> 
     </span>
     <span class='ocr_line' id='line_1_35' title="bbox 53 2830 879 2898; baseline -0.001 -22"><span class='ocrx_word' id='word_1_261' title='bbox 53 2830 100 2876; x_wconf 83' lang='lat' dir='ltr'>dist.</span> <span class='ocrx_word' id='word_1_262' title='bbox 111 2833 149 2893; x_wconf 84' lang='lat' dir='ltr'>ts,</span> <span class='ocrx_word' id='word_1_263' title='bbox 157 2849 198 2894; x_wconf 76' lang='lat' dir='ltr'>qu.</span> <span class='ocrx_word' id='word_1_264' title='bbox 207 2833 232 2893; x_wconf 84' lang='lat'>1,</span> <span class='ocrx_word' id='word_1_265' title='bbox 242 2840 287 2880; x_wconf 86' lang='lat' dir='ltr'>art.</span> <span class='ocrx_word' id='word_1_266' title='bbox 298 2833 309 2879; x_wconf 85' lang='lat' dir='ltr'>l</span> <span class='ocrx_word' id='word_1_267' title='bbox 320 2835 473 2893; x_wconf 72' lang='lat' dir='ltr'>‚quaestiuuu</span> <span class='ocrx_word' id='word_1_268' title='bbox 481 2833 504 2888; x_wconf 66' lang='grc' dir='ltr'>’ὃς</span> <span class='ocrx_word' id='word_1_269' title='bbox 517 2841 542 2880; x_wconf 83' lang='lat' dir='ltr'>st</span> <span class='ocrx_word' id='word_1_270' title='bbox 556 2836 656 2892; x_wconf 71' lang='lat' dir='ltr'>Opust„</span> <span class='ocrx_word' id='word_1_271' title='bbox 665 2835 708 2891; x_wconf 83' lang='lat'>111,</span> <span class='ocrx_word' id='word_1_272' title='bbox 717 2845 770 2888; x_wconf 88' lang='lat' dir='ltr'>cap.</span> <span class='ocrx_word' id='word_1_273' title='bbox 784 2830 838 2884; x_wconf 50' lang='lat'>25&amp;</span> <span class='ocrx_word' id='word_1_274' title='bbox 861 2869 879 2898; x_wconf 59' lang='lat'><strong>·</strong></span> 
     </span>
     <span class='ocr_line' id='line_1_36' title="bbox 56 2897 514 2956; baseline 0.002 -14"><span class='ocrx_word' id='word_1_275' title='bbox 56 2899 148 2954; x_wconf 76' lang='lat' dir='ltr'>elsnper</span> <span class='ocrx_word' id='word_1_276' title='bbox 159 2899 180 2944; x_wconf 89' lang='lat'>1.</span> <span class='ocrx_word' id='word_1_277' title='bbox 192 2897 287 2949; x_wconf 68' lang='lat' dir='ltr'>nito„</span> <span class='ocrx_word' id='word_1_278' title='bbox 300 2898 355 2950; x_wconf 81' lang='lat' dir='ltr'>lect.</span> <span class='ocrx_word' id='word_1_279' title='bbox 376 2897 420 2956; x_wconf 82' lang='lat' dir='ltr'>to,</span> <span class='ocrx_word' id='word_1_280' title='bbox 433 2897 479 2944; x_wconf 87' lang='lat' dir='ltr'>col.</span> <span class='ocrx_word' id='word_1_281' title='bbox 490 2897 514 2943; x_wconf 61' lang='grc' dir='ltr'>ἢ.</span> 
     </span>
    </p>
   </div>
   <div class='ocr_carea' id='block_1_7' title="bbox 0 0 1015 3309">
    <p class='ocr_par' dir='ltr' id='par_1_10' title="bbox 0 0 1015 3309">
     <span class='ocr_line' id='line_1_37' title="bbox 0 0 1015 3309; baseline 0 0"><span class='ocrx_word' id='word_1_282' title='bbox 0 0 1015 3309; x_wconf 95' lang='lat' dir='ltr'> </span> 
     </span>
    </p>
   </div>
  </div>
 </body>
</html>
