1984 3309
132 150 178 197 894
279 158 354 197 rrum
368 158 495 206 arcemn,
509 155 603 200 onnon.
618 155 674 204 ιιι,
688 154 750 195 aar.
767 160 796 195 x.

132 240 167 287 est
182 236 281 301 primum
295 237 319 286 in
330 234 431 299 quolibet
445 246 544 297 genere,
556 236 593 283 est
605 245 717 283 mensura
729 237 757 283 et
766 235 831 286 ratio
845 234 942 287 omniun

132 324 183 375 quae
196 312 250 359 sunt
263 308 324 357 iltius
337 306 425 371 generis
432 308 448 355 ri
460 306 491 371 (X
501 307 620 369 dietant„
632 308 692 355 text.
705 305 742 369 2).
760 307 944 372 Unumquodque

133 387 208 433 autern
221 385 308 431 rectum
321 384 344 430 et
360 380 444 429 bonum
461 381 496 427 est
513 378 659 441 inquantum
675 378 777 442 attingit
789 380 822 429 ad
833 381 943 445 proprian

132 466 267 506 mensuram.
283 452 340 513 Ergo
350 450 378 500 ad
392 450 436 499 hoe
451 448 514 513 qudd
526 449 631 501 voluntas
647 448 753 499 hominis
768 450 801 502 sit
815 452 889 515 bona,
908 464 943 499 re·

132 526 229 591 quiritur
242 524 302 587 quod
316 522 470 572 conformetur
484 520 595 571 voluntati
610 519 702 571 divinae.

164 598 196 647 dd
211 596 307 659 primum
330 606 385 657 ergo
408 593 546 654 dicendum,
562 592 625 656 qnod
641 593 755 644 voluntas
778 594 885 646 hominis
902 608 943 644 non

132 670 208 732 potest
216 665 353 717 eonformari
368 664 480 716 voluntati
491 665 577 715 divina
588 678 629 729 per
642 664 844 729 equinaramiam
856 668 897 719 sed
908 680 944 731 per

132 739 294 801 imitationem
308 742 331 789 at
340 736 442 789 similiter
452 736 604 788 conformatur
615 736 715 787 seientia
723 738 836 792 hominis
846 739 945 791 seientia

83 822 87 831 ·
134 809 231 873 divine,
244 810 268 859 in
281 814 391 874 quantum
403 807 519 871 cognoscit
530 822 626 867 rerum
636 812 660 859 et
668 808 730 859 aetio
745 809 856 861 hominis
866 809 947 861 aetion

135 881 235 945 divina,
249 882 274 933 in
284 886 393 946 quantum
407 886 440 931 est
453 880 532 944 agenti
544 880 700 940 armeniorum
711 884 739 931 et
752 882 802 932 hoc
816 896 861 947 per
876 883 947 933 imita-

135 955 230 1017 tionem,
243 966 290 1004 non
304 957 380 1005 autam
393 966 434 1017 per
447 952 641 1016 aqnprrartiam.

168 1026 232 1077 Unde
245 1028 308 1089 patet
321 1025 404 1077 solutio
417 1025 446 1075 ad
458 1025 584 1075 seeundum
600 1027 624 1075 et
634 1023 730 1074 tertium
743 1030 923 1089 argumentum.

434 1177 592 1228 maildunus
609 1178 637 1227 X.

151 1294 236 1341 Utrr'em
246 1293 404 1339 neceesarium
418 1292 450 1339 ait
465 1294 613 1337 voluntatem
629 1289 764 1337 haemonam
779 1296 935 1350 conformari

216 1355 337 1401 autoritati
352 1356 438 1401 divina
448 1354 473 1399 r‘n
482 1354 556 1399 volito
561 1387 568 1410 ,
580 1354 611 1399 ad
621 1354 662 1398 doc
672 1355 736 1419 quod
746 1354 782 1399 sit
795 1357 869 1403 borao.

169 1484 202 1534 dd
218 1484 332 1534 decimum
345 1483 377 1533 sir
392 1482 523 1547 proceditur
532 1481 574 1547 (t).
589 1481 684 1531 Videtur
699 1481 762 1544 qnod
777 1483 891 1535 voluntas
908 1487 946 1533 iro-

95 1580 100 1597 ·
136 1556 206 1607 minis
221 1568 266 1606 non
283 1556 364 1607 debeat
378 1568 469 1619 semper
482 1553 617 1605 eontormari
633 1552 717 1603 divina
733 1554 856 1606 voluntati
870 1556 895 1607 in
913 1569 946 1604 vo

136 1628 186 1679 lito.
200 1628 250 1678 Non
261 1627 323 1677 enim
340 1640 460 1692 possumus
473 1626 533 1676 veile
545 1626 604 1689 qood
614 1624 761 1688 ignoramns;
779 1626 873 1677 bonum
890 1628 946 1678 eninr

136 1700 302 1763 apprehensum
323 1703 358 1749 est
378 1698 492 1762 objectum
510 1696 644 1748 voluntatis.
664 1696 709 1745 Sed
730 1696 790 1759 quid
811 1698 877 1749 Deus
897 1681 963 1747 vetit'

137 1770 268 1833 ignoramus
282 1772 306 1819 in
320 1770 431 1834 plurimis.
447 1770 506 1835 Ergo
523 1782 568 1819 nou
577 1771 656 1833 potest
670 1768 774 1818 humana
788 1770 903 1821 voluntas
915 1771 947 1819 di-

136 1840 196 1891 rino
207 1841 321 1892 voluntati
338 1841 473 1893 conformari
486 1841 512 1890 in
523 1840 602 1892 volito.

169 1918 193 1965 2.
207 1915 334 1977 Praeterea,
345 1915 404 1965 Deus
418 1914 467 1964 vult
479 1914 586 1963 daumero
596 1913 711 1977 aliquem,
725 1926 800 1976 quem
818 1916 915 1979 praeerit
924 1916 945 1964 in

139 1986 228 2039 mortali
236 1988 330 2051 peeoato
340 1986 483 2036 moriturum.
493 1986 518 2036 Si
529 1998 583 2049 ergo
591 1986 660 2035 homo
670 1988 792 2036 teneretur
803 1989 945 2039 oonsormare

138 2059 278 2110 voluntatem
293 2070 358 2108 suam
372 2056 454 2107 diuinae
466 2057 579 2107 voluntati
592 2056 617 2106 in
630 2055 716 2119 volito,
733 2062 877 2121 sequeretur
889 2060 946 2123 quod

138 2134 207 2183 homo
224 2132 339 2181 teneretur
352 2128 411 2179 velle
425 2137 489 2179 suam
508 2129 691 2190 damnationem,
705 2130 768 2193 qnod
786 2133 826 2180 est
839 2130 945 2181 inconve-

139 2215 212 2254 mens.

172 2280 194 2323 e.
213 2276 338 2337 proterea,
352 2272 427 2322 nutius
444 2275 537 2323 tenetur
553 2271 612 2323 vetio
627 2270 712 2335 aliquid
733 2274 795 2335 qnod
813 2278 852 2324 est
870 2279 943 2324 contra

139 2346 255 2409 pietatem.
270 2346 314 2396 Sed
327 2344 347 2395 si
359 2346 429 2394 horno
442 2345 512 2394 veltet
525 2344 581 2394 illud
594 2344 656 2406 quod
677 2344 737 2393 Dens
752 2344 820 2408 vult,
833 2347 881 2395 hoe
889 2350 946 2395 esset

139 2416 274 2482 quandoque
288 2420 366 2466 eontra
377 2416 484 2480 pietatem
499 2415 573 2480 :puta
583 2429 636 2465 eum
646 2416 706 2464 Deus
720 2415 773 2464 vult
782 2417 847 2467 mori
860 2421 946 2481 patrem

140 2486 250 2548 alicujus,
268 2487 288 2535 si
303 2486 362 2536 [ilios
375 2488 419 2536 hoe
435 2486 495 2537 idern
508 2487 579 2536 vellet
591 2490 668 2536 eontra
678 2485 792 2549 pietatem
808 2493 878 2538 esset.
890 2489 946 2544 Erro

140 2568 186 2605 non
200 2558 291 2605 tenetur
304 2558 372 2606 homo
391 2557 532 2607 conformare
545 2558 687 2608 volrrntatem
701 2570 768 2607 suam
787 2559 902 2609 voluntati
917 2559 947 2607 di·

140 2626 201 2677 vinae
215 2625 239 2674 in
253 2626 332 2676 volito.

173 2758 203 2819 (1)
218 2764 250 2806 lie
270 2762 305 2807 his
328 2762 398 2806 etiam
421 2763 489 2823 iniri,
505 2778 545 2821 qn.
561 2763 605 2824 39,
628 2770 672 2809 art.
696 2764 725 2825 2,
746 2767 778 2812 ad
795 2769 828 2824 ἲς
843 2777 868 2816 et
879 2770 902 2830 i,
916 2770 945 2822 9,

140 2833 180 2874 qu.
193 2821 251 2879 rot,
266 2829 309 2869 are
324 2822 349 2879 t,
360 2824 389 2867 aa
399 2822 428 2878 3;
440 2827 620 2885 υιει1,δωι.,
630 2828 686 2873 dior.
696 2827 739 2887 ⁴8,
752 2838 800 2877 are
811 2832 828 2878 3
839 2840 863 2879 er
873 2839 912 2879 art
922 2831 945 2883 tr

139 2884 211 2955 etun.
222 2884 262 2944 23,
278 2886 306 2930 de
316 2885 394 2947 verit,
408 2892 452 2933 art.
465 2888 480 2935 7
495 2896 519 2936 et
533 2890 562 2944 83
577 2897 602 2938 et
614 2892 717 2952 Opitre-2
726 2894 777 2956 IX,
790 2908 835 2955 qu.
847 2897 884 2943 8'1.
