1984 3309
168 195 200 237 os
214 195 323 239 cessuro
337 194 404 245 onon
418 197 570 252 sisenem
585 198 716 244 naamon.
797 194 843 246 ult

16 288 115 328 comm
125 273 171 340 qui
183 280 288 339 querunt
297 278 429 342 hujusmodi
438 280 566 343 eonsilium,
576 295 623 334 non
635 287 672 333 est
681 284 746 346 leges
754 284 841 337 tacere.

18 352 94 413 Ergo
109 346 235 399 consilium
254 362 300 399 non
318 350 392 401 solum
406 354 441 401 est
455 352 483 403 de
495 353 596 418 hisque
608 354 695 406 anobis
705 355 810 421 aguntur.

57 427 86 471 3.
110 422 244 485 Praetema,
259 421 364 473 dicunbrr
376 422 445 474 etiam
462 425 554 488 quidam
573 428 752 480 consultationes
766 430 843 482 lacere

17 497 50 545 de
68 492 167 543 futuris
181 494 301 545 eventibus
307 532 315 559 ,
327 495 366 558 qui
375 498 451 547 tannen
462 510 509 547 uon
522 499 613 549 suntin
625 502 740 564 potestate
754 504 841 553 nostra.

18 571 91 631 Ergo
106 565 235 616 eonsilium
248 578 293 617 non
306 566 380 617 solum
392 571 428 619 est
442 568 469 618 de
480 568 518 619 his
528 583 578 633 qua
591 570 678 623 anobis
690 572 756 624 flunt.

55 642 84 689 l.
105 638 239 700 henna,
253 638 273 687 sl
287 638 407 689 bonolium
425 642 487 691 esset
501 642 574 691 solum
588 643 616 693 de
632 643 669 693 his
686 660 737 708 qua
751 644 765 697 l
777 646 843 699 nobis

20 714 87 761 lrunt
95 748 106 774 ‚
123 709 206 760 nullus
220 711 376 763 consiliaretur
392 713 419 762 de
434 712 470 763 bis
484 728 536 777 quae
546 718 600 765 sunt
610 729 651 779 per
664 717 733 768 alium
745 722 841 784 agenda

18 785 70 835 Sed
86 784 139 833 hoc
151 784 217 846 palel
231 796 281 835 esse
294 784 385 835 falsum.
399 784 459 849 Ergo
480 786 600 837 consilium
614 796 661 838 non
674 791 747 842 solum
763 796 798 843 est
813 794 841 845 de

20 859 61 907 lris
79 868 142 919 quae
155 853 170 904 a
184 855 249 905 nobis
263 856 329 906 liunt.

51 929 109 979 Sed
128 929 212 977 contra
230 930 281 992 est,
298 928 358 993 qnod
371 928 491 991 Gregorius
505 931 625 995 llpssenns
637 931 693 983 dicit
710 932 717 982 ἐ
734 949 748 980 «
762 931 843 985 consi:

19 1002 116 1052 liarnur
127 1000 160 1049 de
173 996 209 1051 bis
222 1013 273 1063 qua
285 999 373 1051 suntin
385 1000 458 1065 nobis,
478 1004 502 1053 et
510 1016 551 1067 per
564 1016 608 1055 nos
621 1003 670 1055 fieri
682 1009 788 1069 possunt.
801 1022 816 1054 n

55 1074 234 1140 (Concnusro.
249 1098 281 1112 -
293 1070 418 1123 Consilium
438 1086 489 1123 cnm
508 1074 598 1140 proprie
618 1076 762 1128 collationem
781 1078 842 1129 inter

17 1148 111 1209 plnres
125 1144 157 1193 de
172 1142 345 1206 particularibus
358 1144 553 1211 contingentibus,
566 1160 616 1212 qnae
629 1146 717 1199 inobis
727 1148 795 1215 fiunt,
804 1150 842 1203 rel

19 1218 73 1268 lieri
89 1217 212 1281 possunt,
225 1216 331 1280 denotet,
345 1215 435 1281 proprie
449 1220 484 1268 est
497 1216 557 1268 circa
575 1232 602 1269 ea
615 1229 664 1283 rpuae
678 1219 692 1270 a
706 1217 773 1272 nobis
787 1221 841 1272 linis

18 1289 104 1353 gratia
120 1286 250 1353 aguntur.)
312 1300 315 1305 ·

52 1358 207 1424 Respondeo
220 1358 350 1421 dicendum,
367 1358 427 1424 qubd
441 1360 562 1411 consilium
574 1360 665 1426 proprie
678 1360 785 1427 importat
794 1365 841 1415 col-

20 1434 145 1485 lationem
157 1430 219 1481 inter
228 1431 304 1495 plures
312 1432 423 1496 babitam3
436 1433 496 1496 quod
505 1435 529 1483 et
539 1432 616 1497 ipsum
626 1446 711 1484 nornen
718 1435 838 1499 designat:

20 1506 116 1556 dicitur
140 1501 209 1573 euim
228 1502 361 1555 eonsilium
380 1506 445 1567 quasi
464 1504 623 1561 considium,
644 1518 672 1557 eo
693 1504 753 1569 qubd
775 1507 841 1558 multi

19 1576 157 1629 consident
181 1575 209 1625 ad
223 1574 290 1628 simul
308 1574 479 1627 conferendum.
494 1578 534 1627 Est
556 1579 631 1627 auteur
651 1577 840 1631 considerandum

20 1651 86 1714 qnod
108 1648 136 1699 in
157 1646 332 1711 particularibus
347 1646 546 1711 contingentibus,
563 1649 592 1698 ad
608 1650 653 1701 boc
672 1650 733 1715 quod
755 1650 841 1716 aliquid

20 1727 118 1773 certum
132 1723 295 1784 cognoscatur,
307 1721 383 1785 plures
394 1719 536 1772 conditiones
544 1734 584 1773 seu
593 1720 775 1775 cucnmstantias
786 1738 841 1777 con-

20 1795 133 1845 siderare
143 1795 250 1857 oportet,
264 1806 321 1856 quas
331 1792 359 1843 ab
372 1806 417 1846 uno
427 1806 474 1845 nun
486 1792 554 1844 facie
570 1796 606 1846 est
616 1794 765 1859 merueras,
774 1797 841 1849 sedi

21 1866 138 1931 pluribus
153 1864 239 1915 certius
251 1862 417 1929 percipiuntur,
433 1864 487 1915 dum
501 1864 561 1929 qubrl
575 1880 635 1918 unus
646 1868 786 1931 considerat,
799 1870 841 1924 alii

21 1954 70 1991 non
95 1935 212 1989 occurrit.
224 1938 251 1987 ln
264 1936 399 1989 necessariis
415 1940 491 1989 auten
505 1939 529 1987 et
540 1938 708 1989 universalibus
723 1943 759 1991 est
772 1940 841 1991 abso

22 2012 95 2063 lntior
112 2012 139 2059 et
152 2006 277 2071 simplicior
293 2006 456 2071 consideratio,
471 2008 503 2057 ita
516 2008 576 2071 quod
589 2009 661 2072 magis
673 2010 700 2059 ad
711 2010 842 2073 hujusmodi

21 2078 244 2133 considerationem
257 2092 316 2130 ursus
324 2091 364 2142 per
374 2092 399 2129 se
410 2078 514 2129 sulficere
523 2081 606 2143 polest.
618 2080 647 2128 El
658 2080 709 2131 ideo
722 2079 840 2144 inquisitio

22 2150 124 2205 consilii
142 2148 237 2216 proprie
250 2150 351 2215 pertinet
369 2151 399 2201 ad
421 2150 576 2213 resurgentia
592 2150 722 2212 singularia.
734 2152 841 2215 cognitio

22 2232 106 2278 aulem
124 2223 231 2275 veritatis
243 2222 268 2273 in
285 2222 369 2273 talibus
383 2236 428 2274 nou
443 2222 513 2273 habet
527 2221 611 2286 aliquid
624 2234 744 2289 mgnum,
758 2226 784 2273 ul
799 2237 841 2287 per

24 2314 48 2348 se
60 2298 94 2349 sit
105 2294 246 2360 appetibilis
251 2332 260 2359 ,
270 2294 327 2361 sicul
338 2293 436 2359 cognitio
446 2293 608 2345 universalium
616 2298 640 2344 et
649 2294 839 2362 necessariorum

23 2372 65 2420 sed
85 2366 211 2433 appetitur
224 2366 349 2418 secundini
367 2366 427 2430 quod
442 2368 477 2416 est
488 2365 551 2417 utilis
567 2366 842 2433 propositionesque
856 2365 864 2374 ⁸

23 2443 137 2492 actiones
152 2442 207 2489 sunt
225 2439 284 2489 circa
297 2436 598 2505 contingentiaeingularia.
613 2438 642 2487 llt
656 2436 708 2491 ideo
719 2438 840 2490 dicendum

24 2518 76 2575 est,
104 2510 173 2575 quod
189 2509 282 2575 proprie
305 2510 427 2563 eonsilium
451 2513 486 2561 est
507 2509 567 2560 circa
587 2522 615 2562 ea
635 2522 688 2577 pre
707 2514 807 2575 aguntur
828 2510 842 2560 a

25 2587 108 2636 nobis.

57 2657 96 2707 Ad
112 2653 217 2719 primum
229 2667 282 2717 ergo
297 2652 434 2716 dicendum,
451 2654 511 2717 quod
522 2653 642 2705 consilium
653 2654 759 2719 importat
774 2654 843 2705 colla-

26 2730 137 2791 tionem,
152 2739 200 2776 uon
214 2740 379 2791 quamcumupue
385 2763 393 2791 ,
404 2726 443 2777 sed
460 2724 603 2776 collationem
615 2726 643 2778 de
655 2727 724 2777 rebus
737 2725 841 2789 agendis,

27 2802 123 2852 ratione
141 2800 191 2863 jam
210 2798 282 2850 dicta.

59 2874 96 2923 nd
113 2872 248 2923 seeundum
258 2872 401 2935 'dloenrlurn,
415 2868 475 2935 qubd
493 2870 521 2920 id·
531 2870 592 2934 quod
609 2872 645 2921 est
655 2869 711 2933 lege'
725 2868 840 2933 positum,

29 2944 143 3010 quamvis
153 2956 202 2997 non
212 2944 243 2996 sit
254 2957 284 2995 ex
297 2942 427 3009 operatione
440 2941 566 3007 quaerentis
580 2940 842 3005 opulentasset
