1984 3309
162 162 193 204 un
208 162 339 203 macrinus
354 158 436 201 nonna
452 160 508 206 oua
524 160 585 198 sunu
600 158 633 199 ab
649 139 731 199 mnan.
800 150 846 197 aba

37 258 88 310 per
97 244 156 295 alias
167 242 237 305 duas,
248 255 299 291 cunr
311 254 357 291 non
367 240 413 291 sint
423 238 508 303 plnres
521 238 580 303 Ergo
590 237 679 289 ridetur
691 236 751 301 qubd
765 237 846 289 electio

38 317 117 369 brutis
131 312 268 365 animalibus
284 311 414 363 conveniat.

71 388 121 442 Sed
147 388 226 437 contra
249 385 360 449 estquod
384 382 504 445 Gregorius
523 382 642 447 Nyssenus
660 382 714 438 dicit
728 381 763 448 (l)
784 382 846 445 qnod
892 416 896 425 .

38 482 53 512 (ι
72 472 134 525 puer
150 462 174 509 et
189 458 328 509 irrationalia
347 454 474 507 uoluntario
488 454 579 517 quidem
597 454 696 515 iaciunt,
706 467 754 505 nou
771 457 849 504 tamen

37 531 189 598 eligantia.»
201 530 260 593 Ergo
278 528 303 578 in
316 528 388 577 brutis
400 526 536 576 animalibus
552 525 648 576 nonest
665 523 753 577 electio.

73 605 238 669 (Conclusio.
250 601 350 650 -Cum
364 596 445 649 electio
458 598 490 646 in
513 596 550 647 tris
569 611 620 661 qua
635 601 688 647 snut
706 597 798 661 penitus
821 597 850 647 ad

38 690 117 728 unum
131 674 224 737 aliquod
238 672 372 737 particulare
387 669 549 732 determinata,
566 670 653 733 nullum
666 671 741 720 locum
756 670 849 729 babeat,

38 746 182 813 hujusmodi
198 748 273 795 autern
291 743 337 793 sint
353 743 418 791 bruta
431 740 538 791 animalia
548 753 577 790 ex
591 741 692 805 appetitu
702 740 811 791 sensitiva
822 742 850 790 ad

38 832 120 871 unrrm
129 816 265 882 particulare
274 813 428 876 determinata,
440 811 587 863 manifestum
595 814 631 861 est
637 812 695 875 ipsis
705 810 848 875 electionem,

39 888 174 944 secundirm
188 901 256 953 quam
269 887 334 951 plura
346 885 399 949 eligi
411 887 518 950 possunt,
531 896 577 933 non
589 882 720 933 convenire.
733 883 744 946 )

73 962 214 1027 Respondeo
223 959 355 1022 dicendum,
365 956 486 1021 quodcum
498 956 579 1006 electio
587 953 618 1005 sit
626 952 773 1018 praacceptio
782 954 851 1004 unius

40 1038 154 1101 respectu
172 1032 278 1093 alteritas,
291 1042 387 1081 necesse
403 1031 438 1079 est
456 1027 517 1092 qnbd
533 1025 612 1077 electio
633 1026 664 1076 sit
677 1029 782 1091 respectu
798 1027 850 1089 plu·

39 1111 119 1169 rium,
139 1118 192 1169 qua
211 1104 264 1167 eligi
284 1105 393 1168 possuntt
408 1104 432 1152 et
451 1102 503 1151 ideo
524 1099 549 1149 in
567 1099 603 1149 bis
619 1112 669 1162 qua
688 1101 741 1149 sunt
759 1098 851 1163 penitus

41 1178 202 1231 determinata
217 1178 245 1227 ad
264 1188 352 1238 unum,
366 1173 445 1225 alentio
465 1173 541 1223 locum
560 1171 700 1221 nonhabet.
714 1171 756 1221 Est
774 1172 850 1221 antem

40 1249 178 1303 differentia
198 1248 257 1298 iuter
274 1246 399 1311 appetitum
417 1241 553 1295 sensitivam
569 1245 592 1293 et
609 1242 766 1304 voluntatem
780 1241 851 1305 quia,

41 1329 68 1375 ut
80 1336 112 1373 ex
123 1319 244 1386 predictis
254 1321 317 1384 patet
329 1318 377 1381 (qn.
391 1320 415 1381 t,
427 1318 470 1366 art.
481 1319 505 1377 a,
518 1318 542 1364 et
553 1328 592 1377 qu.
606 1318 630 1376 6,
640 1316 683 1361 art.
694 1311 727 1375 a),
738 1309 853 1377 appetitus
877 1306 879 1309 ’

42 1394 177 1449 sensilibus
196 1396 231 1445 est
251 1391 412 1443 determinatus
429 1390 457 1439 ad
480 1400 553 1438 unum
570 1386 705 1451 particulare
728 1384 854 1435 secundnm

42 1468 155 1521 ordinem
170 1468 273 1527 natura,
284 1464 389 1515 noluntas
399 1465 474 1512 nortem
487 1458 622 1523 estquidam
632 1456 757 1507 secundum
767 1459 855 1505 natura

44 1539 156 1592 ordinem
166 1536 315 1587 determinata
329 1536 356 1585 ad
367 1545 438 1583 unum
447 1543 580 1593 commune,
591 1530 652 1593 quod
661 1530 697 1579 est
707 1529 800 1590 bonnm,
815 1526 856 1577 scd

44 1609 229 1663 indeterminate
246 1621 270 1659 se
291 1608 360 1657 babet
377 1607 482 1670 respectu
499 1602 668 1668 particularium
687 1602 806 1651 bonorum.
825 1599 854 1648 Et

44 1686 100 1735 ideo
115 1680 212 1748 proprie
226 1678 352 1730 voluntatis
367 1678 513 1741 estatinae,
529 1676 665 1724 nouantem
679 1670 791 1737 appetitus
805 1684 856 1721 sen·

45 1756 122 1819 sitivi,
136 1754 178 1821 qui
192 1754 255 1803 solus
266 1755 301 1803 est
314 1752 339 1801 in
349 1749 422 1801 brutis
433 1747 578 1799 animalibus.
593 1747 621 1795 Et
629 1747 721 1809 propter
730 1745 776 1794 boc
784 1741 856 1793 brutis

47 1827 191 1879 animalibus
205 1824 291 1880 electio
307 1820 482 1895 conconvenit.

80 1901 117 1952 ad
132 1898 233 1963 primum
249 1908 302 1959 ergo
313 1894 446 1956 dicendum,
461 1890 522 1955 qndd
533 1904 579 1940 non
598 1889 673 1941 omnis
686 1888 801 1951 appetitus
816 1885 857 1935 ali-

47 1970 223 2037 oujnspropter
231 1968 299 2017 finem
307 1969 400 2017 vocatur
409 1963 498 2026 electio,
507 1961 605 2013 sed'cnrn
615 1962 711 2024 quadam
720 1958 856 2008 discretione

47 2045 123 2095 unius
136 2041 167 2091 ab
182 2038 252 2090 altero
268 2055 273 2089 :
289 2052 339 2103 qna
352 2036 427 2088 locum
440 2036 525 2086 babere
543 2046 590 2083 non
601 2034 692 2096 potest,
706 2029 751 2079 uisi
764 2029 803 2077 ubi
815 2040 857 2091 ap-

49 2116 139 2181 petitus
151 2112 229 2179 potest
243 2110 297 2161 ferri
311 2110 339 2160 ad
349 2108 422 2173 plura.
473 2132 475 2137 v

83 2188 121 2239 ld
135 2184 263 2237 secundum
272 2182 395 2233 dicandum
401 2218 409 2245 ‚
426 2179 485 2244 qubd
495 2180 585 2229 brutum
595 2174 679 2226 animal
692 2171 775 2236 accipit
787 2185 857 2221 unum

52 2274 99 2326 prae
117 2258 182 2320 alio;
196 2254 251 2321 qnia
268 2254 382 2319 appetitus
397 2252 449 2316 ejus
463 2254 499 2301 est
509 2248 641 2299 naturaliter
654 2243 817 2295 determinatus
831 2243 859 2292 ad

52 2334 149 2397 ipsum:
162 2328 224 2381 unda
232 2325 308 2378 statim
316 2324 459 2389 quandoper
473 2334 567 2373 sensnm
577 2319 615 2369 rel
624 2314 858 2382 perimaginationern

52 2400 237 2466 repraescntatnr
254 2395 297 2446 sibi
307 2394 404 2459 aliquid,
423 2394 451 2443 ad
462 2394 522 2457 quod
531 2388 662 2441 naturaliter
674 2386 797 2436 inclinatur
809 2386 860 2450 eius

53 2472 186 2537 appetitus,
198 2470 284 2531 absque
305 2466 416 2515 eloctione
435 2467 539 2514 moretur
556 2462 584 2511 ad
604 2461 696 2525 ipsum,
715 2458 775 2508 sicut
791 2457 861 2507 etiam

53 2547 142 2608 absque
159 2540 271 2592 electione
282 2538 341 2601 inuis
354 2538 457 2587 moretur
471 2544 560 2584 summ
573 2535 596 2583 et
611 2544 658 2586 non
672 2532 786 2581 deorsum.

89 2649 123 2715 (1)
141 2654 187 2697 Seu
201 2650 337 2709 Namesius,
352 2654 377 2695 ut
387 2650 435 2705 jam
449 2645 532 2703 supra,
546 2645 585 2701 qui
597 2644 652 2689 olim
666 2642 788 2699 Gregorius
801 2640 861 2695 Nys-

55 2728 131 2765 senus
147 2714 283 2771 putabatur.
299 2715 335 2759 Sic
352 2716 428 2758 autem
443 2709 495 2754 loco
510 2708 549 2753 illo
569 2719 637 2764 quern
650 2706 794 2763 notavimus,
806 2700 862 2757 puta

56 2794 112 2838 cap.
133 2776 179 2837 33,
202 2777 280 2823 statim
294 2778 323 2823 ab
337 2775 418 2835 initio,
438 2772 522 2828 habet,
538 2774 564 2815 nt
581 2768 687 2814 ostendat
704 2766 765 2823 oudd
784 2764 863 2809 omnis

56 2842 160 2903 paridem
173 2840 257 2885 electio
277 2842 310 2885 eat
325 2840 459 2897 spernaces
478 2832 541 2895 (sira
562 2826 737 2890 uoluntario),
753 2826 793 2872 sed
809 2838 862 2870 non

58 2907 141 2953 omnic
154 2904 275 2963 appetitio
285 2900 427 2949 noluntaria
435 2898 473 2945 vol
482 2902 617 2957 pomonam
626 2894 712 2941 eruar
725 2893 758 2938 eet
768 2890 860 2937 electio.
