1984 3309
223 202 254 239 uu
269 202 395 241 rovuuvns
410 206 493 244 arama
510 208 535 244 ru
552 208 666 246 srumanr.
795 198 840 248 tdl

337 364 495 415 sauchitis
508 364 547 416 lv,
597 370 599 379 ’

82 476 171 520 Uirium
180 477 313 521 interiores
325 492 410 523 seusus
421 481 587 525 convenienter·
601 483 789 538 duttnpuamur.

63 594 93 643 lid
110 598 223 658 quartum
237 593 276 643 sie
288 594 426 658 proceditur.
441 596 534 646 Videlm
549 596 608 661 qudd
621 598 741 651 interiores
757 616 840 653 sensus

37 663 223 717 inconvenienter
240 666 418 729 distinguantur.
438 668 574 718 Commune
593 670 653 719 euim
674 685 720 721 uon
734 672 841 727 diuiditur

37 743 107 787 eontra
118 739 276 803 proprium.
287 740 348 801 Ergo
362 754 447 788 senum
457 742 598 789 commnm's
612 755 656 791 uon
670 744 736 793 dehet
749 758 841 797 enume-

37 808 75 856 rari
90 810 150 861 inter
167 810 236 859 vires
250 809 372 860 interiores
387 810 519 873 sensitiuas,
532 816 613 875 preter
626 826 706 865 sensus
719 816 841 867 exteriores

37 893 140 943 proprios.

65 954 87 999 ἰ.
99 954 229 1015 Praeterea,
239 953 268 1001 ad
283 952 344 1002 idad
358 952 419 1014 qrnod
429 952 513 1017 suflicit
529 968 611 1005 sensns
625 956 729 1019 proprius
744 960 767 1009 et
779 962 841 1009 exte·

37 1022 87 1084 rior,
101 1037 142 1073 uon
149 1027 248 1087 oportet
260 1036 347 1086 ponere
361 1023 458 1085 aliquam
480 1024 527 1073 vim
543 1026 731 1089 apprehensiunm
746 1028 836 1078 interio-

37 1103 90 1141 rem.
99 1094 137 1144 Sed
147 1093 342 1158 adjudicandum
353 1094 381 1143 de
390 1094 533 1145 sensibilibus
543 1096 658 1146 sufficiunt
665 1111 745 1147 seusus
754 1100 840 1163 proprii

37 1167 57 1211 et
77 1166 215 1227 exteriores3
237 1164 399 1228 uuusquisque
417 1165 478 1215 enim
495 1181 576 1217 seusus
593 1168 682 1232 judicat
699 1170 727 1219 de
749 1172 841 1234 proprio

36 1234 127 1296 objecto.
146 1236 266 1288 Similiter
278 1235 349 1285 etiam
361 1234 466 1285 uidentur
479 1236 583 1289 sufficere
600 1239 627 1288 nd
638 1242 681 1290 hoe
693 1242 752 1304 quod
767 1242 841 1305 perei-

37 1305 93 1364 piaut
100 1322 153 1358 suos
161 1313 242 1370 antus3
253 1306 308 1369 quia
316 1305 369 1355 edm
379 1306 437 1356 aelio
446 1321 526 1358 sensus
535 1309 564 1361 sil
573 1310 736 1373 qrrodammodo
744 1313 842 1363 medium

37 1373 235 1443 interponendam
252 1382 277 1428 el
286 1377 418 1441 objectum,
432 1378 520 1429 uidetur
532 1380 591 1443 quhd
610 1382 766 1445 multomagis
780 1383 842 1433 uisus

40 1450 176 1505 posfitsunm
188 1450 325 1510 visionem,
337 1450 495 1511 tanquamsihi
506 1454 704 1516 propinquiorem,
715 1454 842 1517 percipere,

43 1531 103 1579 quam
111 1524 222 1575 oolorem.
231 1522 264 1570 Et
275 1520 308 1569 sie
318 1520 345 1568 de
355 1520 415 1569 aliis.
425 1521 475 1571 Non
484 1536 538 1585 ergo
550 1525 701 1574 necessarium
710 1526 754 1574 luit
761 1528 788 1575 ad
799 1526 842 1574 hoc

42 1603 118 1650 ponere
128 1595 270 1646 interiorem
282 1591 408 1656 potentiam
417 1628 424 1651 ‚
434 1606 484 1655 quae
497 1594 583 1643 dicatur
596 1610 682 1644 semus
694 1598 841 1645 communis.

68 1666 89 1711 3.
101 1666 235 1728 Praeterea,
251 1662 380 1713 secuudum
395 1664 557 1727 Philosophum
575 1666 615 1715 lih.
628 1666 665 1715 De
679 1668 804 1715 memorio
818 1670 843 1715 et

39 1738 227 1787 reminiscentia
241 1735 305 1798 (cup.
319 1738 353 1796 5),
369 1735 560 1797 «phantasticum
571 1740 593 1785 et
606 1738 777 1787 memorativum
790 1742 844 1787 sunt

38 1809 149 1866 passiones
164 1808 240 1874 primi
257 1806 373 1856 sensitiui.
386 1822 400 1852 n
422 1806 467 1855 Sed
483 1808 561 1870 passio
578 1822 621 1857 uou
641 1808 750 1867 diuiditur
765 1812 843 1858 corrlra

39 1880 173 1941 subjeetum.
189 1880 254 1941 Ergo
272 1877 384 1930 memoria
400 1880 424 1927 et
437 1878 555 1939 phantasia
572 1878 617 1929 non
631 1879 714 1929 dehent
724 1878 779 1943 poni
793 1879 843 1929 aliae

37 1953 141 2009 potentie
154 1956 243 2015 prester
255 1962 351 1998 sensum
366 1961 518 1998 communem.
649 1948 652 1953 '

64 2027 85 2070 t.
97 2024 234 2083 Praeterea,
245 2020 380 2069 intellectus
391 2017 466 2067 miuus
478 2020 589 2083 dependet
601 2019 614 2069 h
625 2034 693 2070 seusu
702 2034 771 2089 quam
781 2034 844 2083 quae-

37 2107 120 2158 runque
132 2094 242 2160 potentia
253 2090 368 2141 sensilium
379 2090 459 2154 partis.
472 2093 516 2141 Sed
526 2092 652 2141 intellectus
661 2092 717 2141 nihil
728 2090 845 2153 cognoscit

37 2167 76 2214 nisi
90 2166 234 2230 accipiendo
250 2162 342 2213 aseusu
352 2160 397 2225 ll).
415 2161 478 2211 Unde
487 2162 568 2213 dieitur
581 2162 695 2212 [Foster.
710 2165 775 2224 (text,
792 2162 843 2227 33),

37 2239 89 2299 quid
101 2257 115 2287 u
126 2239 218 2303 quihus
232 2238 299 2286 deest
311 2249 372 2284 uuus
387 2248 484 2297 seusus,
495 2234 571 2284 deficit
586 2249 630 2285 una
644 2235 747 2289 seientia.
758 2251 772 2280 n
785 2236 844 2297 Ergo

36 2312 103 2361 urultd
117 2312 200 2361 minus
217 2310 286 2358 debet
299 2307 356 2371 poni
371 2319 417 2356 una
429 2307 531 2369 potentia
545 2307 658 2357 sensilium
671 2307 740 2371 partis
755 2308 781 2355 ad
794 2320 845 2371 per·

36 2384 166 2443 vipiendum
184 2380 327 2431 intentiones
338 2392 396 2443 quas
406 2392 452 2429 uon
465 2378 560 2445 percipit
574 2393 670 2442 seusuS,
683 2393 751 2443 quamn
760 2383 844 2429 uocant

38 2446 236 2503 aestimativam.

65 2529 87 2573 ὅ.
99 2525 303 2585 Praetema,aetus
315 2520 454 2584 cogitativai
461 2520 499 2582 qui
509 2523 543 2570 est
556 2520 657 2570 eoulerre
667 2523 690 2570 et
700 2534 844 2584 componere,

38 2600 57 2641 rt
68 2596 190 2657 dividere3
204 2598 229 2643 et
239 2596 304 2643 aetus
315 2590 492 2652 reminiscimus,
505 2592 543 2655 qui
556 2595 590 2641 est
602 2593 698 2653 quodam
712 2592 843 2654 syllogismo

42 2667 67 2713 nti
81 2668 111 2716 ad
124 2666 306 2728 inquirendum
320 2677 365 2713 uon
380 2663 458 2711 minus
468 2662 538 2713 distat
555 2662 647 2711 abacta
666 2662 807 2711 aestimatiue
822 2666 845 2710 et

40 2739 204 2797 nemoralium,
220 2750 291 2800 quam
311 2740 376 2784 aetus
390 2734 529 2784 aestimatiuae
547 2734 574 2783 ah
591 2738 641 2783 actu
653 2734 787 2797 phantasiae.
801 2734 847 2781 lte-

71 2855 101 2915 (l)
115 2858 160 2902 Vel
171 2859 195 2902 rs·
204 2856 292 2914 deficit
303 2855 397 2911 uliquis
410 2864 494 2897 remur
504 2870 539 2909 τις
549 2850 637 2909 nituere
647 2853 755 2909 ntiquom
767 2852 844 2896 reterr-

41 2930 99 2971 riam
115 2927 261 2997 (ἐπιστήμην
275 2921 342 2995 dun)
354 2924 458 2983 deficere
469 2933 561 2968 uersare
572 2926 612 2968 eut.
