<?xml version="1.0" encoding="UTF-8"?>
<!DOCTYPE html PUBLIC "-//W3C//DTD XHTML 1.0 Transitional//EN"
    "http://www.w3.org/TR/xhtml1/DTD/xhtml1-transitional.dtd">
<html xmlns="http://www.w3.org/1999/xhtml" xml:lang="en" lang="en">
 <head>
  <title>
</title>
<meta http-equiv="Content-Type" content="text/html;charset=utf-8" />
  <meta name='ocr-system' content='tesseract 3.04.00' />
  <meta name='ocr-capabilities' content='ocr_page ocr_carea ocr_par ocr_line ocrx_word'/>
</head>
<body>
  <div class='ocr_page' id='page_1' title='image "./summatheologica00nicogoog_0512.png"; bbox 0 0 1984 3309; ppageno 0'>
   <div class='ocr_carea' id='block_1_1' title="bbox 266 189 857 239">
    <p class='ocr_par' dir='ltr' id='par_1_1' title="bbox 266 189 857 239">
     <span class='ocr_line' id='line_1_1' title="bbox 266 189 857 239; baseline -0.015 1"><span class='ocrx_word' id='word_1_1' title='bbox 266 197 298 234; x_wconf 70' lang='lat' dir='ltr'>h!</span> <span class='ocrx_word' id='word_1_2' title='bbox 313 197 473 239; x_wconf 69' lang='lat' dir='ltr'>othmlnolm</span> <span class='ocrx_word' id='word_1_3' title='bbox 489 197 645 239; x_wconf 65' lang='lat' dir='ltr'>Allonem.</span> <span class='ocrx_word' id='word_1_4' title='bbox 812 189 857 238; x_wconf 67' lang='grc' dir='ltr'>ΒΜ</span> 
     </span>
    </p>
   </div>
   <div class='ocr_carea' id='block_1_2' title="bbox 47 273 858 1116">
    <p class='ocr_par' dir='ltr' id='par_1_2' title="bbox 48 273 858 554">
     <span class='ocr_line' id='line_1_2' title="bbox 48 273 857 338; baseline 0.002 -14"><span class='ocrx_word' id='word_1_5' title='bbox 48 275 124 338; x_wconf 82' lang='lat' dir='ltr'>aliquo</span> <span class='ocrx_word' id='word_1_6' title='bbox 135 273 317 338; x_wconf 71' lang='lat' dir='ltr'>memmenni,</span> <span class='ocrx_word' id='word_1_7' title='bbox 330 279 355 326; x_wconf 88' lang='lat' dir='ltr'>ot</span> <span class='ocrx_word' id='word_1_8' title='bbox 366 289 413 326; x_wconf 89' lang='lat' dir='ltr'>uon</span> <span class='ocrx_word' id='word_1_9' title='bbox 426 276 455 326; x_wconf 89' lang='lat' dir='ltr'>ah</span> <span class='ocrx_word' id='word_1_10' title='bbox 471 275 532 327; x_wconf 78' lang='lat' dir='ltr'>aliia.</span> <span class='ocrx_word' id='word_1_11' title='bbox 547 277 575 326; x_wconf 82' lang='lat' dir='ltr'>m</span> <span class='ocrx_word' id='word_1_12' title='bbox 588 275 621 326; x_wconf 80' lang='lat' dir='ltr'>nic</span> <span class='ocrx_word' id='word_1_13' title='bbox 633 275 774 327; x_wconf 86' lang='lat' dir='ltr'>locutionem</span> <span class='ocrx_word' id='word_1_14' title='bbox 789 276 857 326; x_wconf 76' lang='lat' dir='ltr'>unius</span> 
     </span>
     <span class='ocr_line' id='line_1_3' title="bbox 48 346 858 412; baseline 0.002 -18"><span class='ocrx_word' id='word_1_15' title='bbox 48 347 122 408; x_wconf 81' lang='lat' dir='ltr'>angeli</span> <span class='ocrx_word' id='word_1_16' title='bbox 135 347 168 398; x_wconf 80' lang='lat' dir='ltr'>‘ad</span> <span class='ocrx_word' id='word_1_17' title='bbox 180 346 278 396; x_wconf 86' lang='lat' dir='ltr'>alterum</span> <span class='ocrx_word' id='word_1_18' title='bbox 286 351 364 411; x_wconf 73' lang='lat' dir='ltr'>potent</span> <span class='ocrx_word' id='word_1_19' title='bbox 374 348 492 412; x_wconf 77' lang='lat' dir='ltr'>percipere</span> <span class='ocrx_word' id='word_1_20' title='bbox 504 361 564 399; x_wconf 77' lang='lat' dir='ltr'>arnus</span> <span class='ocrx_word' id='word_1_21' title='bbox 576 348 661 411; x_wconf 70' lang='lat' dir='ltr'>aarum</span> <span class='ocrx_word' id='word_1_22' title='bbox 674 347 737 406; x_wconf 66' lang='lat' dir='ltr'>allis:</span> <span class='ocrx_word' id='word_1_23' title='bbox 752 361 799 398; x_wconf 89' lang='lat' dir='ltr'>non</span> <span class='ocrx_word' id='word_1_24' title='bbox 807 347 858 411; x_wconf 87' lang='lat' dir='ltr'>qui·</span> 
     </span>
     <span class='ocr_line' id='line_1_4' title="bbox 49 416 857 483; baseline 0.002 -17"><span class='ocrx_word' id='word_1_25' title='bbox 49 419 100 466; x_wconf 91' lang='lat' dir='ltr'>dem</span> <span class='ocrx_word' id='word_1_26' title='bbox 118 416 264 482; x_wconf 74' lang='lat' dir='ltr'>impediente</span> <span class='ocrx_word' id='word_1_27' title='bbox 283 418 392 469; x_wconf 70' lang='lat' dir='ltr'><strong>distantia</strong></span> <span class='ocrx_word' id='word_1_28' title='bbox 407 419 488 483; x_wconf 88' lang='lat' dir='ltr'>locali,</span> <span class='ocrx_word' id='word_1_29' title='bbox 505 420 545 472; x_wconf 86' lang='lat' dir='ltr'>sed</span> <span class='ocrx_word' id='word_1_30' title='bbox 561 421 604 470; x_wconf 89' lang='lat' dir='ltr'>hoo</span> <span class='ocrx_word' id='word_1_31' title='bbox 617 417 716 469; x_wconf 74' lang='lat' dir='ltr'>faciente</span> <span class='ocrx_word' id='word_1_32' title='bbox 729 419 857 470; x_wconf 81' lang='lat' dir='ltr'>voluntaria</span> 
     </span>
     <span class='ocr_line' id='line_1_5' title="bbox 50 489 411 554; baseline 0.003 -16"><span class='ocrx_word' id='word_1_33' title='bbox 50 489 206 554; x_wconf 87' lang='lat' dir='ltr'>ordinatione,</span> <span class='ocrx_word' id='word_1_34' title='bbox 219 493 246 538; x_wconf 83' lang='lat' dir='ltr'>ut</span> <span class='ocrx_word' id='word_1_35' title='bbox 261 489 349 539; x_wconf 80' lang='lat' dir='ltr'>dietam</span> <span class='ocrx_word' id='word_1_36' title='bbox 368 494 411 540; x_wconf 84' lang='lat' dir='ltr'>est.</span> 
     </span>
    </p>

    <p class='ocr_par' dir='ltr' id='par_1_3' title="bbox 77 561 737 625">
     <span class='ocr_line' id='line_1_6' title="bbox 77 561 737 625; baseline -0.002 -14"><span class='ocrx_word' id='word_1_37' title='bbox 77 563 142 612; x_wconf 89' lang='lat' dir='ltr'>Unde</span> <span class='ocrx_word' id='word_1_38' title='bbox 157 561 356 625; x_wconf 79' lang='lat' dir='ltr'>patotreoponaio</span> <span class='ocrx_word' id='word_1_39' title='bbox 370 563 397 611; x_wconf 92' lang='lat' dir='ltr'>ad</span> <span class='ocrx_word' id='word_1_40' title='bbox 411 562 511 625; x_wconf 84' lang='lat' dir='ltr'>primam</span> <span class='ocrx_word' id='word_1_41' title='bbox 524 563 547 612; x_wconf 87' lang='lat' dir='ltr'>el</span> <span class='ocrx_word' id='word_1_42' title='bbox 561 563 588 611; x_wconf 89' lang='lat' dir='ltr'>ad</span> <span class='ocrx_word' id='word_1_43' title='bbox 604 563 737 610; x_wconf 83' lang='lat' dir='ltr'>seeundum.</span> 
     </span>
    </p>

    <p class='ocr_par' dir='ltr' id='par_1_4' title="bbox 47 630 856 1116">
     <span class='ocr_line' id='line_1_7' title="bbox 78 630 854 696; baseline -0.004 -13"><span class='ocrx_word' id='word_1_44' title='bbox 78 635 111 683; x_wconf 80' lang='lat' dir='ltr'>hd</span> <span class='ocrx_word' id='word_1_45' title='bbox 120 633 218 683; x_wconf 84' lang='lat' dir='ltr'>tertium</span> <span class='ocrx_word' id='word_1_46' title='bbox 230 630 364 692; x_wconf 89' lang='lat' dir='ltr'>dicendum,</span> <span class='ocrx_word' id='word_1_47' title='bbox 374 631 435 696; x_wconf 79' lang='lat' dir='ltr'>quud</span> <span class='ocrx_word' id='word_1_48' title='bbox 448 632 586 682; x_wconf 88' lang='lat' dir='ltr'>illuminatio</span> <span class='ocrx_word' id='word_1_49' title='bbox 598 635 632 682; x_wconf 85' lang='lat' dir='ltr'>est</span> <span class='ocrx_word' id='word_1_50' title='bbox 645 633 672 682; x_wconf 91' lang='lat' dir='ltr'>de</span> <span class='ocrx_word' id='word_1_51' title='bbox 686 631 722 681; x_wconf 90' lang='lat' dir='ltr'>his</span> <span class='ocrx_word' id='word_1_52' title='bbox 733 645 782 696; x_wconf 71' lang='lat' dir='ltr'>quae</span> <span class='ocrx_word' id='word_1_53' title='bbox 793 643 854 681; x_wconf 85' lang='lat' dir='ltr'>erua-</span> 
     </span>
     <span class='ocr_line' id='line_1_8' title="bbox 48 702 855 769; baseline -0.004 -14"><span class='ocrx_word' id='word_1_54' title='bbox 48 711 101 756; x_wconf 86' lang='lat' dir='ltr'>nant</span> <span class='ocrx_word' id='word_1_55' title='bbox 116 705 218 769; x_wconf 81' lang='lat' dir='ltr'>dprima</span> <span class='ocrx_word' id='word_1_56' title='bbox 233 705 312 767; x_wconf 75' lang='lat' dir='ltr'>regula</span> <span class='ocrx_word' id='word_1_57' title='bbox 326 704 444 767; x_wconf 84' lang='lat' dir='ltr'>ueritatis,</span> <span class='ocrx_word' id='word_1_58' title='bbox 461 717 513 769; x_wconf 80' lang='lat' dir='ltr'>quae</span> <span class='ocrx_word' id='word_1_59' title='bbox 528 708 564 754; x_wconf 78' lang='lat' dir='ltr'>eat</span> <span class='ocrx_word' id='word_1_60' title='bbox 580 702 718 768; x_wconf 79' lang='lat' dir='ltr'>principium</span> <span class='ocrx_word' id='word_1_61' title='bbox 735 715 855 753; x_wconf 84' lang='lat' dir='ltr'>commune</span> 
     </span>
     <span class='ocr_line' id='line_1_9' title="bbox 47 773 855 839; baseline -0.006 -12"><span class='ocrx_word' id='word_1_62' title='bbox 47 778 148 827; x_wconf 78' lang='lat' dir='ltr'>omnium</span> <span class='ocrx_word' id='word_1_63' title='bbox 161 776 311 839; x_wconf 71' lang='lat' dir='ltr'>angolorum</span> <span class='ocrx_word' id='word_1_64' title='bbox 326 780 350 825; x_wconf 89' lang='lat' dir='ltr'>et</span> <span class='ocrx_word' id='word_1_65' title='bbox 358 777 411 826; x_wconf 92' lang='lat' dir='ltr'>ideo</span> <span class='ocrx_word' id='word_1_66' title='bbox 422 775 603 826; x_wconf 82' lang='lat' dir='ltr'>illuminationes</span> <span class='ocrx_word' id='word_1_67' title='bbox 614 778 667 824; x_wconf 88' lang='lat' dir='ltr'>suut</span> <span class='ocrx_word' id='word_1_68' title='bbox 675 773 782 826; x_wconf 79' lang='lat' dir='ltr'>omnihus</span> <span class='ocrx_word' id='word_1_69' title='bbox 793 785 855 824; x_wconf 88' lang='lat' dir='ltr'>com·</span> 
     </span>
     <span class='ocr_line' id='line_1_10' title="bbox 48 844 856 911; baseline -0.007 -12"><span class='ocrx_word' id='word_1_70' title='bbox 48 863 135 900; x_wconf 75' lang='lat' dir='ltr'>munuc</span> <span class='ocrx_word' id='word_1_71' title='bbox 149 850 200 899; x_wconf 79' lang='lat' dir='ltr'>sed</span> <span class='ocrx_word' id='word_1_72' title='bbox 214 847 300 897; x_wconf 83' lang='lat' dir='ltr'>leontio</span> <span class='ocrx_word' id='word_1_73' title='bbox 311 851 448 911; x_wconf 81' lang='lat' dir='ltr'>potestesse</span> <span class='ocrx_word' id='word_1_74' title='bbox 458 847 487 896; x_wconf 84' lang='lat' dir='ltr'>de</span> <span class='ocrx_word' id='word_1_75' title='bbox 501 847 541 896; x_wconf 83' lang='lat' dir='ltr'>his·</span> <span class='ocrx_word' id='word_1_76' title='bbox 546 845 743 909; x_wconf 68' lang='lat' dir='ltr'>denominantur</span> <span class='ocrx_word' id='word_1_77' title='bbox 755 845 783 894; x_wconf 90' lang='lat' dir='ltr'>ad</span> <span class='ocrx_word' id='word_1_78' title='bbox 793 844 856 908; x_wconf 88' lang='lat' dir='ltr'>prin·</span> 
     </span>
     <span class='ocr_line' id='line_1_11' title="bbox 49 915 853 984; baseline -0.005 -15"><span class='ocrx_word' id='word_1_79' title='bbox 49 921 130 984; x_wconf 83' lang='lat' dir='ltr'>cipiam</span> <span class='ocrx_word' id='word_1_80' title='bbox 140 918 271 971; x_wconf 70' lang='lat' dir='ltr'>voluntat&#39;m</span> <span class='ocrx_word' id='word_1_81' title='bbox 277 923 370 981; x_wconf 67' lang='lat' dir='ltr'>ceam</span> <span class='ocrx_word' id='word_1_82' title='bbox 379 919 440 983; x_wconf 77' lang='lat' dir='ltr'>qaod</span> <span class='ocrx_word' id='word_1_83' title='bbox 452 921 491 968; x_wconf 77' lang='lat' dir='ltr'>eet</span> <span class='ocrx_word' id='word_1_84' title='bbox 499 917 618 981; x_wconf 85' lang='lat' dir='ltr'>proprium</span> <span class='ocrx_word' id='word_1_85' title='bbox 629 917 753 980; x_wconf 85' lang='lat' dir='ltr'>unicuique</span> <span class='ocrx_word' id='word_1_86' title='bbox 763 915 853 978; x_wconf 62' lang='lat' dir='ltr'>angele</span> 
     </span>
     <span class='ocr_line' id='line_1_12' title="bbox 50 988 856 1057; baseline -0.004 -16"><span class='ocrx_word' id='word_1_87' title='bbox 50 996 72 1042; x_wconf 82' lang='lat' dir='ltr'>et</span> <span class='ocrx_word' id='word_1_88' title='bbox 85 993 136 1044; x_wconf 89' lang='lat' dir='ltr'>ideo</span> <span class='ocrx_word' id='word_1_89' title='bbox 153 1005 204 1044; x_wconf 88' lang='lat' dir='ltr'>non</span> <span class='ocrx_word' id='word_1_90' title='bbox 224 995 314 1057; x_wconf 79' lang='lat' dir='ltr'>oportet</span> <span class='ocrx_word' id='word_1_91' title='bbox 326 990 386 1055; x_wconf 81' lang='lat' dir='ltr'>quod</span> <span class='ocrx_word' id='word_1_92' title='bbox 402 991 534 1056; x_wconf 76' lang='lat' dir='ltr'>hujusmodi</span> <span class='ocrx_word' id='word_1_93' title='bbox 551 989 678 1040; x_wconf 75' lang='lat' dir='ltr'>locutiones</span> <span class='ocrx_word' id='word_1_94' title='bbox 692 989 738 1039; x_wconf 79' lang='lat' dir='ltr'>rint</span> <span class='ocrx_word' id='word_1_95' title='bbox 750 988 856 1039; x_wconf 79' lang='lat' dir='ltr'>omnihus</span> 
     </span>
     <span class='ocr_line' id='line_1_13' title="bbox 49 1077 191 1116; baseline -0.007 0"><span class='ocrx_word' id='word_1_96' title='bbox 49 1077 191 1116; x_wconf 78' lang='lat' dir='ltr'>communes.</span> 
     </span>
    </p>
   </div>
   <div class='ocr_carea' id='block_1_3' title="bbox 308 1307 601 1381">
    <p class='ocr_par' dir='ltr' id='par_1_5' title="bbox 308 1307 601 1381">
     <span class='ocr_line' id='line_1_14' title="bbox 308 1307 601 1381; baseline -0.038 0"><span class='ocrx_word' id='word_1_97' title='bbox 308 1309 476 1381; x_wconf 75' lang='lat' dir='ltr'>domuum</span> <span class='ocrx_word' id='word_1_98' title='bbox 494 1307 601 1377; x_wconf 79' lang='lat' dir='ltr'>Gllll.</span> 
     </span>
    </p>
   </div>
   <div class='ocr_carea' id='block_1_4' title="bbox 78 1457 823 1591">
    <p class='ocr_par' dir='ltr' id='par_1_6' title="bbox 78 1457 823 1591">
     <span class='ocr_line' id='line_1_15' title="bbox 78 1457 823 1520; baseline -0.016 -8"><span class='ocrx_word' id='word_1_99' title='bbox 78 1467 112 1512; x_wconf 79' lang='lat' dir='ltr'>Dc</span> <span class='ocrx_word' id='word_1_100' title='bbox 130 1461 295 1514; x_wconf 74' lang='lat' dir='ltr'>ordinatione</span> <span class='ocrx_word' id='word_1_101' title='bbox 315 1461 462 1520; x_wconf 67' lang='lat' dir='ltr'>aneatorum</span> <span class='ocrx_word' id='word_1_102' title='bbox 478 1457 613 1507; x_wconf 74' lang='lat' dir='ltr'>secundum</span> <span class='ocrx_word' id='word_1_103' title='bbox 631 1457 787 1504; x_wconf 74' lang='lat' dir='ltr'>hierarchica</span> <span class='ocrx_word' id='word_1_104' title='bbox 802 1461 823 1500; x_wconf 90' lang='lat' dir='ltr'>et</span> 
     </span>
     <span class='ocr_line' id='line_1_16' title="bbox 223 1531 680 1591; baseline -0.015 -9"><span class='ocrx_word' id='word_1_105' title='bbox 223 1535 339 1584; x_wconf 78' lang='lat' dir='ltr'>ordiner,</span> <span class='ocrx_word' id='word_1_106' title='bbox 350 1534 380 1591; x_wconf 69' lang='lat' dir='ltr'>tc</span> <span class='ocrx_word' id='word_1_107' title='bbox 393 1537 444 1581; x_wconf 87' lang='lat' dir='ltr'>octo</span> <span class='ocrx_word' id='word_1_108' title='bbox 457 1532 576 1579; x_wconf 75' lang='lat' dir='ltr'>amiculus</span> <span class='ocrx_word' id='word_1_109' title='bbox 590 1531 680 1578; x_wconf 72' lang='lat' dir='ltr'>diolco.</span> 
     </span>
    </p>
   </div>
   <div class='ocr_carea' id='block_1_5' title="bbox 52 1670 855 1957">
    <p class='ocr_par' dir='ltr' id='par_1_7' title="bbox 52 1670 855 1881">
     <span class='ocr_line' id='line_1_17' title="bbox 77 1670 855 1734; baseline -0.019 -2"><span class='ocrx_word' id='word_1_110' title='bbox 77 1679 162 1734; x_wconf 79' lang='lat' dir='ltr'>Deinde</span> <span class='ocrx_word' id='word_1_111' title='bbox 173 1676 366 1730; x_wconf 88' lang='lat' dir='ltr'>considerandum</span> <span class='ocrx_word' id='word_1_112' title='bbox 381 1678 416 1725; x_wconf 85' lang='lat' dir='ltr'>eat</span> <span class='ocrx_word' id='word_1_113' title='bbox 430 1675 458 1726; x_wconf 89' lang='lat' dir='ltr'>de</span> <span class='ocrx_word' id='word_1_114' title='bbox 474 1673 616 1724; x_wconf 87' lang='lat' dir='ltr'>ordinatione</span> <span class='ocrx_word' id='word_1_115' title='bbox 628 1670 758 1734; x_wconf 74' lang='lat' dir='ltr'>angelorum</span> <span class='ocrx_word' id='word_1_116' title='bbox 773 1681 855 1720; x_wconf 85' lang='lat' dir='ltr'>secun·</span> 
     </span>
     <span class='ocr_line' id='line_1_18' title="bbox 52 1739 854 1806; baseline -0.016 -6"><span class='ocrx_word' id='word_1_117' title='bbox 52 1749 100 1800; x_wconf 83' lang='lat' dir='ltr'>dium</span> <span class='ocrx_word' id='word_1_118' title='bbox 112 1749 257 1802; x_wconf 74' lang='lat' dir='ltr'>hierarchiae</span> <span class='ocrx_word' id='word_1_119' title='bbox 270 1752 294 1798; x_wconf 89' lang='lat' dir='ltr'>et</span> <span class='ocrx_word' id='word_1_120' title='bbox 307 1745 406 1799; x_wconf 78' lang='lat' dir='ltr'>ordines.</span> <span class='ocrx_word' id='word_1_121' title='bbox 425 1745 513 1798; x_wconf 84' lang='lat' dir='ltr'>Dictum</span> <span class='ocrx_word' id='word_1_122' title='bbox 528 1745 563 1798; x_wconf 84' lang='lat' dir='ltr'>est</span> <span class='ocrx_word' id='word_1_123' title='bbox 576 1743 636 1794; x_wconf 89' lang='lat' dir='ltr'>enim</span> <span class='ocrx_word' id='word_1_124' title='bbox 650 1741 711 1806; x_wconf 83' lang='lat' dir='ltr'>quod</span> <span class='ocrx_word' id='word_1_125' title='bbox 724 1739 854 1806; x_wconf 81' lang='lat' dir='ltr'>superiores</span> 
     </span>
     <span class='ocr_line' id='line_1_19' title="bbox 52 1812 577 1881; baseline -0.008 -11"><span class='ocrx_word' id='word_1_126' title='bbox 52 1821 174 1874; x_wconf 86' lang='lat' dir='ltr'>illuminant</span> <span class='ocrx_word' id='word_1_127' title='bbox 189 1820 324 1881; x_wconf 72' lang='lat' dir='ltr'>inferimur,</span> <span class='ocrx_word' id='word_1_128' title='bbox 337 1822 361 1869; x_wconf 93' lang='lat' dir='ltr'>et</span> <span class='ocrx_word' id='word_1_129' title='bbox 371 1831 419 1869; x_wconf 88' lang='lat' dir='ltr'>non</span> <span class='ocrx_word' id='word_1_130' title='bbox 432 1812 444 1868; x_wconf 78' lang='grc' dir='ltr'>ὸ</span> <span class='ocrx_word' id='word_1_131' title='bbox 457 1829 577 1867; x_wconf 86' lang='lat' dir='ltr'>conuerso.</span> 
     </span>
    </p>

    <p class='ocr_par' dir='ltr' id='par_1_8' title="bbox 77 1881 853 1957">
     <span class='ocr_line' id='line_1_20' title="bbox 77 1881 853 1957; baseline -0.017 -12"><span class='ocrx_word' id='word_1_132' title='bbox 77 1894 141 1944; x_wconf 81' lang='lat' dir='ltr'>Circa</span> <span class='ocrx_word' id='word_1_133' title='bbox 150 1896 198 1945; x_wconf 87' lang='lat' dir='ltr'>hoc</span> <span class='ocrx_word' id='word_1_134' title='bbox 207 1896 341 1957; x_wconf 79' lang='lat' dir='ltr'>quaeruntur</span> <span class='ocrx_word' id='word_1_135' title='bbox 350 1894 401 1940; x_wconf 85' lang='lat' dir='ltr'>octo</span> <span class='ocrx_word' id='word_1_136' title='bbox 413 1905 419 1938; x_wconf 79' lang='lat' dir='ltr'><strong><em>z</em></strong></span> <span class='ocrx_word' id='word_1_137' title='bbox 430 1886 634 1938; x_wconf 85' lang='lat' dir='ltr'>l⁰Ulri1momnes</span> <span class='ocrx_word' id='word_1_138' title='bbox 646 1885 721 1948; x_wconf 77' lang='lat' dir='ltr'>angeli</span> <span class='ocrx_word' id='word_1_139' title='bbox 730 1883 776 1934; x_wconf 86' lang='lat' dir='ltr'>siut</span> <span class='ocrx_word' id='word_1_140' title='bbox 784 1881 853 1932; x_wconf 84' lang='lat' dir='ltr'>unius</span> 
     </span>
    </p>
   </div>
   <div class='ocr_carea' id='block_1_6' title="bbox 51 1953 854 2377">
    <p class='ocr_par' dir='ltr' id='par_1_9' title="bbox 51 1953 854 2377">
     <span class='ocr_line' id='line_1_21' title="bbox 52 1953 851 2021; baseline -0.015 -8"><span class='ocrx_word' id='word_1_141' title='bbox 52 1965 189 2021; x_wconf 77' lang='lat' dir='ltr'>hierarchiae,</span> <span class='ocrx_word' id='word_1_142' title='bbox 205 1964 232 2014; x_wconf 78' lang='lat'>2⁰</span> <span class='ocrx_word' id='word_1_143' title='bbox 244 1962 324 2014; x_wconf 87' lang='lat' dir='ltr'>tllrdm</span> <span class='ocrx_word' id='word_1_144' title='bbox 340 1961 365 2011; x_wconf 89' lang='lat' dir='ltr'>in</span> <span class='ocrx_word' id='word_1_145' title='bbox 377 1974 423 2010; x_wconf 90' lang='lat' dir='ltr'>una</span> <span class='ocrx_word' id='word_1_146' title='bbox 433 1959 560 2011; x_wconf 83' lang='lat' dir='ltr'>hierarchia</span> <span class='ocrx_word' id='word_1_147' title='bbox 571 1957 601 2008; x_wconf 88' lang='lat' dir='ltr'>sit</span> <span class='ocrx_word' id='word_1_148' title='bbox 616 1971 674 2006; x_wconf 89' lang='lat' dir='ltr'>uuus</span> <span class='ocrx_word' id='word_1_149' title='bbox 686 1953 775 2006; x_wconf 79' lang='lat' dir='ltr'>lautum</span> <span class='ocrx_word' id='word_1_150' title='bbox 787 1954 851 2002; x_wconf 88' lang='lat' dir='ltr'>ordo.</span> 
     </span>
     <span class='ocr_line' id='line_1_22' title="bbox 54 2023 854 2095; baseline -0.024 -5"><span class='ocrx_word' id='word_1_151' title='bbox 54 2040 77 2083; x_wconf 78' lang='lat'>3⁰</span> <span class='ocrx_word' id='word_1_152' title='bbox 93 2038 174 2089; x_wconf 81' lang='lat' dir='ltr'>Utrum</span> <span class='ocrx_word' id='word_1_153' title='bbox 195 2037 229 2086; x_wconf 80' lang='lat' dir='ltr'>iu·</span> <span class='ocrx_word' id='word_1_154' title='bbox 241 2049 288 2087; x_wconf 90' lang='lat' dir='ltr'>uno</span> <span class='ocrx_word' id='word_1_155' title='bbox 304 2033 383 2085; x_wconf 87' lang='lat' dir='ltr'>ordine</span> <span class='ocrx_word' id='word_1_156' title='bbox 401 2031 447 2082; x_wconf 83' lang='lat' dir='ltr'>siut</span> <span class='ocrx_word' id='word_1_157' title='bbox 467 2031 544 2095; x_wconf 85' lang='lat' dir='ltr'>plures</span> <span class='ocrx_word' id='word_1_158' title='bbox 559 2029 644 2092; x_wconf 86' lang='lat' dir='ltr'>angeli.</span> <span class='ocrx_word' id='word_1_159' title='bbox 665 2031 690 2076; x_wconf 86' lang='lat' dir='ltr'>t⁰</span> <span class='ocrx_word' id='word_1_160' title='bbox 708 2024 786 2076; x_wconf 84' lang='lat' dir='ltr'>Utrdm</span> <span class='ocrx_word' id='word_1_161' title='bbox 806 2023 854 2072; x_wconf 88' lang='lat' dir='ltr'>dis-</span> 
     </span>
     <span class='ocr_line' id='line_1_23' title="bbox 51 2093 853 2172; baseline -0.019 -16"><span class='ocrx_word' id='word_1_162' title='bbox 51 2108 124 2161; x_wconf 86' lang='lat' dir='ltr'>tinctio</span> <span class='ocrx_word' id='word_1_163' title='bbox 132 2108 316 2172; x_wconf 75' lang='lat' dir='ltr'>hierarchiarum</span> <span class='ocrx_word' id='word_1_164' title='bbox 328 2109 352 2156; x_wconf 87' lang='lat' dir='ltr'>et</span> <span class='ocrx_word' id='word_1_165' title='bbox 362 2103 466 2159; x_wconf 87' lang='lat' dir='ltr'>ordinum</span> <span class='ocrx_word' id='word_1_166' title='bbox 476 2101 525 2152; x_wconf 82' lang='lat' dir='ltr'>siti</span> <span class='ocrx_word' id='word_1_167' title='bbox 538 2103 627 2150; x_wconf 86' lang='lat' dir='ltr'>natura.</span> <span class='ocrx_word' id='word_1_168' title='bbox 641 2102 666 2146; x_wconf 83' lang='lat'>5⁰</span> <span class='ocrx_word' id='word_1_169' title='bbox 678 2099 709 2148; x_wconf 85' lang='lat' dir='ltr'>lle</span> <span class='ocrx_word' id='word_1_170' title='bbox 721 2093 853 2172; x_wconf 83' lang='lat' dir='ltr'>nominibus</span> 
     </span>
     <span class='ocr_line' id='line_1_24' title="bbox 51 2165 851 2246; baseline -0.026 -11"><span class='ocrx_word' id='word_1_171' title='bbox 51 2186 71 2229; x_wconf 85' lang='lat' dir='ltr'>al</span> <span class='ocrx_word' id='word_1_172' title='bbox 88 2180 270 2246; x_wconf 83' lang='lat' dir='ltr'>proprietatibus</span> <span class='ocrx_word' id='word_1_173' title='bbox 289 2177 431 2240; x_wconf 78' lang='lat' dir='ltr'>singulorum</span> <span class='ocrx_word' id='word_1_174' title='bbox 451 2173 564 2225; x_wconf 88' lang='lat' dir='ltr'>ordinum.</span> <span class='ocrx_word' id='word_1_175' title='bbox 591 2177 617 2220; x_wconf 81' lang='grc' dir='ltr'>6ο</span> <span class='ocrx_word' id='word_1_176' title='bbox 632 2171 664 2220; x_wconf 87' lang='lat' dir='ltr'>lle</span> <span class='ocrx_word' id='word_1_177' title='bbox 683 2165 851 2246; x_wconf 82' lang='lat' dir='ltr'>comparatione</span> 
     </span>
     <span class='ocr_line' id='line_1_25' title="bbox 52 2239 852 2306; baseline -0.026 1"><span class='ocrx_word' id='word_1_178' title='bbox 52 2253 151 2306; x_wconf 83' lang='lat' dir='ltr'>ordinum</span> <span class='ocrx_word' id='word_1_179' title='bbox 171 2254 202 2304; x_wconf 88' lang='lat' dir='ltr'>ad</span> <span class='ocrx_word' id='word_1_180' title='bbox 217 2250 327 2301; x_wconf 84' lang='lat' dir='ltr'>inuicem.</span> <span class='ocrx_word' id='word_1_181' title='bbox 342 2245 461 2300; x_wconf 73' lang='lat' dir='ltr'>motuum</span> <span class='ocrx_word' id='word_1_182' title='bbox 477 2243 570 2296; x_wconf 86' lang='lat' dir='ltr'>ordines</span> <span class='ocrx_word' id='word_1_183' title='bbox 581 2243 664 2294; x_wconf 89' lang='lat' dir='ltr'>durent</span> <span class='ocrx_word' id='word_1_184' title='bbox 680 2240 731 2302; x_wconf 88' lang='lat' dir='ltr'>post</span> <span class='ocrx_word' id='word_1_185' title='bbox 745 2239 805 2287; x_wconf 81' lang='lat' dir='ltr'>duem</span> <span class='ocrx_word' id='word_1_186' title='bbox 814 2251 852 2300; x_wconf 80' lang='lat' dir='ltr'>Ju-</span> 
     </span>
     <span class='ocr_line' id='line_1_26' title="bbox 52 2310 819 2377; baseline -0.025 0"><span class='ocrx_word' id='word_1_187' title='bbox 52 2324 108 2377; x_wconf 83' lang='lat' dir='ltr'>dicii.</span> <span class='ocrx_word' id='word_1_188' title='bbox 123 2330 150 2375; x_wconf 83' lang='lat'>8⁰</span> <span class='ocrx_word' id='word_1_189' title='bbox 163 2321 248 2376; x_wconf 82' lang='lat' dir='ltr'>Utrdm</span> <span class='ocrx_word' id='word_1_190' title='bbox 256 2321 363 2372; x_wconf 87' lang='lat' dir='ltr'>homines</span> <span class='ocrx_word' id='word_1_191' title='bbox 373 2320 517 2372; x_wconf 83' lang='lat' dir='ltr'>assrnnantur</span> <span class='ocrx_word' id='word_1_192' title='bbox 534 2315 562 2365; x_wconf 85' lang='lat' dir='ltr'>ad</span> <span class='ocrx_word' id='word_1_193' title='bbox 571 2312 662 2364; x_wconf 88' lang='lat' dir='ltr'>ordines</span> <span class='ocrx_word' id='word_1_194' title='bbox 680 2310 819 2374; x_wconf 80' lang='lat' dir='ltr'>angelomum.</span> 
     </span>
    </p>
   </div>
   <div class='ocr_carea' id='block_1_7' title="bbox 311 2459 624 2517">
    <p class='ocr_par' dir='ltr' id='par_1_10' title="bbox 311 2459 624 2517">
     <span class='ocr_line' id='line_1_27' title="bbox 311 2459 624 2517; baseline -0.029 0"><span class='ocrx_word' id='word_1_195' title='bbox 311 2508 315 2517; x_wconf 84' lang='lat'>.</span> <span class='ocrx_word' id='word_1_196' title='bbox 352 2460 513 2514; x_wconf 76' lang='lat' dir='ltr'>narremus</span> <span class='ocrx_word' id='word_1_197' title='bbox 529 2459 548 2510; x_wconf 90' lang='lat'>1.</span> <span class='ocrx_word' id='word_1_198' title='bbox 619 2485 624 2492; x_wconf 95' lang='lat'>·</span> 
     </span>
    </p>
   </div>
   <div class='ocr_carea' id='block_1_8' title="bbox 159 2561 730 2628">
    <p class='ocr_par' dir='ltr' id='par_1_11' title="bbox 159 2561 730 2628">
     <span class='ocr_line' id='line_1_28' title="bbox 159 2561 730 2628; baseline -0.032 -8"><span class='ocrx_word' id='word_1_199' title='bbox 159 2571 248 2620; x_wconf 55' lang='lat' dir='ltr'>Utinm</span> <span class='ocrx_word' id='word_1_200' title='bbox 257 2583 339 2617; x_wconf 76' lang='lat' dir='ltr'>ornare</span> <span class='ocrx_word' id='word_1_201' title='bbox 344 2569 428 2628; x_wconf 58' lang='lat' dir='ltr'>comte*</span> <span class='ocrx_word' id='word_1_202' title='bbox 440 2570 492 2613; x_wconf 71' lang='lat' dir='ltr'>aiut,</span> <span class='ocrx_word' id='word_1_203' title='bbox 499 2568 572 2612; x_wconf 79' lang='lat' dir='ltr'>uotae</span> <span class='ocrx_word' id='word_1_204' title='bbox 581 2561 730 2608; x_wconf 73' lang='lat' dir='ltr'>hierarchica.</span> 
     </span>
    </p>
   </div>
   <div class='ocr_carea' id='block_1_9' title="bbox 56 2664 851 2812">
    <p class='ocr_par' dir='ltr' id='par_1_12' title="bbox 56 2664 851 2812">
     <span class='ocr_line' id='line_1_29' title="bbox 82 2664 851 2750; baseline -0.029 -15"><span class='ocrx_word' id='word_1_205' title='bbox 82 2684 114 2734; x_wconf 82' lang='lat' dir='ltr'>ld</span> <span class='ocrx_word' id='word_1_206' title='bbox 124 2685 228 2750; x_wconf 89' lang='lat' dir='ltr'>primum</span> <span class='ocrx_word' id='word_1_207' title='bbox 244 2683 278 2733; x_wconf 85' lang='lat' dir='ltr'>sic</span> <span class='ocrx_word' id='word_1_208' title='bbox 291 2680 421 2746; x_wconf 82' lang='lat' dir='ltr'>proceditur</span> <span class='ocrx_word' id='word_1_209' title='bbox 437 2679 481 2744; x_wconf 86' lang='lat' dir='ltr'>(l).</span> <span class='ocrx_word' id='word_1_210' title='bbox 495 2676 590 2728; x_wconf 86' lang='lat' dir='ltr'>Videtur</span> <span class='ocrx_word' id='word_1_211' title='bbox 610 2671 672 2736; x_wconf 82' lang='lat' dir='ltr'>qurdd</span> <span class='ocrx_word' id='word_1_212' title='bbox 686 2664 851 2746; x_wconf 29' lang='lat' dir='ltr'>omueslangeli</span> 
     </span>
     <span class='ocr_line' id='line_1_30' title="bbox 56 2740 851 2812; baseline -0.03 -5"><span class='ocrx_word' id='word_1_213' title='bbox 56 2755 96 2806; x_wconf 76' lang='lat' dir='ltr'>dut</span> <span class='ocrx_word' id='word_1_214' title='bbox 111 2758 181 2808; x_wconf 83' lang='lat' dir='ltr'>unius</span> <span class='ocrx_word' id='word_1_215' title='bbox 202 2753 344 2806; x_wconf 82' lang='lat' dir='ltr'>himamhia.</span> <span class='ocrx_word' id='word_1_216' title='bbox 359 2750 416 2808; x_wconf 76' lang='lat' dir='ltr'>ssim</span> <span class='ocrx_word' id='word_1_217' title='bbox 432 2749 494 2801; x_wconf 82' lang='lat' dir='ltr'>enirn</span> <span class='ocrx_word' id='word_1_218' title='bbox 515 2746 591 2812; x_wconf 78' lang='lat' dir='ltr'>angeli</span> <span class='ocrx_word' id='word_1_219' title='bbox 614 2743 660 2794; x_wconf 86' lang='lat' dir='ltr'>sint</span> <span class='ocrx_word' id='word_1_220' title='bbox 675 2751 774 2804; x_wconf 83' lang='lat' dir='ltr'>supremi</span> <span class='ocrx_word' id='word_1_221' title='bbox 792 2740 851 2785; x_wconf 85' lang='lat' dir='ltr'>inter</span> 
     </span>
    </p>
   </div>
   <div class='ocr_carea' id='block_1_10' title="bbox 59 2855 850 2998">
    <p class='ocr_par' dir='ltr' id='par_1_13' title="bbox 59 2855 850 2998">
     <span class='ocr_line' id='line_1_31' title="bbox 86 2855 850 2937; baseline -0.051 -3"><span class='ocrx_word' id='word_1_222' title='bbox 86 2872 115 2937; x_wconf 66' lang='grc' dir='ltr'>(ί)</span> <span class='ocrx_word' id='word_1_223' title='bbox 128 2877 162 2922; x_wconf 77' lang='lat' dir='ltr'>lle</span> <span class='ocrx_word' id='word_1_224' title='bbox 179 2874 218 2920; x_wconf 85' lang='lat' dir='ltr'>his</span> <span class='ocrx_word' id='word_1_225' title='bbox 227 2873 297 2919; x_wconf 85' lang='lat' dir='ltr'>etiam</span> <span class='ocrx_word' id='word_1_226' title='bbox 310 2873 335 2917; x_wconf 90' lang='lat' dir='ltr'>in</span> <span class='ocrx_word' id='word_1_227' title='bbox 348 2872 380 2930; x_wconf 89' lang='lat'>11,</span> <span class='ocrx_word' id='word_1_228' title='bbox 393 2871 472 2920; x_wconf 73' lang='lat' dir='ltr'>sent..</span> <span class='ocrx_word' id='word_1_229' title='bbox 485 2867 539 2913; x_wconf 85' lang='lat' dir='ltr'>dist.</span> <span class='ocrx_word' id='word_1_230' title='bbox 552 2863 577 2924; x_wconf 85' lang='lat'>9,</span> <span class='ocrx_word' id='word_1_231' title='bbox 591 2869 633 2911; x_wconf 91' lang='lat' dir='ltr'>art.</span> <span class='ocrx_word' id='word_1_232' title='bbox 651 2859 677 2913; x_wconf 65' lang='lat'>13</span> <span class='ocrx_word' id='word_1_233' title='bbox 694 2863 717 2904; x_wconf 88' lang='lat' dir='ltr'>et</span> <span class='ocrx_word' id='word_1_234' title='bbox 730 2855 753 2901; x_wconf 87' lang='lat' dir='ltr'>iu</span> <span class='ocrx_word' id='word_1_235' title='bbox 767 2855 850 2909; x_wconf 76' lang='lat' dir='ltr'>Diony·</span> 
     </span>
     <span class='ocr_line' id='line_1_32' title="bbox 59 2935 314 2998; baseline -0.039 -9"><span class='ocrx_word' id='word_1_236' title='bbox 59 2936 119 2997; x_wconf 70' lang='lat' dir='ltr'>tium,</span> <span class='ocrx_word' id='word_1_237' title='bbox 129 2938 171 2984; x_wconf 83' lang='lat' dir='ltr'>lib.</span> <span class='ocrx_word' id='word_1_238' title='bbox 182 2937 277 2998; x_wconf 80' lang='lat' dir='ltr'>11‚ool.</span> <span class='ocrx_word' id='word_1_239' title='bbox 289 2935 314 2980; x_wconf 86' lang='lat' dir='ltr'>o.</span> 
     </span>
    </p>
   </div>
   <div class='ocr_carea' id='block_1_11' title="bbox 0 0 996 3309">
    <p class='ocr_par' dir='ltr' id='par_1_14' title="bbox 0 0 996 3309">
     <span class='ocr_line' id='line_1_33' title="bbox 0 0 996 3309; baseline 0 0"><span class='ocrx_word' id='word_1_240' title='bbox 0 0 996 3309; x_wconf 95' lang='lat' dir='ltr'> </span> 
     </span>
    </p>
   </div>
  </div>
 </body>
</html>
