1984 3309
207 223 240 259 nu
254 220 329 259 runnu
344 221 446 261 nomme
462 219 642 270 rnouucrroun,
659 221 712 259 nnc.
815 210 861 261 itti

88 301 98 366 (
104 302 255 353 concussio.
264 324 295 338 -·
302 298 359 349 Cim
373 300 432 349 Deus
443 298 529 363 primas
538 313 575 349 res
585 298 713 349 instituerit
724 299 749 351 in
761 299 862 364 pertento

53 376 117 426 statu
125 386 174 425 snae
188 376 288 432 nature,
296 371 374 421 anima
386 374 463 421 autem
471 384 523 435 qum
534 374 571 421 tot
580 383 633 435 puro
645 372 752 422 nomene
765 375 862 435 marre,

53 459 101 497 non
122 446 209 495 haheat
224 443 351 493 naturalem
368 442 545 507 perfectionem,
559 442 604 492 nisi
617 442 742 494 secundino
755 443 816 508 qnod
827 449 865 497 eat

52 516 145 583 corpori
160 516 242 579 unita,
252 516 373 567 dicendum
384 518 422 568 est
435 517 534 567 animam
548 517 671 568 humanam
684 530 729 569 non
744 530 795 568 ense
811 530 864 582 pro·

51 590 148 639 ductum
161 590 217 636 aute
228 586 332 651 corpus.)

84 658 228 725 Respondeo
241 658 360 709 dicendum
369 696 378 720 ‚
387 657 447 721 qndd
459 658 571 721 Origenes
578 660 658 723 posuit
670 674 716 711 uon
729 660 803 711 soiirm
814 662 864 711 ani-

52 745 115 781 mam
130 730 201 805 primi
215 728 330 793 hominis,
342 730 383 781 sed
399 730 487 779 anirum
501 730 607 781 omnium
619 730 736 791 homiuum
750 736 803 782 ante
815 746 864 783 cor·

53 817 110 867 pora
119 802 192 853 simui
201 816 254 853 curn
264 802 352 865 angelis
358 805 453 864 creatas,
460 806 553 867 propter
559 804 604 854 hoc
609 802 669 866 quod
679 804 775 854 eredidit
783 818 863 855 omues

55 876 188 939 spirituales
198 874 346 936 substantias,
356 878 401 923 turn
411 874 498 925 ruimus
508 874 577 938 qutun
585 876 689 939 angelos,
701 876 802 939 equales
810 890 862 927 csse

56 945 184 997 socordior
199 959 248 995 sum
257 947 344 995 nature
358 944 659 1009 conditioncm‚sednoii1nr
675 946 861 998 meritodistaro:

57 1017 91 1065 sic
98 1017 158 1081 qudd
167 1016 276 1081 quodum
290 1028 366 1067 eorum
379 1016 510 1081 corporibus
521 1016 654 1081 alligantur,
661 1032 712 1081 pum
723 1022 776 1068 suut
784 1018 864 1069 animm

59 1088 177 1139 hominum
192 1087 232 1138 uei
246 1087 371 1137 cenenum
382 1101 515 1152 corporum,
527 1091 630 1153 quedam
641 1088 697 1139 uerit
710 1090 734 1139 in
748 1090 790 1154 sui¹
801 1090 864 1153 puri-

57 1162 101 1210 tate
119 1159 251 1211 secundiora
272 1159 375 1209 diversos
390 1160 481 1210 ordines
496 1164 621 1211 remanent.
644 1162 678 1211 oo
693 1174 738 1225 qna
756 1160 864 1225 opinione

56 1231 122 1297 rupr'a
139 1232 194 1296 janu
208 1230 307 1281 dicimus
320 1232 373 1295 (qn.
395 1234 438 1291 ti,
458 1235 504 1282 ιιι·
515 1230 564 1295 2),
577 1235 600 1283 et
614 1232 666 1283 ideo
684 1234 824 1297 relinquatur
835 1235 864 1285 ad

55 1318 167 1367 puseus.
181 1302 324 1365 Augustinus
334 1302 387 1353 ucrd
397 1302 422 1353 in
433 1304 481 1353 Vii.
489 1305 572 1367 Super
580 1305 641 1354 Gen.
653 1304 689 1352 cd
699 1304 741 1355 tit.
751 1305 811 1370 (cup.
823 1308 862 1367 nt,

55 1380 84 1425 25
99 1381 123 1427 et
134 1380 167 1425 27
177 1375 201 1439 ),
216 1373 344 1438 dicitquod
360 1375 434 1424 anima
448 1374 516 1439 primi
530 1374 631 1425 hominis
645 1380 698 1425 aute
712 1389 794 1440 corpus
811 1390 864 1426 cunr

56 1448 145 1511 angelis
167 1450 206 1498 cst
226 1450 315 1511 croam,
335 1447 364 1497 ob
379 1447 445 1497 aliam
465 1447 576 1498 rationein
599 1446 675 1510 :quia
693 1446 781 1497 sciiicet
799 1448 866 1511 ponit

54 1520 116 1584 qnod
131 1533 219 1585 eorpus
228 1518 329 1570 hominio
342 1518 425 1569 initiis
435 1519 541 1584 operibns
552 1532 593 1569 sex
603 1519 691 1569 dierum
704 1532 750 1569 non
761 1518 805 1569 init
815 1533 865 1585 pro

56 1592 153 1642 ductum
166 1591 195 1641 in
207 1593 260 1640 actu
266 1627 275 1653 ,
290 1591 331 1640 sed
346 1589 419 1641 solium
432 1589 557 1641 secundino
570 1591 673 1641 cuusdeu
682 1590 791 1640 rationes.
801 1591 865 1649 ouon

56 1677 101 1714 non
120 1666 201 1729 potest
212 1663 241 1711 do
256 1661 331 1713 anima
345 1662 404 1725 diei,
421 1662 474 1726 quia
490 1676 534 1713 nec
551 1675 580 1711 cr
592 1661 668 1725 uiiqun
679 1662 774 1713 materia
785 1676 865 1727 corpro

55 1735 96 1784 mii
110 1739 154 1785 aut
169 1732 285 1799 spirituaii
298 1734 456 1798 praeexistente
466 1734 527 1783 iacta
540 1734 592 1796 fuit,
604 1747 647 1783 nec
656 1746 685 1783 en
694 1734 769 1797 aliqua
780 1734 865 1786 uirtute

57 1810 131 1857 creata
147 1805 248 1871 produci
263 1805 346 1869 potuit.
362 1806 391 1855 iit
404 1806 454 1855 ideo
465 1806 556 1855 videtur
568 1804 630 1869 qu'od
642 1804 741 1869 ipsamet
754 1806 829 1856 anima
840 1806 865 1857 in

57 1880 168 1942 operibus
185 1877 342 1939 serdonum,
363 1877 388 1927 iu
406 1878 488 1940 quihus
506 1876 583 1927 omnia
598 1878 657 1928 tuctu
674 1878 781 1943 inerunt,
797 1878 866 1929 simui

57 1963 108 2001 cum
120 1948 214 2013 angelis
227 1949 296 1999 fucrit
311 1953 399 2013 creata,
413 1953 435 1999 et
451 1948 510 2013 qudi
524 1950 667 2013 postmodum
680 1948 770 2014 propria
785 1951 866 2001 voiun-

59 2023 102 2072 tate
116 2014 231 2074 inclinata
252 2020 296 2071 init
317 2022 346 2071 ad
359 2034 441 2085 corpus
463 2019 676 2084 administrandum.
691 2022 736 2073 Sed
757 2024 802 2073 hoc
819 2038 865 2075 uon

58 2094 112 2144 dicit
123 2094 260 2157 asserendo,
271 2095 353 2159 utejus
362 2094 431 2144 verita
441 2095 606 2154 demonstrant.
615 2094 674 2144 oicit
685 2095 747 2146 enim
757 2095 816 2160 (cap.
825 2097 862 2160 9);

59 2166 210 2226 «Credatur,
234 2166 255 2215 si
276 2165 338 2215 uuila
360 2164 527 2231 scripturarum
547 2166 683 2227 auctoritas,
701 2179 741 2216 seu
764 2166 866 2220 veritatis

58 2237 115 2289 ratio
129 2236 285 2300 contradicit,
300 2235 416 2287 hominem
433 2236 465 2285 itc
478 2236 562 2287 iactum
577 2240 641 2287 scuto
657 2237 707 2301 die,
721 2240 747 2286 ut
767 2239 866 2304 corporis

58 2309 153 2371 quidem
166 2308 264 2357 nunnoni
275 2307 331 2359 ratio
343 2308 440 2359 causatis
450 2308 474 2357 in
487 2308 608 2358 elementis
617 2308 696 2359 mundi
707 2312 782 2373 esset,
790 2310 866 2363 anima

58 2382 114 2432 uerd
126 2382 178 2447 jam
195 2380 247 2446 ipsa
261 2383 382 2431 crearetur.
398 2398 412 2429 ιι
428 2384 510 2432 Posset
526 2382 601 2431 autem
614 2384 693 2445 nitique
711 2384 754 2433 hoo
773 2384 866 2436 tolerari

59 2453 188 2505 secundior
199 2466 239 2503 eos
253 2452 292 2516 qui
303 2456 391 2518 ponunt
401 2452 548 2517 quodfanima
557 2454 627 2503 habet
637 2467 679 2519 per
691 2466 716 2505 se
731 2457 831 2521 speciem
843 2462 867 2508 et

59 2529 165 2577 natumrn
176 2524 314 2589 completum
320 2562 328 2588 ‚
338 2529 362 2576 ct
374 2524 433 2589 quid
448 2538 494 2575 non
504 2528 583 2575 unitur
594 2526 682 2589 corpori
696 2530 722 2576 ut
732 2527 817 2596 torma,
826 2531 866 2581 scd

60 2596 134 2647 nolim
148 2596 269 2660 adipsum
283 2598 493 2648 administrandum
507 2596 532 2646 si
543 2600 618 2647 autem
635 2598 710 2648 anima
724 2598 802 2648 unitor
815 2613 862 2650 cor·

60 2668 110 2731 pori
128 2671 154 2718 ut
167 2668 258 2729 torma,
277 2672 302 2719 et
316 2673 352 2721 est
366 2668 499 2719 naturaliter
512 2681 566 2733 pars
583 2669 686 2720 numanae
705 2674 807 2731 naturae,
823 2672 867 2721 iroc

62 2742 156 2790 omniuo
167 2752 274 2790 essenon
285 2744 368 2805 potest.
376 2740 520 2791 itaniicstum
530 2742 564 2789 eet
572 2739 634 2789 enim
643 2740 703 2805 quod
713 2742 774 2790 Deus
781 2740 866 2805 primas

63 2822 98 2861 res
118 2810 222 2861 instituit
237 2810 262 2861 in
279 2812 380 2877 perfecto
400 2815 460 2861 statu
480 2825 527 2861 snm
546 2818 644 2875 naturae,
661 2811 783 2863 secundini
805 2811 866 2875 quod

10 2900 12 2923 ι
64 2883 245 2947 uniuscujusque
254 2882 288 2934 rei
302 2882 390 2948 species
404 2883 518 2947 erigebat.
531 2883 611 2934 Anima
624 2886 701 2935 autem
715 2880 766 2932 crim
775 2882 806 2932 sit
813 2893 866 2945 pars

65 2951 169 3007 humanu
186 2957 290 3023 nutura,
305 2956 434 3009 nonhabet
448 2954 573 3008 naturalem
586 2956 759 3021 periecdonenr,
768 2953 815 3005 nisi
828 2966 866 3006 se·
