1984 3309
162 204 207 251 tud
357 208 417 247 runs
430 209 453 258 r,
467 205 558 253 numm.
576 207 639 257 acu,
655 208 710 245 aar.
726 206 761 246 tv,

163 286 233 337 multd
243 284 316 348 magu
325 284 410 335 virtute
423 285 501 337 diviua
511 298 594 348 cerpus
605 284 708 334 mulieris
719 282 794 348 putuit
804 283 834 334 de
844 286 910 334 cesta
922 282 962 333 uiri

161 358 268 421 fermari,
284 358 369 421 absque
382 356 467 408 dolare.

194 432 222 481 Et
234 444 275 495 per
285 431 330 482 hec
345 432 409 493 patet
419 430 502 481 solutis
513 431 542 480 ad
553 428 654 479 tertium.

452 612 612 663 ARTICULUS
627 611 665 661 IV.

246 738 330 785 Utrum
343 738 431 784 mulier
444 739 522 794 suerit
534 737 669 783 immediate
675 737 784 792 sarmata
798 736 888 782 ὰῦεο.

195 868 228 918 Ad
245 871 350 931 quartum
363 866 396 919 sic
408 867 546 931 proceditur.
558 868 655 917 Videtur
667 866 726 930 uudd
740 866 823 917 mulier
834 881 887 918 nun
901 864 964 917 fuerit

163 938 294 990 immediate
307 940 403 990 formata
419 938 604 989 thenitanum
618 939 682 989 enim
698 938 844 988 individuum
858 952 891 989 ex
900 936 965 988 simili

164 1011 288 1063 seeundum
298 1011 395 1075 speciem
409 1012 543 1075 productum
554 1009 580 1058 m
592 1009 723 1061 immediata
733 1008 745 1058 A
755 1011 812 1059 Dec.
825 1012 875 1061 Sed
888 1010 967 1060 mutim

163 1083 221 1133 tacta
233 1086 267 1133 est
281 1083 381 1144 deutra,
392 1082 431 1145 qui
445 1085 480 1131 est
490 1082 593 1145 ejusdem
610 1082 696 1146 speciei
708 1096 759 1132 cum
770 1082 831 1145 insa.
848 1084 912 1147 Ergo
925 1094 966 1131 nm

164 1158 198 1203 est
209 1155 268 1205 iacta
280 1154 410 1205 immediati
420 1153 434 1202 A
444 1154 500 1203 Deo.

195 1230 218 1275 2.
233 1227 355 1287 Praeterea,
368 1225 508 1289 Augustinus
518 1225 582 1290 dicit,
595 1227 634 1276 tlt.
646 1227 764 1276 Dedris.
776 1227 841 1291 (cap.
857 1226 895 1292 i),
910 1226 966 1289 qudd

163 1296 286 1361 corporalia
300 1296 458 1359 dispensantur
469 1294 540 1346 Aliae
548 1310 590 1360 per
598 1298 699 1359 augetos.
709 1298 752 1347 Sed
768 1310 856 1360 carpus
867 1297 966 1348 mutier'u

163 1382 192 1418 err
209 1369 302 1419 materia
314 1366 426 1430 corporali
442 1370 478 1416 est
497 1367 626 1417 formatum.
639 1369 697 1431 Ergo
708 1371 745 1417 est
759 1367 850 1418 factum
869 1382 914 1433 per
923 1368 966 1417 mi·

162 1440 280 1491 misterium
293 1438 433 1501 augelorum,
447 1441 471 1488 et
485 1450 531 1488 nou
546 1438 700 1489 immediatea
715 1441 771 1490 Dec.

194 1517 215 1563 3.
235 1515 361 1573 erueres,
375 1523 401 1559 ea
420 1522 470 1573 quae
490 1510 661 1573 preextitemut
672 1510 697 1559 in
712 1512 823 1561 creaturis
838 1513 965 1564 secundini

162 1584 261 1635 raticues
282 1583 398 1642 causales,
412 1582 570 1645 producuntur
586 1584 670 1633 virtute
689 1582 787 1647 aiicujus
801 1588 931 1650 creature,
947 1591 965 1634 et

162 1666 207 1717 unu
226 1651 355 1705 immediate
369 1652 383 1701 a
397 1654 451 1703 Dee.
466 1654 510 1703 Sed
523 1654 646 1704 secundnm
657 1656 757 1705 causales
768 1655 876 1708 rationes
888 1671 966 1721 cerpus

163 1726 264 1775 mulieris
281 1724 305 1775 iu
324 1724 405 1788 primis
423 1725 530 1789 operibus
550 1727 683 1789 productum
703 1726 760 1787 fuit,
777 1732 805 1776 ut
824 1729 967 1793 Augustinus

163 1796 231 1858 dicit,
242 1798 282 1848 IX.
297 1798 379 1861 Super
395 1797 455 1847 Gerr.
468 1797 557 1847 adlit.
572 1797 705 1863 (cauti).
717 1800 777 1862 Ergo
787 1811 836 1849 nou
849 1800 900 1851 fuit
913 1814 966 1866 pro-

164 1869 229 1919 ducta
242 1870 323 1919 multer
333 1868 464 1920 immediate
475 1868 489 1919 A
500 1872 556 1920 tice·
590 1919 593 1924 .

195 1940 240 1990 Sed
260 1944 337 1991 contra
354 1944 402 2001 est,
419 1941 479 2004 quud
505 1942 645 2004 Augustinus
662 1942 717 1992 dicit
738 1943 866 1994 incudem
889 1946 966 1995 libre:

165 2028 179 2059 a
193 2012 300 2078 Formare
314 2012 351 2062 vet
365 2012 478 2063 aedificare
494 2016 595 2075 costam,
610 2016 636 2062 ut
646 2014 727 2064 mulier
736 2017 813 2076 esset,
828 2028 882 2066 nou
895 2017 967 2081 putuit

164 2084 212 2135 uisi
231 2086 290 2136 Deus
305 2084 319 2133 d
335 2098 380 2149 quc
397 2083 504 2134 uniuersa
516 2088 596 2134 natura
608 2084 746 2135 subsistit.»

197 2158 390 2223 (concausr0.-
398 2154 454 2205 Cium
467 2154 541 2206 Ascle
554 2156 613 2218 dee,
627 2158 668 2219 qui
680 2161 716 2207 est
731 2161 819 2207 nature
831 2158 967 2212 institutor.

164 2228 252 2290 possint
268 2242 305 2279 res
318 2232 399 2292 preter
413 2232 499 2278 naturae
513 2226 614 2277 ordinem
625 2228 652 2277 in
663 2243 714 2278 esse
721 2230 830 2293 produci,
840 2231 872 2281 ab
881 2244 913 2282 eu
923 2233 968 2281 salu

164 2298 255 2349 formari
268 2300 342 2363 potuit
356 2299 437 2349 mulier
449 2300 477 2349 de
490 2304 555 2349 cesta
562 2299 631 2363 uiri.)

195 2372 329 2435 Respondeu
342 2372 477 2434 dicendum,
489 2370 551 2434 qued
562 2370 622 2421 sicut
633 2371 701 2436 supra
710 2372 843 2422 dictumest
856 2375 914 2439 (art.
927 2376 967 2435 A),

163 2442 342 2507 uuiuscujusque
360 2442 446 2507 speciei
462 2442 577 2505 generatio
593 2444 702 2493 naturalis
717 2448 797 2494 estex
813 2446 968 2496 determinata

163 2514 264 2565 materia:
280 2517 373 2566 Alateria
387 2517 463 2565 autem
474 2526 503 2563 ex
512 2528 557 2577 qua
568 2515 700 2565 naturaliter
711 2520 832 2579 generatur
842 2518 926 2581 hamc,
934 2522 967 2566 est

162 2599 240 2638 semen
256 2590 381 2637 humanum
401 2586 445 2636 uiri
459 2586 496 2636 vel
509 2584 620 2637 imminue.
636 2588 699 2637 Unde
718 2601 747 2637 eu
765 2587 810 2636 aliu
829 2601 968 2653 quacunque

163 2660 256 2709 materia
268 2658 408 2708 individuum
420 2658 529 2708 humanae
540 2658 626 2721 speciei
639 2658 743 2721 generari
753 2671 800 2708 neu
809 2663 889 2722 petest
902 2666 968 2710 natu-

162 2731 249 2780 raliter.
269 2730 334 2780 Solus
347 2734 424 2779 autem
437 2732 510 2793 Deus,
523 2730 565 2793 nui
588 2733 624 2781 est
639 2734 726 2781 nature
742 2731 876 2796 institutor,
891 2736 967 2797 petest

163 2806 245 2865 praetm
260 2805 345 2851 naturae
361 2802 465 2851 ordinem
478 2816 518 2852 res
534 2802 620 2851 inesse
635 2804 768 2866 producere.
786 2803 815 2852 Et
831 2804 885 2854 iden
905 2806 968 2855 setus

165 2875 223 2923 Deus
240 2875 314 2935 putuit
332 2873 368 2922 vel
386 2873 460 2923 uiuum
473 2876 501 2925 de
513 2873 568 2924 timu
580 2878 661 2939 terrae,
675 2875 713 2925 sci
729 2875 848 2927 mulierem
861 2876 891 2928 de
903 2880 967 2927 costa

165 2944 208 2995 uiri
218 2944 324 2995 formare.
