1984 3309
141 194 187 242 tls
325 202 387 242 nans
398 202 418 254 ι,
432 202 524 249 pumen.
541 202 626 253 surr,
641 204 695 241 ιιι.
711 196 747 241 ιιι.

141 282 169 332 ab
183 282 273 343 ιάιιιιι,
288 279 334 331 nisi
349 280 492 344 paratiquod
510 292 552 331 ens
563 280 631 338 actu,
645 292 762 329 necessum
774 280 810 330 est
826 280 857 333 in
875 283 958 335 anima

140 356 223 417 praeter
234 352 373 403 intellectum
386 350 518 416 possibilem
534 364 579 416 quo
590 350 664 400 anima
678 352 763 400 omnio
776 350 845 415 fieri
859 358 956 419 potest,

140 423 277 475 constituere
292 423 431 473 intellectum
443 426 550 486 agentem
560 434 605 485 quo
618 422 702 471 omniu
716 424 796 487 potest
808 424 919 486 sanese,
932 431 957 477 et

141 491 289 558 intelligibilia
299 494 401 557 potentb
413 494 441 542 ad
454 497 528 543 autrum
540 492 674 557 ocurrere.)

171 567 307 630 Respondes
323 564 459 621 dicendum,
474 564 535 628 quod
548 565 671 615 secundum
690 562 823 627 opinionem
839 566 955 619 Platonis

141 638 202 687 nulla
214 635 338 689 necessitas
346 640 395 687 erat
403 648 488 700 ponere
499 634 636 685 intellectum
648 639 752 697 agentem
764 634 793 687 ao
807 636 954 691 iaciendum

141 708 293 772 intelligibilia
303 709 327 758 in
338 713 402 768 amu,
416 709 456 758 sed
469 708 526 757 forte
540 706 568 756 ad
578 708 724 770 praebendum
737 708 814 757 lumen
832 709 957 774 intelligi-

141 780 187 831 bile
199 779 347 842 intelligenti,
361 781 387 828 ut
398 779 457 829 iutra
469 779 555 829 dicetur
562 777 604 843 (1).
616 778 694 829 Posuit
704 777 765 829 enim
778 779 847 831 Plato
860 782 956 833 formas

142 867 217 904 rerum
228 852 363 903 naturalium
376 850 426 901 sine
440 850 536 901 materia
553 850 688 911 subsistere,
703 854 726 900 et
736 863 777 914 per
792 864 955 917 consequens

142 938 182 975 eas
191 922 343 986 intelligibiles
354 936 414 982 esse,
424 922 478 985 qula
489 936 518 973 en
528 924 572 972 boc
584 925 619 972 est
628 920 714 985 aliquid
723 920 874 984 intelligibile
888 928 954 987 actu,

143 996 203 1060 quod
210 998 246 1045 est
254 993 410 1047 immateriale.
417 994 445 1043 lit
452 993 583 1057 hujusmodi
592 994 688 1045 vocabu
697 993 792 1057 species
799 991 855 1047 sive
867 996 955 1047 ideas.

143 1068 281 1131 linguarum
294 1064 468 1129 participatione
480 1066 568 1116 dicebat
582 1066 651 1116 etiam
664 1064 780 1116 materiam
797 1070 956 1130 corporalem

142 1137 249 1200 tornati,
264 1137 292 1187 ad
302 1138 348 1187 boc
361 1137 420 1199 quud
431 1136 549 1187 individua
561 1136 692 1187 naturaliter
705 1134 912 1191 constituerentur
929 1143 957 1193 iu

143 1208 240 1277 propriis
256 1208 376 1271 generibus
386 1210 410 1257 et
425 1207 558 1271 speciebus,
573 1210 597 1258 et
610 1206 737 1259 intellectus
752 1210 844 1258 nostros
858 1210 892 1261 ad
909 1214 956 1263 boc

145 1280 204 1343 quod
219 1279 247 1329 de
258 1277 379 1341 generibus
389 1281 413 1328 et
421 1278 540 1341 speciebus
550 1292 626 1329 rerum
636 1278 755 1329 solentiam
766 1278 894 1331 baberent.
906 1284 955 1335 Sed

145 1350 199 1413 quia
208 1349 340 1401 bnstoteles
349 1362 394 1399 non
404 1348 481 1413 posuit
491 1348 576 1399 formas
587 1362 661 1399 rerum
671 1348 807 1399 naturalium
818 1350 955 1405 subsistere

145 1420 196 1472 sina
206 1422 300 1471 materia
311 1419 346 1485 (t)
359 1420 447 1485 (forme
460 1424 537 1470 auum
551 1420 575 1471 in
589 1420 682 1471 materia
695 1420 817 1479 existentes
830 1435 880 1473 non
896 1431 956 1477 suut

146 1492 299 1555 intelligibiles
312 1490 381 1555 actu)
390 1528 399 1554 ‚
409 1492 544 1554 sequebatur
555 1493 612 1554 quud
624 1495 709 1542 nature
720 1506 760 1542 sen
773 1492 855 1543 formae
869 1508 956 1547 rerum

146 1564 286 1615 sensibilium
301 1575 357 1627 quas
374 1560 534 1626 intelligimus,
549 1576 595 1613 non
610 1566 688 1613 essem
703 1563 861 1626 intelligibiles
882 1574 953 1619 actu.

146 1634 208 1684 llibil
221 1637 297 1684 anum
309 1632 422 1684 reducitur
432 1634 461 1683 de
475 1634 578 1697 potentia
590 1634 616 1685 in
632 1638 724 1697 actum,
743 1634 786 1685 nbi
800 1648 841 1699 per
852 1636 955 1701 aliquod

146 1718 189 1756 ens
202 1708 267 1766 amu,
282 1704 341 1755 sicut
355 1717 435 1755 seusun
448 1704 478 1755 sit
490 1704 517 1755 in
527 1709 579 1755 actu
589 1718 630 1769 per
642 1705 747 1757 sensibile
759 1705 784 1756 in
795 1711 858 1757 actu.
874 1710 955 1773 Opor-

146 1777 210 1827 tebat
221 1776 290 1839 igitur
299 1790 384 1840 ponere
396 1778 495 1840 aliquam
506 1775 614 1827 virtutem
623 1781 724 1841 exparte
735 1776 882 1840 intellectus,
895 1795 955 1845 quae

147 1846 216 1897 iaciat
236 1847 425 1911 intelligibilium
445 1853 513 1913 actu,
529 1861 570 1913 per
589 1848 762 1901 abstractionem
782 1848 917 1912 specierum
940 1854 956 1905 a

147 1918 312 1969 conditionibus
329 1919 489 1971 matenalibus.
505 1920 535 1970 lit
546 1921 596 1971 bac
610 1924 645 1971 est
658 1920 782 1971 necessitas
793 1922 898 1984 ponendi
913 1924 956 1975 iu-

148 1989 261 2041 tellectum
272 1994 386 2055 agentem.

179 2062 213 2112 Ab
223 2062 320 2126 primum
330 2076 384 2125 ergo
394 2062 523 2125 dicendum,
533 2060 592 2127 qubd
603 2061 716 2115 sensibilia
729 2062 878 2115 inveniuntur
891 2070 955 2117 actu

184 2222 214 2285 (1)
232 2226 289 2271 Tum
309 2231 353 2271 unt.
370 2223 387 2269 l
396 2225 554 2283 ,wallonis
569 2226 688 2283 paresentis
705 2184 785 2272 remus
801 2222 885 2287 finem,
897 2235 955 2278 tum

150 2293 232 2345 quest.
246 2286 290 2345 st,
304 2294 348 2333 art.
363 2286 461 2335 etiami
476 2294 501 2332 et
511 2288 678 2347 sequentibus
690 2301 737 2334 nun
748 2294 793 2335 ert
808 2292 900 2337 tautum
916 2293 953 2354 tr,

150 2363 179 2395 ex
193 2357 238 2406 (guo
252 2349 315 2408 prius
327 2351 470 2395 indicabatur
482 2350 511 2395 su
525 2351 657 2409 marginem.

184 2418 214 2482 (ὓ)
232 2423 282 2468 lmb
293 2422 426 2479 predictam
438 2422 577 2468 senteutiam
589 2424 691 2469 Platonis
701 2423 806 2469 absoluti
816 2426 909 2482 reiecit,
927 2434 955 2473 ut

151 2497 181 2529 ex
191 2484 231 2529 lib
241 2486 283 2529 111.
295 2484 411 2541 lietuplr„
419 2490 475 2532 text.
486 2482 525 2542 lo,
535 2496 562 2530 ac
572 2485 681 2543 deinceps
689 2498 763 2542 usque
775 2484 804 2531 ad
814 2484 885 2532 fluam
894 2489 953 2536 libri

152 2551 227 2603 patet;
243 2547 291 2592 sive
310 2545 352 2607 (nt
365 2546 456 2619 quidem
470 2546 567 2607 putant)
580 2548 639 2592 malt
650 2548 713 2593 illam
731 2549 887 2609 intellexerit,
900 2552 954 2598 sire

154 2610 235 2653 bene.
250 2608 376 2654 Suuteuinr
384 2608 424 2665 qui
438 2620 486 2653 non
496 2615 578 2666 putant
594 2608 705 2655 admissas
717 2610 835 2656 ullamne
844 2612 911 2658 ideas
922 2628 954 2659 eo

153 2683 223 2716 unsu
236 2683 304 2727 quern
318 2670 364 2715 sibi
376 2668 442 2715 tinnit
455 2682 482 2716 au
492 2669 601 2716 refutavit
613 2671 778 2729 Philosophus,
791 2675 859 2729 quusi
873 2676 908 2721 rei
908 2676 955 2733 psi

153 2733 292 2785 existereut;
305 2732 344 2777 sed
353 2743 382 2778 eo
393 2744 462 2777 sensu
477 2743 524 2789 quo
538 2734 645 2779 similiter
655 2736 793 2792 exemplaria
805 2748 884 2781 rerum
895 2739 954 2784 liin·

154 2795 233 2851 nysius
244 2794 336 2851 agnouit
346 2796 377 2840 ab
389 2796 490 2839 murno·
483 2807 508 2852 ιιι
518 2796 635 2841 intellectu
645 2798 686 2841 liei
695 2804 869 2855 preconcepta;
883 2803 955 2857 quasi

153 2857 339 2901 subintellexerit
350 2856 423 2902 solbm
434 2858 476 2901 ut
470 2870 495 2903 ιιι
507 2862 582 2902 mente
593 2855 669 2903 divini
678 2860 846 2917 subsistentes,
861 2861 897 2906 vel
911 2874 955 2909 eas

154 2918 254 2964 uoluerit
266 2919 327 2964 aliud
338 2931 405 2979 osse,
415 2918 459 2965 nisi
475 2916 559 2980 (siout
553 2925 716 2978 iuterpretatur
728 2918 825 2983 Paullus)
838 2925 955 2983 impli-
