1984 3309
137 158 183 205 ιιι
277 164 352 204 rame
368 163 501 214 mennon,
515 163 610 209 oonsu.
627 162 673 215 xv,
688 152 745 203 [ιτ.
762 165 800 203 ιιι.

135 246 227 296 brutum
244 242 328 294 animat
341 242 428 306 appetit
442 241 549 304 pridem,
560 240 600 291 sed
614 253 658 292 non
674 240 775 306 upptioat
789 242 934 306 appetitivum
972 245 974 312 j

136 320 224 368 motum
238 316 267 366 ad
278 313 375 379 atiquid3
390 317 414 363 et
427 314 520 378 propter
530 314 574 363 tuoe
586 326 633 363 non
639 312 732 377 proprie
746 313 832 363 dieitur
845 328 936 365 muson-
972 321 974 328 '

137 390 194 452 tire,
213 388 253 439 sed
266 385 338 437 solim
353 385 473 435 rationalis
484 387 578 444 nutura,
592 396 643 447 qne
653 384 743 433 hstet'
737 398 763 433 ιιι
774 389 887 449 potestate
901 400 936 436 sua
972 405 974 568 E

138 460 289 525 appetitivum
304 460 405 521 notum,
420 460 444 507 et
454 455 546 521 potest
539 468 614 520 rpsnm
627 456 745 535 appiioare
760 457 801 507 uei
812 470 860 509 non
872 460 974 530 appii-

137 544 189 583 onre
203 532 231 581 ad
241 533 284 581 troo
294 529 330 579 vel
343 529 453 579 adalind.

169 602 202 652 ιι
216 601 314 665 primunt
329 612 383 663 ergo
399 600 537 663 dicendum,
555 598 638 680 quod'
631 612 656 648 ιιι
669 599 743 650 brutis
754 600 909 653 animalibus
902 617 936 652 rn-
972 607 974 638 Ξ

137 672 229 724 venitur
251 670 408 723 determinatio
434 669 578 736 appetitis
570 684 595 720 nn
617 671 703 735 aliquid
725 672 822 735 passive
840 675 936 739 tantirn;
972 643 974 708 i

138 757 266 795 consensus
276 743 330 795 vero
342 742 450 807 importat
462 740 675 793 determinationem
685 742 805 807 appetitus
814 758 863 797 non
872 747 936 797 solim

138 815 267 882 passivam,
282 814 404 879 seimagis
418 814 523 865 activam.

171 888 204 938 td
216 887 338 939 secundum
349 886 478 949 dicaam,
492 884 553 950 quod
562 888 650 936 remoto
662 885 744 949 priori,
752 891 887 939 remoretur
895 902 937 953 pos

139 959 224 1023 terius,
237 958 298 1023 qnod
312 956 403 1022 proprie
417 969 446 1007 ex
462 969 489 1006 eo
503 956 592 1007 matun
606 956 717 1020 sequitur.
728 958 754 1007 Si
769 963 851 1009 antem
863 959 937 1024 aliquid

141 1045 170 1083 ex
183 1032 285 1096 pluribus
300 1029 365 1094 sequi
375 1028 457 1093 pessit,
469 1041 516 1079 non
527 1030 672 1094 proptertroo
681 1029 801 1093 posterius
808 1037 937 1094 remoretur,

140 1116 186 1153 ano
198 1102 299 1166 priorum
310 1104 415 1152 remoto:
432 1100 521 1151 sioutsi
534 1100 646 1152 induratio
658 1100 733 1165 possit
743 1098 797 1153 fleri
810 1106 834 1154 et
847 1103 862 1153 ι
875 1104 937 1153 calido

141 1178 164 1225 et
178 1173 260 1239 frigido
277 1174 346 1239 (nam
360 1174 443 1224 lateres
456 1172 592 1223 indurantur
602 1173 710 1237 anigno,
721 1177 747 1224 et
757 1187 819 1239 aqua
829 1176 938 1241 congelata

140 1246 258 1297 induratur
271 1260 300 1297 ex
315 1244 425 1308 frigore),
444 1257 490 1293 non
503 1247 593 1307 oportet
606 1244 666 1326 quod
680 1248 771 1295 remoto
785 1246 863 1296 miore
875 1259 938 1297 reno

142 1322 222 1369 ventur
232 1316 354 1368 induratio
368 1315 477 1366 Exeontro
485 1318 563 1367 nutem
573 1330 649 1380 opens
657 1330 705 1367 non
722 1316 938 1382 sotimseqniturer

141 1402 262 1452 consensu,
276 1388 391 1440 sedetiam
401 1402 430 1439 es
441 1387 568 1451 impetuoso
580 1388 692 1453 appetitu,
702 1389 781 1451 quatis
791 1396 829 1439 est
840 1388 867 1439 in
876 1389 938 1440 tratis

141 1460 284 1513 animalibus.

173 1534 207 1583 nd
219 1532 310 1585 tertium
320 1532 439 1583 dicendum
447 1530 527 1594 ,quod
539 1531 644 1581 homines
654 1531 694 1594 qni
703 1544 733 1581 ex
743 1532 856 1596 passione
866 1536 937 1597 agunt,

141 1606 237 1667 possunt
256 1604 386 1667 passionem
404 1616 449 1652 non
469 1601 547 1665 sequi,
565 1614 613 1652 non
628 1605 704 1653 eutem
724 1602 795 1653 bruta
816 1605 936 1655 animalia:

142 1674 203 1725 uude
216 1688 261 1725 non
277 1678 312 1726 est
322 1673 402 1725 similis
412 1672 478 1724 ratio.

433 1826 594 1877 annicetus
609 1826 649 1876 111.

213 1934 298 1981 norom
306 1946 432 1981 consensus
441 1934 473 1979 sit
481 1910 577 2055 djiffl'
586 1935 624 1979 vet
633 1934 662 1979 de
670 1933 708 1979 leis
718 1946 773 1993 pum
781 1941 842 1982 aaut
851 1938 884 1983 nd

519 2009 581 2043 nem.

176 2110 209 2159 ιι
219 2106 308 2157 tertium
319 2105 353 2157 sio
363 2105 499 2169 proceditur.
509 2105 603 2156 Videtur
610 2104 672 2170 qnod
682 2118 813 2161 consensus
819 2110 885 2161 sitae
894 2109 938 2159 tine.

143 2180 201 2240 Quia
216 2195 230 2227 n
242 2180 332 2243 propter
345 2177 404 2241 qrrod
418 2177 609 2241 unumquodque,
623 2180 647 2228 et
659 2176 717 2227 illud
735 2180 836 2243 magis»
851 2180 907 2245 (trie.
923 2179 937 2226 t.

143 2255 248 2309 Pontem,
265 2258 323 2303 text.
342 2250 382 2314 o).
397 2250 440 2300 Sed
454 2248 490 2299 tis
508 2262 559 2313 qum
574 2253 629 2300 sant
644 2252 673 2301 nd
685 2252 771 2316 finem,
791 2252 938 2306 consentimus

143 2326 234 2389 propter
247 2324 325 2375 finem.
338 2322 397 2386 ergo
412 2320 453 2371 ini
466 2320 619 2373 eonsentimus
635 2322 716 2387 magis.

173 2400 197 2444 a.
213 2396 336 2458 preterea,
352 2393 410 2444 aetio
424 2392 571 2457 intemperati
583 2397 619 2445 est
635 2394 688 2456 inis
701 2395 768 2459 ejus,
778 2396 840 2448 siem
849 2402 875 2447 et
884 2395 938 2446 aetio

141 2466 239 2517 virtuosi
249 2470 284 2515 est
296 2466 416 2529 finiseJ'ns.
431 2465 475 2515 Sed
492 2464 658 2530 intemperatus
666 2467 781 2517 consentit
789 2468 816 2518 in
827 2468 938 2533 proprian

141 2540 225 2586 aetum.
237 2536 296 2599 Ergo
305 2550 430 2587 consensus
441 2538 519 2599 potest
530 2548 581 2587 esse
591 2538 620 2586 de
634 2539 689 2587 tine.

172 2612 195 2655 ι.
212 2607 337 2667 Praeterea,
357 2608 470 2671 appetitus
483 2620 563 2659 sonim
575 2622 626 2673 qun
638 2613 692 2660 sumt
705 2612 734 2660 ad
747 2612 828 2676 finem,
837 2610 938 2662 esteten·

139 2676 182 2736 tio,
195 2676 298 2739 utsupra
310 2676 394 2733 dietum
408 2682 445 2728 est
461 2679 513 2742 (qu.
524 2684 570 2740 it,
584 2683 629 2729 art.
641 2682 680 2743 ιιι.
694 2680 720 2730 Si
732 2681 802 2745 igitm
816 2692 937 2733 consensus

140 2748 201 2794 esset
215 2745 287 2795 sotim
301 2747 329 2795 do
342 2746 379 2794 tris
395 2762 445 2809 quse
463 2754 518 2800 sunt
534 2752 564 2799 art
577 2751 661 2812 finem,
671 2752 697 2807 in
712 2754 775 2804 nntto
786 2755 816 2803 at
834 2751 938 2803 emenone

139 2814 228 2865 diiterre
248 2816 373 2880 videretnr3
388 2821 450 2881 quod
470 2825 604 2884 patetesse
617 2823 702 2874 falsum
724 2821 765 2889 per
779 2828 936 2877 ttunasoeaun

139 2881 195 2941 (uhi
204 2884 301 2949 sopri),
312 2885 351 2948 qui
363 2886 418 2938 dieii
430 2890 500 2953 quod·
508 2896 563 2957 post
574 2893 734 2961 meetmuem,
745 2910 814 2963 quam
823 2895 936 2951 vomuerat
