1984 3309
157 141 203 191 tlt
296 149 372 191 55555
387 138 515 198 mennon,
528 145 624 194 onnsr.
637 146 695 197 nu,
712 142 768 186 tur.
783 144 820 185 vr.

156 242 207 293 555
225 240 250 280 se
266 228 335 279 55555
347 229 375 278 ad
388 227 505 308 opposita,
517 226 643 277 secuudum
657 224 843 290 Philosophum(
848 224 888 275 lx
899 226 950 276 lte·

159 300 237 365 topic,
247 303 304 351 tert.
317 304 339 362 5,
354 300 403 349 ut
394 312 443 363 5555
457 297 550 362 sopri)

183 372 388 437 (Coucnusro.-
358 372 457 421 -Cum
470 369 553 421 electio
568 370 600 421 sit
612 369 730 420 rationalis
743 373 832 422 naturm
842 373 867 420 et
877 370 973 420 uolua

152 442 206 493 tatis
218 447 296 507 actus,
310 456 355 506 555
374 456 401 493 55
416 456 467 505 5555
480 446 534 492 sunt
548 442 578 492 ad
591 431 661 492 55555
674 442 755 506 eligit,
769 455 798 492 ea
816 454 865 493 non
876 455 906 492 ex
916 455 973 492 55.

152 513 272 578 cessitate,
286 514 326 565 sed
339 513 409 565 libere
422 515 527 566 homines
542 517 637 565 utuntur
656 513 666 578 )
971 533 973 536 ·

182 585 316 649 5555555555
331 585 461 649 dicendum,
472 586 535 649 quod
545 587 614 635 55555
626 598 673 636 555
681 598 711 635 ex
721 584 866 635 necessitate
879 585 973 648 eligit:
971 641 973 648 ¹

151 659 175 708 55
188 658 230 707 troc
243 657 307 719 ideo,
320 658 373 721 qnia
383 659 443 722 5555
454 658 563 723 possibile
576 661 611 708 est
620 670 668 709 uon
676 671 743 719 csse,
753 670 802 707 non
813 670 910 708 5555555
919 663 946 707 cst
971 673 973 676 ·

152 742 210 779 esse.
226 730 289 788 Quod
305 734 381 781 auteur
395 729 504 793 possibile
515 730 546 780 uit
559 740 606 781 uon
620 730 704 811 eligere
717 730 757 780 rel
772 729 878 793 eligere,
888 730 973 808 55555.

151 800 208 850 ratio
220 812 248 851 ex
262 801 348 865 duplici
362 800 464 851 hominio
479 803 594 865 potestate
606 801 679 865 accipi
692 804 778 865 potest.
797 802 879 852 Potest
895 802 973 851 enirn

152 872 220 921 homo
230 872 287 923 telle
303 876 325 923 et
335 882 383 923 non
392 872 452 923 velle
459 884 546 935 agera
555 875 636 924 utnon
644 885 724 937 agero
733 872 973 950 55555555555555

152 944 196 994 hoo
214 946 254 993 555
266 943 343 995 illud:
359 943 424 1007 cujus
437 943 495 995 ratio
507 956 537 995 eu
550 944 601 1008 ipsa
618 944 704 994 uirtute
719 944 820 995 rationis
836 933 973 1009 accipitur:

152 1014 261 1077 Quicquid
280 1014 342 1065 5555
357 1015 415 1065 ratio
430 1018 507 1080 potest
520 1016 729 1079 apprehenderent
747 1017 853 1080 bonum,
872 1017 897 1066 iu
912 1018 948 1065 nuc

151 1085 255 1135 uoluntas
272 1086 366 1137 tendere
379 1089 463 1150 potest
478 1088 648 1138 potestantem
666 1087 725 1139 ratio
743 1088 914 1152 apprehendere
926 1093 945 1135 ut

150 1158 247 1220 bonum,
264 1170 307 1209 nou
328 1158 400 1209 solum
419 1160 464 1209 hoc
476 1160 538 1223 qnod
551 1162 589 1210 cst
602 1158 678 1219 velie,
692 1163 733 1210 ant
751 1174 846 1224 ogere,
857 1161 898 1211 sed
913 1161 973 1208 hoc

152 1228 220 1278 etiam
229 1230 291 1291 quod
300 1232 335 1279 555
346 1244 394 1279 nort
405 1230 477 1291 uelle,
487 1233 511 1280 et
520 1244 666 1302 uouuggre5
674 1234 699 1280 et
708 1244 802 1281 rursum
812 1232 838 1281 in
849 1232 945 1283 omnibu

151 1301 322 1365 particularibus
331 1302 397 1353 bonis
411 1306 488 1367 potest
497 1287 641 1355 considerare
653 1302 765 1353 rationem
775 1303 835 1353 boui
848 1303 944 1367 alicujus,

152 1375 176 1423 et
187 1373 298 1423 delectum
314 1373 410 1438 alicujus
423 1374 478 1424 ltoui
482 1375 565 1439 ,quod
579 1376 648 1425 55555
667 1372 779 1425 mtioocnr
793 1374 867 1439 mali3
884 1379 945 1425 etse-

151 1446 248 1495 cundum
264 1447 307 1495 555
317 1450 393 1509 potest
410 1448 587 1510 unumquodque
599 1446 731 1511 hujusmodi
744 1446 861 1497 bonorum
876 1460 944 1511 appro

153 1518 266 1579 incudere,
287 1522 312 1567 ut
338 1516 436 1581 eligibile
453 1519 492 1570 val
510 1518 615 1582 ingitrile.
633 1518 712 1569 555555
733 1522 811 1569 autem
833 1521 946 1583 periectuu

152 1589 251 1651 bouum,
264 1591 323 1653 quod
335 1593 371 1639 est
381 1590 496 1641 beatitudo
505 1629 512 1654 ‚
521 1603 568 1641 uon
579 1594 656 1655 potest
667 1590 725 1640 ratio
735 1592 908 1654 apprehendere
914 1589 947 1638 sui

151 1659 239 1710 ratione
259 1660 326 1723 mali,
346 1665 385 1711 aut
401 1661 497 1726 alicujus
513 1662 632 1722 detectns3
647 1664 672 1711 et
691 1662 743 1711 ideo
764 1674 796 1711 ex
822 1661 947 1712 necessitate

151 1728 315 1780 beatitudinem
329 1732 398 1781 horno
409 1733 473 1793 uult,
482 1744 527 1782 uec
538 1736 615 1797 potest
624 1732 684 1783 uelle
696 1744 743 1782 uon
751 1743 805 1783 esse
818 1734 901 1783 555555
914 1739 944 1779 aut

152 1812 202 1850 esse
218 1800 295 1851 miser.
309 1802 395 1855 Electio
407 1807 482 1855 autem
494 1817 545 1853 cum
558 1816 605 1854 uon
616 1804 649 1853 sit
657 1803 686 1853 do
697 1803 742 1853 fine
751 1841 758 1865 ,
767 1804 810 1853 sed
824 1804 946 1865 55555555

152 1874 205 1922 5555
214 1872 242 1923 ad
254 1872 323 1923 tinem
332 1873 367 1938 (ut
374 1873 423 1937 jam
433 1874 519 1924 dictum
527 1877 584 1937 5555,
598 1876 691 1924 nonest
705 1871 803 1937 perfecti
816 1874 885 1937 boni,
896 1873 944 1937 5555

151 1946 186 1993 555
206 1944 337 2005 beatitudo,
357 1946 397 1995 aed
417 1946 511 1995 aliorum
530 1944 701 2009 particularium
716 1946 846 2010 bonorum3
861 1948 886 1997 et
903 1947 945 1994 idco

152 2016 223 2067 horno
236 2030 282 2067 non
297 2029 325 2068 ex
339 2018 484 2080 necessitate,
499 2018 539 2069 sed
550 2017 622 2069 55555
631 2017 704 2081 eligit.

182 2089 216 2139 dd
229 2089 327 2153 primum
344 2102 397 2153 ergo
410 2089 543 2152 dicendum,
561 2088 619 2153 5555
632 2103 679 2141 non
691 2103 782 2154 semper
792 2104 824 2142 ex
836 2088 947 2156 principiis

152 2170 183 2211 ex'
204 2158 460 2225 necessitato'procedit
479 2161 610 2223 conclusio,
625 2162 666 2211 red
683 2164 739 2212 tunc
756 2163 836 2212 solnm
844 2200 854 2226 ,
864 2160 945 2227 qnando

151 2232 263 2296 principia
276 2246 323 2283 non
336 2236 433 2297 possunt
444 2244 503 2283 esse·
514 2245 581 2293 uera,
598 2233 619 2283 si
634 2233 750 2285 conclusio
766 2246 816 2284 non
834 2234 867 2285 sit
880 2244 943 2283 rua:

152 2304 176 2353 55
186 2303 288 2355 similiter
299 2318 345 2355 uon
359 2306 448 2369 oportet
466 2304 526 2367 uudd
538 2317 628 2368 semper
641 2318 670 2355 er
684 2305 729 2355 tine
742 2305 798 2355 insit
812 2304 904 2356 domiui
914 2315 945 2351 55

152 2374 245 2426 cessitas
262 2377 289 2426 ad
302 2375 430 2439 eligendum
445 2388 471 2425 55
482 2390 533 2439 quaa
551 2378 646 2426 suntad
661 2376 744 2440 55555;
757 2376 812 2441 quin
828 2389 877 2426 non
889 2385 946 2425 onuc

153 2446 213 2507 quod
229 2449 264 2495 est
274 2448 301 2497 od
315 2446 441 2499 tluemtale
451 2448 555 2513 estquod
564 2446 614 2498 siue
624 2461 651 2498 eo
662 2445 714 2498 linis
726 2446 865 2500 habennon
875 2445 946 2513 possit.

152 2520 191 2566 aut
201 2517 220 2566 si
234 2518 278 2567 tale
293 2518 334 2582 sit,
351 2532 397 2571 non
411 2532 502 2582 semper
518 2520 560 2569 sub
572 2519 613 2568 tali
625 2517 713 2569 ratione
730 2519 896 2571 consideratur.

184 2588 218 2638 Ad
234 2589 356 2641 secundum
375 2590 510 2651 dicendum,
522 2591 583 2654 luud
596 2590 709 2641 55555555
728 2590 775 2642 siue
788 2591 903 2654 judicium
918 2600 947 2636 ra-

152 2659 221 2709 tionis
239 2660 267 2709 de
281 2662 348 2713 rebus
360 2662 453 2725 agendis
467 2665 502 2712 est
521 2662 581 2713 circu
594 2663 763 2727 contingentia,
782 2676 836 2726 5555
855 2662 870 2714 i
889 2659 946 2711 notis

154 2731 203 2779 [leri
219 2735 331 2793 possunt,
345 2732 370 2780 in
384 2733 466 2795 quibus
481 2734 640 2787 conclusiones
659 2747 705 2787 non
719 2746 748 2785 eu
758 2734 899 2785 necessitate
915 2744 947 2780 sc

152 2803 251 2861 quantur
271 2814 300 2850 ex
319 2800 436 2865 principiis
455 2804 593 2857 necessariis
615 2806 717 2857 absumta
738 2805 890 2869 necessitate,
912 2802 946 2851 scd

151 2870 283 2920 necessariis
293 2870 365 2921 solum
376 2884 405 2921 ex
415 2874 546 2926 conditione
559 2892 565 2926 ι
578 2878 620 2938 55,
634 2892 648 2926 u
658 2876 679 2928 ui
690 2876 778 2941 corut,
789 2880 924 2929 noveru.»
