1984 3309
140 191 172 228 nn
186 192 263 231 ernru
274 193 305 230 rr
317 192 462 232 eorornona
472 193 541 232 rnrnr
557 193 669 245 munera,
685 195 737 234 are.
797 184 842 234 tal

48 281 128 330 gruere.
142 269 204 333 Ergo
217 270 289 320 boam
303 268 372 320 aeirit
381 272 475 321 natine
487 271 590 322 omniun
600 271 745 337 animalium
755 278 780 324 el
792 273 841 338 pari

48 341 130 392 ratione
142 341 222 393 babuit
233 341 336 393 omnium
349 343 445 393 uberum
454 343 583 395 mentum.

75 414 234 477 (Coumosro.
245 439 277 452 -
287 412 346 464 Cim
360 413 449 478 orimus
461 417 531 466 bomo
549 429 595 467 non
610 421 698 468 mulum
716 417 841 470 aoeuudim

49 500 124 550 corpus
138 486 169 537 ad
177 485 274 537 aliorum
282 486 461 550 generationem,
476 487 517 538 sed
528 493 552 537 et
562 489 686 540 seeundum
702 489 800 540 animaru
815 491 844 540 ad

49 558 135 608 monam
153 556 331 610 instructionem
344 561 370 608 et
384 559 582 622 gubernationem,
598 562 713 624 perfertur
727 561 757 612 ot
775 560 844 612 ineli-

48 633 115 694 tutus;
126 633 219 696 oportet
226 629 395 682 eumbabuiese
405 630 511 682 notitiam
519 632 620 682 omnium
629 633 761 684 naturutller
773 632 844 684 soiit-

48 701 105 764 liun,
116 701 326 767 supernaturalium
337 705 426 754 tantun
438 707 522 767 quauta
538 717 596 770 opus
608 710 672 770 eral3
687 706 732 760 alia
745 704 843 756 nero-ab

48 773 78 823 bis
89 773 230 838 ignorasse.)

73 847 206 911 Respondeo
220 845 357 910 dicendum,
369 845 429 910 quod
440 848 538 898 namrali
553 848 632 899 ordine
644 848 773 913 perfeetum
783 861 844 914 prea-

49 917 286 983 oetitimperteetnru,
296 919 355 969 storo
366 922 390 969 et
398 922 463 970 aetus
472 920 615 984 nolentiam
625 921 680 985 quia
694 933 720 972 eu
729 935 780 986 qun
791 925 843 974 suut

49 988 180 1053 innuentia,
190 1002 240 1041 nou
250 990 390 1040 reduouutur
399 991 428 1041 art
437 995 515 1041 aetum
523 991 569 1042 niet
577 1005 619 1056 per
629 993 720 1056 almund
729 1003 770 1044 ens
782 997 842 1044 antu.

49 1061 72 1109 El
84 1061 135 1124 quia
150 1075 191 1113 ree
212 1062 321 1127 primitus
332 1061 347 1111 i
359 1063 406 1113 beo
420 1063 531 1115 institute
548 1067 601 1114 suut
622 1075 669 1115 uon
686 1064 760 1116 notun
777 1069 804 1114 ut
819 1065 845 1115 iu

49 1133 120 1196 seinos
138 1138 239 1197 ensem,
253 1133 295 1186 eei
311 1132 382 1184 etiarn
401 1138 427 1184 ut
444 1139 522 1186 essent
537 1136 633 1187 anuum
653 1136 780 1202 prluelpia3
795 1137 845 1188 loeo

50 1205 153 1265 eoduma
164 1209 222 1257 nunt
234 1206 259 1256 io
269 1210 332 1256 stulu
343 1206 445 1271 pelean
452 1245 462 1272 ,
470 1207 496 1258 io
504 1221 549 1273 qno
560 1212 655 1272 pmseut
666 1219 716 1259 esse
731 1208 846 1274 principia

50 1277 141 1330 uorum.
160 1281 238 1330 ltomo
255 1271 333 1329 aiem
351 1282 427 1342 notent
443 1291 496 1330 esse
521 1279 658 1344 principium
679 1279 785 1344 alonius,
799 1293 844 1332 uon

50 1350 112 1400 solun
126 1366 170 1417 per
188 1351 362 1415 generationem
376 1353 534 1416 corporalem,
549 1353 589 1403 sed
607 1351 677 1402 etium
694 1365 736 1415 per
749 1352 846 1402 iustrue-

50 1420 123 1474 tioreur
132 1428 157 1474 et
167 1422 371 1488 gubernationem.
378 1425 408 1474 nt
419 1423 473 1475 ideo
482 1424 543 1474 siout
555 1423 643 1488 primns
651 1425 720 1474 bono
730 1423 848 1475 institutus

49 1498 77 1542 est
92 1494 116 1545 iu
135 1500 204 1547 statu
220 1494 325 1560 periodo
336 1499 446 1558 quantun
464 1497 494 1547 ad
515 1507 612 1560 eorpus,
630 1498 656 1545 ut
672 1495 748 1546 rtatim
767 1499 845 1562 posset

49 1578 146 1626 nonme
158 1584 165 1618 z
177 1567 224 1630 ita,
237 1565 309 1616 etiam
324 1566 442 1617 iustitutrrs
457 1571 494 1618 est
504 1568 529 1633 iu
542 1571 604 1618 stulu
619 1567 719 1632 pertento
732 1571 842 1631 quantum

49 1638 73 1686 all
88 1638 187 1691 animam
198 1675 205 1700 ,
217 1641 244 1688 ut
259 1637 338 1690 entim
353 1643 432 1702 postet
450 1640 508 1692 alies
524 1641 651 1704 iustruere,
670 1642 694 1689 et
709 1640 845 1703 gubemare.

49 1709 91 1759 lton
100 1716 177 1775 potem
192 1713 270 1762 auteur
283 1710 366 1774 abnuis
376 1711 504 1773 iustruere,
523 1712 569 1762 nisi
579 1713 663 1763 babeat
677 1711 806 1762 scientium.
817 1713 846 1763 Et

50 1778 93 1832 ideo
106 1783 196 1848 primus
208 1782 319 1834 bonosio
332 1781 583 1845 institutmestblleo,
594 1788 619 1835 ut
634 1783 728 1836 baberet
744 1784 844 1834 omniurn

51 1853 178 1920 seientiam,
195 1855 222 1905 in
238 1855 323 1920 umbus
344 1855 413 1907 bomo
435 1859 502 1908 natue
519 1859 553 1906 est
571 1855 662 1907 inetrui.
679 1857 708 1906 El
724 1857 774 1907 bac
792 1863 845 1906 sunl

51 1926 118 1976 omnia
126 1928 176 1992 illa,
186 1941 240 1992 quaa
249 1926 379 1977 virtualiter
392 1927 494 1979 existunt
508 1927 532 1978 iu
546 1928 626 1992 primis
635 1927 754 1992 principiis
765 1940 805 1991 per
818 1941 843 1978 se

51 2000 110 2064 notie,
120 2013 274 2066 quecumque
285 1999 373 2052 seibeet
382 2000 515 2052 naturabter
525 2001 630 2052 homiues
640 2013 777 2064 cognoscere
790 2014 845 2064 pos·

51 2076 103 2122 suut.
116 2075 151 2123 ni
160 2071 353 2138 gubernationem
369 2075 444 2123 aulem
458 2072 513 2124 rita
530 2071 626 2137 propria
642 2076 666 2122 el
685 2071 788 2135 aliorum,
799 2084 844 2123 non

51 2144 115 2195 solum
123 2145 249 2210 requiritur
260 2143 361 2210 cognitio
377 2159 455 2197 eorum
470 2159 521 2210 qua
534 2143 665 2196 naturaliter
676 2143 724 2195 fieri
741 2146 843 2207 possunt,

51 2216 159 2268 eonium
165 2217 268 2281 cognitio
275 2230 354 2269 eomm
362 2231 413 2281 qua
422 2218 549 2268 naturalem
558 2215 713 2279 cognitionem
722 2213 843 2279 excedunt

51 2298 73 2336 eo
85 2288 144 2352 uult
156 2290 207 2342 vila
220 2289 323 2342 bominis
336 2289 456 2340 ordiuntur
468 2288 500 2338 ad
515 2288 636 2352 quemdam
651 2288 720 2338 linem
735 2299 847 2352 superna·

51 2360 152 2412 lurtum:
163 2362 224 2414 sient
231 2362 298 2413 nobb
305 2361 527 2426 adgubernationen
534 2361 589 2412 vite
599 2363 683 2411 nostra
694 2360 845 2411 neeessarlurn

51 2435 79 2482 est
90 2447 226 2500 cognossem
236 2447 289 2498 qun
303 2433 358 2484 ouer
368 2436 431 2484 eunt.
444 2433 508 2483 llnde
518 2436 542 2484 et
553 2434 581 2483 te
591 2433 627 2483 bis
638 2431 848 2496 supernaturalibus

52 2504 129 2556 nutam
142 2506 300 2572 arguitionem
312 2504 400 2571 primus
410 2505 479 2556 homo
493 2505 592 2570 accepit,
605 2507 689 2570 quauta
706 2507 754 2555 erat
765 2517 846 2554 neees-

52 2577 101 2628 saria
110 2580 139 2631 ad
150 2578 341 2643 gubernationem
351 2578 404 2630 nitae
413 2580 521 2630 humente
533 2577 658 2628 seeundum
671 2580 757 2628 alatum
770 2575 843 2626 illum.

51 2646 93 2698 ilia
102 2650 173 2716 nero,
187 2664 239 2716 que
253 2664 297 2702 neo
307 2650 406 2702 naturali
417 2649 519 2703 hominis
530 2649 605 2702 studio
618 2647 723 2713 cognosci
739 2644 843 2712 possunt,

52 2816 141 2862 oauomn
147 2818 212 2874 quau
224 2819 275 2864 turen
286 2817 405 2863 nominum
417 2817 536 2874 rugosiore
548 2827 595 2862 non
604 2817 700 2862 tertulla
712 2815 761 2861 slve
780 2813 845 2859 urbi-

53 2878 116 2945 nuta
130 2881 218 2926 tanton
235 2880 319 2941 tuerit,
338 2881 379 2927 eeu
393 2881 515 2938 nonulla,
535 2880 674 2939 scientifica,
694 2884 719 2924 et
734 2877 842 2924 unioneu-

51 2948 127 2998 nraque
141 2943 266 2992 animantia
276 2944 346 3004 genio
358 2945 508 2991 ooureniens.
