<?xml version="1.0" encoding="UTF-8"?>
<!DOCTYPE html PUBLIC "-//W3C//DTD XHTML 1.0 Transitional//EN"
    "http://www.w3.org/TR/xhtml1/DTD/xhtml1-transitional.dtd">
<html xmlns="http://www.w3.org/1999/xhtml" xml:lang="en" lang="en">
 <head>
  <title>
</title>
<meta http-equiv="Content-Type" content="text/html;charset=utf-8" />
  <meta name='ocr-system' content='tesseract 3.04.00' />
  <meta name='ocr-capabilities' content='ocr_page ocr_carea ocr_par ocr_line ocrx_word'/>
</head>
<body>
  <div class='ocr_page' id='page_1' title='image "./summatheologica00nicogoog_0407.png"; bbox 0 0 1984 3309; ppageno 0'>
   <div class='ocr_carea' id='block_1_1' title="bbox 164 206 767 262">
    <p class='ocr_par' dir='ltr' id='par_1_1' title="bbox 164 206 767 262">
     <span class='ocr_line' id='line_1_1' title="bbox 164 206 767 262; baseline -0.01 -9"><span class='ocrx_word' id='word_1_1' title='bbox 164 207 210 253; x_wconf 76' lang='lat' dir='ltr'><strong>iss</strong></span> <span class='ocrx_word' id='word_1_2' title='bbox 366 209 428 250; x_wconf 82' lang='lat' dir='ltr'><strong>raus</strong></span> <span class='ocrx_word' id='word_1_3' title='bbox 442 211 465 260; x_wconf 87' lang='lat' dir='ltr'><strong>r,</strong></span> <span class='ocrx_word' id='word_1_4' title='bbox 479 206 573 256; x_wconf 74' lang='lat' dir='ltr'><strong>otmar.</strong></span> <span class='ocrx_word' id='word_1_5' title='bbox 587 211 645 262; x_wconf 81' lang='lat' dir='ltr'><strong>uun,</strong></span> <span class='ocrx_word' id='word_1_6' title='bbox 658 208 716 249; x_wconf 77' lang='lat' dir='ltr'><strong>aar.</strong></span> <span class='ocrx_word' id='word_1_7' title='bbox 730 209 767 248; x_wconf 85' lang='lat' dir='ltr'><strong>nn.</strong></span> 
     </span>
    </p>
   </div>
   <div class='ocr_carea' id='block_1_2' title="bbox 162 286 968 644">
    <p class='ocr_par' dir='ltr' id='par_1_2' title="bbox 162 286 968 644">
     <span class='ocr_line' id='line_1_2' title="bbox 162 286 968 356; baseline -0.005 -14"><span class='ocrx_word' id='word_1_8' title='bbox 162 293 183 342; x_wconf 86' lang='lat' dir='ltr'><strong>si</strong></span> <span class='ocrx_word' id='word_1_9' title='bbox 199 293 317 356; x_wconf 78' lang='lat' dir='ltr'><strong>peeeatun</strong></span> <span class='ocrx_word' id='word_1_10' title='bbox 331 289 502 354; x_wconf 64' lang='lat' dir='ltr'><strong>praessisset,</strong></span> <span class='ocrx_word' id='word_1_11' title='bbox 514 289 617 354; x_wconf 79' lang='lat' dir='ltr'><strong>doleret3</strong></span> <span class='ocrx_word' id='word_1_12' title='bbox 630 291 655 340; x_wconf 86' lang='lat' dir='ltr'><strong>st</strong></span> <span class='ocrx_word' id='word_1_13' title='bbox 664 287 801 340; x_wconf 81' lang='lat' dir='ltr'><strong>similitersi</strong></span> <span class='ocrx_word' id='word_1_14' title='bbox 815 286 937 339; x_wconf 82' lang='lat' dir='ltr'><strong>miseriam</strong></span> <span class='ocrx_word' id='word_1_15' title='bbox 948 290 968 338; x_wconf 87' lang='lat' dir='ltr'><strong>in</strong></span> 
     </span>
     <span class='ocr_line' id='line_1_3' title="bbox 162 359 968 426; baseline -0.006 -12"><span class='ocrx_word' id='word_1_16' title='bbox 162 364 209 414; x_wconf 80' lang='lat' dir='ltr'><strong>alio</strong></span> <span class='ocrx_word' id='word_1_17' title='bbox 219 362 319 426; x_wconf 83' lang='lat' dir='ltr'><strong>videret,</strong></span> <span class='ocrx_word' id='word_1_18' title='bbox 328 375 380 413; x_wconf 87' lang='lat' dir='ltr'><strong>eam</strong></span> <span class='ocrx_word' id='word_1_19' title='bbox 391 374 432 426; x_wconf 91' lang='lat' dir='ltr'><strong>pro</strong></span> <span class='ocrx_word' id='word_1_20' title='bbox 442 373 513 426; x_wconf 83' lang='lat' dir='ltr'><strong>posse</strong></span> <span class='ocrx_word' id='word_1_21' title='bbox 522 361 659 425; x_wconf 85' lang='lat' dir='ltr'><strong>repelleret3</strong></span> <span class='ocrx_word' id='word_1_22' title='bbox 673 361 733 411; x_wconf 88' lang='lat' dir='ltr'><strong>sieut</strong></span> <span class='ocrx_word' id='word_1_23' title='bbox 746 359 905 424; x_wconf 66' lang='lat' dir='ltr'><strong>Philosophus</strong></span> <span class='ocrx_word' id='word_1_24' title='bbox 921 361 968 410; x_wconf 81' lang='lat' dir='ltr'><strong>diei</strong></span> 
     </span>
     <span class='ocr_line' id='line_1_4' title="bbox 162 431 964 498; baseline -0.002 -15"><span class='ocrx_word' id='word_1_25' title='bbox 162 434 187 484; x_wconf 91' lang='lat' dir='ltr'><strong>iu</strong></span> <span class='ocrx_word' id='word_1_26' title='bbox 206 433 291 484; x_wconf 80' lang='lat' dir='ltr'><strong>iitdie.</strong></span> <span class='ocrx_word' id='word_1_27' title='bbox 309 436 370 498; x_wconf 78' lang='lat' dir='ltr'><strong>(esp.</strong></span> <span class='ocrx_word' id='word_1_28' title='bbox 389 431 462 496; x_wconf 81' lang='lat' dir='ltr'><strong>ult),</strong></span> <span class='ocrx_word' id='word_1_29' title='bbox 479 432 567 497; x_wconf 80' lang='lat' dir='ltr'><strong>quod«</strong></span> <span class='ocrx_word' id='word_1_30' title='bbox 583 431 721 482; x_wconf 82' lang='lat' dir='ltr'><strong>uereeundia</strong></span> <span class='ocrx_word' id='word_1_31' title='bbox 734 445 786 496; x_wconf 75' lang='lat' dir='ltr'><strong>que</strong></span> <span class='ocrx_word' id='word_1_32' title='bbox 808 435 843 482; x_wconf 90' lang='lat' dir='ltr'><strong>est</strong></span> <span class='ocrx_word' id='word_1_33' title='bbox 867 431 899 482; x_wconf 86' lang='lat' dir='ltr'><strong>de</strong></span> <span class='ocrx_word' id='word_1_34' title='bbox 913 437 964 496; x_wconf 90' lang='lat' dir='ltr'><strong>turp</strong></span> 
     </span>
     <span class='ocr_line' id='line_1_5' title="bbox 162 503 968 570; baseline -0.007 -12"><span class='ocrx_word' id='word_1_35' title='bbox 162 508 238 569; x_wconf 84' lang='lat' dir='ltr'><strong>iaetu,</strong></span> <span class='ocrx_word' id='word_1_36' title='bbox 254 505 367 570; x_wconf 69' lang='lat' dir='ltr'><strong>contingit</strong></span> <span class='ocrx_word' id='word_1_37' title='bbox 380 505 484 556; x_wconf 74' lang='lat' dir='ltr'><strong>studioso</strong></span> <span class='ocrx_word' id='word_1_38' title='bbox 496 504 571 555; x_wconf 84' lang='lat' dir='ltr'><strong>soiim</strong></span> <span class='ocrx_word' id='word_1_39' title='bbox 585 503 626 554; x_wconf 82' lang='lat' dir='ltr'><strong>snio</strong></span> <span class='ocrx_word' id='word_1_40' title='bbox 640 504 769 555; x_wconf 85' lang='lat' dir='ltr'><strong>conditione</strong></span> <span class='ocrx_word' id='word_1_41' title='bbox 786 519 792 552; x_wconf 82' lang='lat' dir='ltr'><em>z</em></span> <span class='ocrx_word' id='word_1_42' title='bbox 807 507 842 554; x_wconf 82' lang='lat' dir='ltr'><strong>est</strong></span> <span class='ocrx_word' id='word_1_43' title='bbox 860 505 927 554; x_wconf 87' lang='lat' dir='ltr'><strong>enim</strong></span> <span class='ocrx_word' id='word_1_44' title='bbox 942 506 968 554; x_wconf 80' lang='lat' dir='ltr'><strong>sir</strong></span> 
     </span>
     <span class='ocr_line' id='line_1_6' title="bbox 163 575 968 644; baseline -0.009 -15"><span class='ocrx_word' id='word_1_45' title='bbox 163 577 294 644; x_wconf 65' lang='lat' dir='ltr'><strong>dispositus</strong></span> <span class='ocrx_word' id='word_1_46' title='bbox 302 578 362 643; x_wconf 81' lang='lat' dir='ltr'><strong>quod</strong></span> <span class='ocrx_word' id='word_1_47' title='bbox 375 576 603 637; x_wconf 82' lang='lat' dir='ltr'><strong>verecundaretur‚si</strong></span> <span class='ocrx_word' id='word_1_48' title='bbox 614 575 698 640; x_wconf 87' lang='lat' dir='ltr'><strong>aliquid</strong></span> <span class='ocrx_word' id='word_1_49' title='bbox 707 579 774 640; x_wconf 84' lang='lat' dir='ltr'>turpe</span> <span class='ocrx_word' id='word_1_50' title='bbox 783 575 950 626; x_wconf 83' lang='lat' dir='ltr'><strong>summitteret.</strong></span> <span class='ocrx_word' id='word_1_51' title='bbox 957 594 968 622; x_wconf 75' lang='lat' dir='ltr'><strong>n</strong></span> 
     </span>
    </p>
   </div>
   <div class='ocr_carea' id='block_1_3' title="bbox 131 647 968 2922">
    <p class='ocr_par' dir='ltr' id='par_1_3' title="bbox 162 647 968 931">
     <span class='ocr_line' id='line_1_7' title="bbox 194 647 968 715; baseline -0.006 -13"><span class='ocrx_word' id='word_1_52' title='bbox 194 652 228 702; x_wconf 82' lang='lat' dir='ltr'><strong>ad</strong></span> <span class='ocrx_word' id='word_1_53' title='bbox 247 649 420 715; x_wconf 76' lang='lat' dir='ltr'><strong>primum-ergo</strong></span> <span class='ocrx_word' id='word_1_54' title='bbox 434 648 571 709; x_wconf 81' lang='lat' dir='ltr'><strong>dicendum,</strong></span> <span class='ocrx_word' id='word_1_55' title='bbox 588 647 650 712; x_wconf 81' lang='lat' dir='ltr'><strong>qnod</strong></span> <span class='ocrx_word' id='word_1_56' title='bbox 665 647 747 698; x_wconf 85' lang='lat' dir='ltr'><strong>aeeidit</strong></span> <span class='ocrx_word' id='word_1_57' title='bbox 763 647 928 712; x_wconf 77' lang='lat' dir='ltr'><strong>temperantia</strong></span> <span class='ocrx_word' id='word_1_58' title='bbox 950 653 968 697; x_wconf 87' lang='lat' dir='ltr'><strong>et</strong></span> 
     </span>
     <span class='ocr_line' id='line_1_8' title="bbox 163 718 968 787; baseline -0.009 -13"><span class='ocrx_word' id='word_1_59' title='bbox 163 722 291 774; x_wconf 81' lang='lat' dir='ltr'><strong>tortitudini</strong></span> <span class='ocrx_word' id='word_1_60' title='bbox 311 722 374 787; x_wconf 81' lang='lat' dir='ltr'><strong>quod</strong></span> <span class='ocrx_word' id='word_1_61' title='bbox 399 719 632 785; x_wconf 68' lang='lat' dir='ltr'><strong>superabundantiam</strong></span> <span class='ocrx_word' id='word_1_62' title='bbox 657 718 790 782; x_wconf 80' lang='lat' dir='ltr'><strong>passionum</strong></span> <span class='ocrx_word' id='word_1_63' title='bbox 815 719 932 783; x_wconf 82' lang='lat' dir='ltr'><strong>repellat,</strong></span> <span class='ocrx_word' id='word_1_64' title='bbox 951 720 968 768; x_wconf 88' lang='lat' dir='ltr'><strong>iu</strong></span> 
     </span>
     <span class='ocr_line' id='line_1_9' title="bbox 163 791 968 858; baseline -0.005 -15"><span class='ocrx_word' id='word_1_65' title='bbox 163 797 273 858; x_wconf 85' lang='lat' dir='ltr'><strong>quantum</strong></span> <span class='ocrx_word' id='word_1_66' title='bbox 289 793 380 844; x_wconf 83' lang='lat' dir='ltr'><strong>inuenit</strong></span> <span class='ocrx_word' id='word_1_67' title='bbox 397 792 515 858; x_wconf 86' lang='lat' dir='ltr'><strong>passiones</strong></span> <span class='ocrx_word' id='word_1_68' title='bbox 529 791 737 855; x_wconf 78' lang='lat' dir='ltr'><strong>superabundantes</strong></span> <span class='ocrx_word' id='word_1_69' title='bbox 750 791 774 840; x_wconf 93' lang='lat' dir='ltr'><strong>in</strong></span> <span class='ocrx_word' id='word_1_70' title='bbox 791 791 915 856; x_wconf 74' lang='lat' dir='ltr'><strong>subiecto3</strong></span> <span class='ocrx_word' id='word_1_71' title='bbox 933 792 968 841; x_wconf 85' lang='lat' dir='ltr'><strong>sed</strong></span> 
     </span>
     <span class='ocr_line' id='line_1_10' title="bbox 162 861 917 931; baseline -0.004 -14"><span class='ocrx_word' id='word_1_72' title='bbox 162 880 204 931; x_wconf 88' lang='lat' dir='ltr'><strong>per</strong></span> <span class='ocrx_word' id='word_1_73' title='bbox 217 881 242 917; x_wconf 83' lang='lat' dir='ltr'><strong>ss</strong></span> <span class='ocrx_word' id='word_1_74' title='bbox 255 867 362 916; x_wconf 77' lang='lat' dir='ltr'><strong>convenit</strong></span> <span class='ocrx_word' id='word_1_75' title='bbox 374 863 508 927; x_wconf 71' lang='lat' dir='ltr'><strong>huiusmodi</strong></span> <span class='ocrx_word' id='word_1_76' title='bbox 520 863 643 914; x_wconf 87' lang='lat' dir='ltr'><strong>uirtutibus</strong></span> <span class='ocrx_word' id='word_1_77' title='bbox 657 861 775 926; x_wconf 81' lang='lat' dir='ltr'><strong>passiones</strong></span> <span class='ocrx_word' id='word_1_78' title='bbox 789 863 917 914; x_wconf 81' lang='lat' dir='ltr'><strong>moderari.</strong></span> 
     </span>
    </p>

    <p class='ocr_par' dir='ltr' id='par_1_4' title="bbox 162 933 968 1788">
     <span class='ocr_line' id='line_1_11' title="bbox 194 933 968 999; baseline -0.008 -10"><span class='ocrx_word' id='word_1_79' title='bbox 194 940 227 989; x_wconf 72' lang='lat' dir='ltr'><strong>sd</strong></span> <span class='ocrx_word' id='word_1_80' title='bbox 238 939 364 988; x_wconf 71' lang='lat' dir='ltr'><strong>meandum</strong></span> <span class='ocrx_word' id='word_1_81' title='bbox 376 936 507 998; x_wconf 82' lang='lat' dir='ltr'><strong>uiuendum,</strong></span> <span class='ocrx_word' id='word_1_82' title='bbox 518 934 578 999; x_wconf 82' lang='lat' dir='ltr'><strong>quod</strong></span> <span class='ocrx_word' id='word_1_83' title='bbox 588 935 632 986; x_wconf 87' lang='lat' dir='ltr'><strong>iiiae</strong></span> <span class='ocrx_word' id='word_1_84' title='bbox 640 933 763 998; x_wconf 81' lang='lat' dir='ltr'><strong>passiones</strong></span> <span class='ocrx_word' id='word_1_85' title='bbox 774 935 803 984; x_wconf 89' lang='lat' dir='ltr'><strong>ad</strong></span> <span class='ocrx_word' id='word_1_86' title='bbox 811 935 901 986; x_wconf 90' lang='lat' dir='ltr'><strong>malum</strong></span> <span class='ocrx_word' id='word_1_87' title='bbox 915 936 968 986; x_wconf 71' lang='lat' dir='ltr'><strong>ordi⁴</strong></span> 
     </span>
     <span class='ocr_line' id='line_1_12' title="bbox 163 1006 968 1072; baseline -0.007 -13"><span class='ocrx_word' id='word_1_88' title='bbox 163 1013 221 1059; x_wconf 80' lang='lat' dir='ltr'><strong>natas</strong></span> <span class='ocrx_word' id='word_1_89' title='bbox 232 1013 360 1072; x_wconf 77' lang='lat' dir='ltr'><strong>repugnant</strong></span> <span class='ocrx_word' id='word_1_90' title='bbox 367 1007 502 1071; x_wconf 87' lang='lat' dir='ltr'><strong>perieetioni</strong></span> <span class='ocrx_word' id='word_1_91' title='bbox 514 1007 581 1070; x_wconf 91' lang='lat' dir='ltr'><strong>primi</strong></span> <span class='ocrx_word' id='word_1_92' title='bbox 592 1009 672 1069; x_wconf 86' lang='lat' dir='ltr'><strong>status,</strong></span> <span class='ocrx_word' id='word_1_93' title='bbox 681 1017 732 1070; x_wconf 79' lang='lat' dir='ltr'><strong>quae</strong></span> <span class='ocrx_word' id='word_1_94' title='bbox 742 1006 830 1056; x_wconf 84' lang='lat' dir='ltr'><strong>hahent</strong></span> <span class='ocrx_word' id='word_1_95' title='bbox 839 1013 968 1072; x_wconf 81' lang='lat' dir='ltr'><strong>respectum</strong></span> 
     </span>
     <span class='ocr_line' id='line_1_13' title="bbox 163 1077 968 1143; baseline -0.005 -13"><span class='ocrx_word' id='word_1_96' title='bbox 163 1081 191 1130; x_wconf 85' lang='lat' dir='ltr'><strong>ad</strong></span> <span class='ocrx_word' id='word_1_97' title='bbox 207 1081 291 1129; x_wconf 86' lang='lat' dir='ltr'><strong>maium</strong></span> <span class='ocrx_word' id='word_1_98' title='bbox 307 1079 395 1143; x_wconf 87' lang='lat' dir='ltr'><strong>inipso</strong></span> <span class='ocrx_word' id='word_1_99' title='bbox 413 1079 453 1142; x_wconf 85' lang='lat' dir='ltr'><strong>qni</strong></span> <span class='ocrx_word' id='word_1_100' title='bbox 471 1079 570 1128; x_wconf 81' lang='lat' dir='ltr'><strong>afficitur</strong></span> <span class='ocrx_word' id='word_1_101' title='bbox 588 1077 707 1142; x_wconf 85' lang='lat' dir='ltr'><strong>passione,</strong></span> <span class='ocrx_word' id='word_1_102' title='bbox 721 1082 748 1126; x_wconf 88' lang='lat' dir='ltr'><strong>ni</strong></span> <span class='ocrx_word' id='word_1_103' title='bbox 763 1077 833 1128; x_wconf 76' lang='lat' dir='ltr'><strong>tinam</strong></span> <span class='ocrx_word' id='word_1_104' title='bbox 852 1083 880 1130; x_wconf 86' lang='lat' dir='ltr'><strong>et</strong></span> <span class='ocrx_word' id='word_1_105' title='bbox 901 1081 968 1130; x_wconf 80' lang='lat' dir='ltr'><strong>dulor</strong></span> 
     </span>
     <span class='ocr_line' id='line_1_14' title="bbox 162 1149 968 1216; baseline -0.002 -14"><span class='ocrx_word' id='word_1_106' title='bbox 162 1154 207 1202; x_wconf 84' lang='lat' dir='ltr'><strong>Sed</strong></span> <span class='ocrx_word' id='word_1_107' title='bbox 223 1153 341 1216; x_wconf 85' lang='lat' dir='ltr'><strong>passiones</strong></span> <span class='ocrx_word' id='word_1_108' title='bbox 352 1165 402 1216; x_wconf 79' lang='lat' dir='ltr'><strong>queo</strong></span> <span class='ocrx_word' id='word_1_109' title='bbox 413 1152 537 1216; x_wconf 78' lang='lat' dir='ltr'><strong>respiciunt</strong></span> <span class='ocrx_word' id='word_1_110' title='bbox 551 1151 634 1201; x_wconf 86' lang='lat' dir='ltr'><strong>malum</strong></span> <span class='ocrx_word' id='word_1_111' title='bbox 647 1149 671 1200; x_wconf 93' lang='lat' dir='ltr'><strong>iu</strong></span> <span class='ocrx_word' id='word_1_112' title='bbox 681 1150 767 1211; x_wconf 88' lang='lat' dir='ltr'><strong>altero,</strong></span> <span class='ocrx_word' id='word_1_113' title='bbox 778 1163 824 1202; x_wconf 90' lang='lat' dir='ltr'><strong>non</strong></span> <span class='ocrx_word' id='word_1_114' title='bbox 838 1157 968 1216; x_wconf 82' lang='lat' dir='ltr'><strong>repugnant</strong></span> 
     </span>
     <span class='ocr_line' id='line_1_15' title="bbox 163 1222 966 1289; baseline -0.005 -15"><span class='ocrx_word' id='word_1_115' title='bbox 163 1223 298 1289; x_wconf 79' lang='lat' dir='ltr'><strong>perfectioni</strong></span> <span class='ocrx_word' id='word_1_116' title='bbox 310 1223 379 1289; x_wconf 84' lang='lat' dir='ltr'><strong>primi</strong></span> <span class='ocrx_word' id='word_1_117' title='bbox 392 1227 477 1288; x_wconf 84' lang='lat' dir='ltr'><strong>statns3</strong></span> <span class='ocrx_word' id='word_1_118' title='bbox 486 1227 575 1288; x_wconf 88' lang='lat' dir='ltr'><strong>poterat</strong></span> <span class='ocrx_word' id='word_1_119' title='bbox 585 1223 647 1272; x_wconf 90' lang='lat' dir='ltr'><strong>enim</strong></span> <span class='ocrx_word' id='word_1_120' title='bbox 657 1224 726 1272; x_wconf 89' lang='lat' dir='ltr'><strong>homo</strong></span> <span class='ocrx_word' id='word_1_121' title='bbox 735 1222 759 1272; x_wconf 92' lang='lat' dir='ltr'><strong>in</strong></span> <span class='ocrx_word' id='word_1_122' title='bbox 770 1223 846 1287; x_wconf 90' lang='lat' dir='ltr'><strong>primo</strong></span> <span class='ocrx_word' id='word_1_123' title='bbox 858 1227 922 1273; x_wconf 83' lang='lat' dir='ltr'><strong>statu</strong></span> <span class='ocrx_word' id='word_1_124' title='bbox 933 1225 966 1271; x_wconf 87' lang='lat' dir='ltr'><strong>tra-</strong></span> 
     </span>
     <span class='ocr_line' id='line_1_16' title="bbox 163 1293 966 1358; baseline -0.006 -12"><span class='ocrx_word' id='word_1_125' title='bbox 163 1299 217 1347; x_wconf 84' lang='lat' dir='ltr'><strong>bere</strong></span> <span class='ocrx_word' id='word_1_126' title='bbox 226 1296 279 1346; x_wconf 94' lang='lat' dir='ltr'><strong>odio</strong></span> <span class='ocrx_word' id='word_1_127' title='bbox 288 1295 396 1346; x_wconf 88' lang='lat' dir='ltr'><strong>maiitiam</strong></span> <span class='ocrx_word' id='word_1_128' title='bbox 407 1297 535 1346; x_wconf 83' lang='lat' dir='ltr'><strong>daemonum</strong></span> <span class='ocrx_word' id='word_1_129' title='bbox 545 1335 551 1357; x_wconf 90' lang='lat'>‚</span> <span class='ocrx_word' id='word_1_130' title='bbox 562 1296 620 1345; x_wconf 90' lang='lat' dir='ltr'><strong>sieut</strong></span> <span class='ocrx_word' id='word_1_131' title='bbox 633 1297 656 1345; x_wconf 90' lang='lat' dir='ltr'><strong>et</strong></span> <span class='ocrx_word' id='word_1_132' title='bbox 669 1293 762 1358; x_wconf 77' lang='lat' dir='ltr'><strong>diligere</strong></span> <span class='ocrx_word' id='word_1_133' title='bbox 774 1295 909 1347; x_wconf 83' lang='lat' dir='ltr'><strong>bonitatem</strong></span> <span class='ocrx_word' id='word_1_134' title='bbox 924 1294 966 1344; x_wconf 85' lang='lat' dir='ltr'><strong>Dei.</strong></span> 
     </span>
     <span class='ocr_line' id='line_1_17' title="bbox 163 1365 968 1432; baseline -0.006 -14"><span class='ocrx_word' id='word_1_135' title='bbox 163 1370 227 1419; x_wconf 85' lang='lat' dir='ltr'><strong>Unde</strong></span> <span class='ocrx_word' id='word_1_136' title='bbox 241 1371 265 1417; x_wconf 91' lang='lat' dir='ltr'><strong>et</strong></span> <span class='ocrx_word' id='word_1_137' title='bbox 273 1368 370 1418; x_wconf 85' lang='lat' dir='ltr'><strong>uirtutes</strong></span> <span class='ocrx_word' id='word_1_138' title='bbox 380 1381 430 1432; x_wconf 80' lang='lat' dir='ltr'><strong>quae</strong></span> <span class='ocrx_word' id='word_1_139' title='bbox 441 1367 502 1417; x_wconf 87' lang='lat' dir='ltr'><strong>eirea</strong></span> <span class='ocrx_word' id='word_1_140' title='bbox 511 1367 568 1416; x_wconf 88' lang='lat' dir='ltr'><strong>tales</strong></span> <span class='ocrx_word' id='word_1_141' title='bbox 577 1365 696 1430; x_wconf 85' lang='lat' dir='ltr'><strong>passiones</strong></span> <span class='ocrx_word' id='word_1_142' title='bbox 708 1370 795 1430; x_wconf 86' lang='lat' dir='ltr'><strong>esseut,</strong></span> <span class='ocrx_word' id='word_1_143' title='bbox 806 1371 907 1430; x_wconf 81' lang='lat' dir='ltr'><strong>possent</strong></span> <span class='ocrx_word' id='word_1_144' title='bbox 921 1380 968 1416; x_wconf 88' lang='lat' dir='ltr'><strong>esso</strong></span> 
     </span>
     <span class='ocr_line' id='line_1_18' title="bbox 163 1437 965 1504; baseline -0.006 -15"><span class='ocrx_word' id='word_1_145' title='bbox 163 1441 188 1489; x_wconf 88' lang='lat' dir='ltr'><strong>in</strong></span> <span class='ocrx_word' id='word_1_146' title='bbox 205 1440 278 1504; x_wconf 88' lang='lat' dir='ltr'><strong>primo</strong></span> <span class='ocrx_word' id='word_1_147' title='bbox 287 1443 362 1503; x_wconf 82' lang='lat' dir='ltr'><strong>statu,</strong></span> <span class='ocrx_word' id='word_1_148' title='bbox 374 1443 397 1490; x_wconf 92' lang='lat' dir='ltr'><strong>et</strong></span> <span class='ocrx_word' id='word_1_149' title='bbox 408 1442 518 1503; x_wconf 82' lang='lat' dir='ltr'><strong>quantum</strong></span> <span class='ocrx_word' id='word_1_150' title='bbox 530 1441 558 1489; x_wconf 86' lang='lat' dir='ltr'><strong>ad</strong></span> <span class='ocrx_word' id='word_1_151' title='bbox 571 1437 674 1488; x_wconf 83' lang='lat' dir='ltr'><strong>habitum</strong></span> <span class='ocrx_word' id='word_1_152' title='bbox 684 1442 707 1488; x_wconf 87' lang='lat' dir='ltr'><strong>et</strong></span> <span class='ocrx_word' id='word_1_153' title='bbox 717 1441 828 1500; x_wconf 79' lang='lat' dir='ltr'><strong>quantum</strong></span> <span class='ocrx_word' id='word_1_154' title='bbox 841 1439 873 1488; x_wconf 87' lang='lat' dir='ltr'><strong>ad</strong></span> <span class='ocrx_word' id='word_1_155' title='bbox 886 1443 965 1489; x_wconf 84' lang='lat' dir='ltr'><strong>aetum</strong></span> 
     </span>
     <span class='ocr_line' id='line_1_19' title="bbox 164 1509 968 1574; baseline -0.002 -14"><span class='ocrx_word' id='word_1_156' title='bbox 164 1513 219 1571; x_wconf 78' lang='lat' dir='ltr'><strong>Qnae</strong></span> <span class='ocrx_word' id='word_1_157' title='bbox 233 1510 287 1561; x_wconf 83' lang='lat' dir='ltr'><strong>verd</strong></span> <span class='ocrx_word' id='word_1_158' title='bbox 303 1514 357 1560; x_wconf 90' lang='lat' dir='ltr'><strong>suut</strong></span> <span class='ocrx_word' id='word_1_159' title='bbox 368 1511 429 1560; x_wconf 86' lang='lat' dir='ltr'><strong>eirea</strong></span> <span class='ocrx_word' id='word_1_160' title='bbox 441 1509 561 1574; x_wconf 89' lang='lat' dir='ltr'><strong>passiones</strong></span> <span class='ocrx_word' id='word_1_161' title='bbox 578 1509 728 1573; x_wconf 81' lang='lat' dir='ltr'><strong>respicientes</strong></span> <span class='ocrx_word' id='word_1_162' title='bbox 741 1509 827 1559; x_wconf 87' lang='lat' dir='ltr'><strong>maium</strong></span> <span class='ocrx_word' id='word_1_163' title='bbox 844 1509 874 1560; x_wconf 88' lang='lat' dir='ltr'><strong>in</strong></span> <span class='ocrx_word' id='word_1_164' title='bbox 892 1511 968 1560; x_wconf 88' lang='lat' dir='ltr'><strong>eudern</strong></span> 
     </span>
     <span class='ocr_line' id='line_1_20' title="bbox 163 1581 968 1648; baseline -0.004 -15"><span class='ocrx_word' id='word_1_165' title='bbox 163 1583 283 1646; x_wconf 84' lang='lat' dir='ltr'><strong>subjecto,</strong></span> <span class='ocrx_word' id='word_1_166' title='bbox 295 1583 314 1633; x_wconf 89' lang='lat' dir='ltr'><strong>si</strong></span> <span class='ocrx_word' id='word_1_167' title='bbox 327 1582 385 1632; x_wconf 88' lang='lat' dir='ltr'><strong>eirea</strong></span> <span class='ocrx_word' id='word_1_168' title='bbox 401 1582 532 1646; x_wconf 84' lang='lat' dir='ltr'><strong>hujusmodi</strong></span> <span class='ocrx_word' id='word_1_169' title='bbox 550 1581 608 1632; x_wconf 85' lang='lat' dir='ltr'><strong>solas</strong></span> <span class='ocrx_word' id='word_1_170' title='bbox 620 1581 739 1646; x_wconf 86' lang='lat' dir='ltr'><strong>passiones</strong></span> <span class='ocrx_word' id='word_1_171' title='bbox 754 1585 821 1646; x_wconf 83' lang='lat' dir='ltr'><strong>sunt,</strong></span> <span class='ocrx_word' id='word_1_172' title='bbox 837 1594 887 1634; x_wconf 89' lang='lat' dir='ltr'><strong>non</strong></span> <span class='ocrx_word' id='word_1_173' title='bbox 908 1587 968 1648; x_wconf 63' lang='lat' dir='ltr'><strong>pote-¹</strong></span> 
     </span>
     <span class='ocr_line' id='line_1_21' title="bbox 163 1651 964 1718; baseline -0.002 -15"><span class='ocrx_word' id='word_1_174' title='bbox 163 1658 213 1703; x_wconf 90' lang='lat' dir='ltr'><strong>rant</strong></span> <span class='ocrx_word' id='word_1_175' title='bbox 222 1667 271 1704; x_wconf 88' lang='lat' dir='ltr'><strong>esse</strong></span> <span class='ocrx_word' id='word_1_176' title='bbox 282 1654 306 1703; x_wconf 93' lang='lat' dir='ltr'><strong>iu</strong></span> <span class='ocrx_word' id='word_1_177' title='bbox 316 1654 389 1718; x_wconf 91' lang='lat' dir='ltr'><strong>primo</strong></span> <span class='ocrx_word' id='word_1_178' title='bbox 400 1657 460 1704; x_wconf 90' lang='lat' dir='ltr'><strong>statu</strong></span> <span class='ocrx_word' id='word_1_179' title='bbox 473 1653 597 1704; x_wconf 81' lang='lat' dir='ltr'><strong>seerrnddm</strong></span> <span class='ocrx_word' id='word_1_180' title='bbox 605 1659 689 1714; x_wconf 71' lang='lat' dir='ltr'><strong>aretum,</strong></span> <span class='ocrx_word' id='word_1_181' title='bbox 700 1653 740 1703; x_wconf 90' lang='lat' dir='ltr'><strong>sed</strong></span> <span class='ocrx_word' id='word_1_182' title='bbox 753 1651 828 1703; x_wconf 84' lang='lat' dir='ltr'><strong>solim</strong></span> <span class='ocrx_word' id='word_1_183' title='bbox 839 1654 964 1706; x_wconf 83' lang='lat' dir='ltr'><strong>secundior</strong></span> 
     </span>
     <span class='ocr_line' id='line_1_22' title="bbox 164 1723 910 1788; baseline 0.003 -14"><span class='ocrx_word' id='word_1_184' title='bbox 164 1725 279 1787; x_wconf 83' lang='lat' dir='ltr'><strong>habitum3</strong></span> <span class='ocrx_word' id='word_1_185' title='bbox 294 1726 353 1775; x_wconf 86' lang='lat' dir='ltr'><strong>siout</strong></span> <span class='ocrx_word' id='word_1_186' title='bbox 366 1725 394 1775; x_wconf 87' lang='lat' dir='ltr'><strong>de</strong></span> <span class='ocrx_word' id='word_1_187' title='bbox 407 1725 542 1788; x_wconf 87' lang='lat' dir='ltr'><strong>puenitentia</strong></span> <span class='ocrx_word' id='word_1_188' title='bbox 554 1728 577 1774; x_wconf 92' lang='lat' dir='ltr'><strong>et</strong></span> <span class='ocrx_word' id='word_1_189' title='bbox 589 1723 741 1775; x_wconf 84' lang='lat' dir='ltr'><strong>misericordia</strong></span> <span class='ocrx_word' id='word_1_190' title='bbox 758 1724 844 1776; x_wconf 87' lang='lat' dir='ltr'><strong>dietum</strong></span> <span class='ocrx_word' id='word_1_191' title='bbox 863 1731 910 1778; x_wconf 87' lang='lat' dir='ltr'><strong>est.</strong></span> 
     </span>
    </p>

    <p class='ocr_par' dir='ltr' id='par_1_5' title="bbox 162 1796 964 2362">
     <span class='ocr_line' id='line_1_23' title="bbox 194 1796 964 1864; baseline -0.001 -18"><span class='ocrx_word' id='word_1_192' title='bbox 194 1797 238 1846; x_wconf 89' lang='lat' dir='ltr'><strong>Sed</strong></span> <span class='ocrx_word' id='word_1_193' title='bbox 247 1801 301 1846; x_wconf 87' lang='lat' dir='ltr'><strong>suut</strong></span> <span class='ocrx_word' id='word_1_194' title='bbox 314 1798 418 1861; x_wconf 83' lang='lat' dir='ltr'><strong>quadam</strong></span> <span class='ocrx_word' id='word_1_195' title='bbox 426 1796 523 1847; x_wconf 73' lang='lat' dir='ltr'><strong>virtutes</strong></span> <span class='ocrx_word' id='word_1_196' title='bbox 536 1809 587 1860; x_wconf 80' lang='lat' dir='ltr'><strong>qua</strong></span> <span class='ocrx_word' id='word_1_197' title='bbox 597 1811 643 1847; x_wconf 90' lang='lat' dir='ltr'><strong>non</strong></span> <span class='ocrx_word' id='word_1_198' title='bbox 655 1800 708 1847; x_wconf 91' lang='lat' dir='ltr'><strong>sunt</strong></span> <span class='ocrx_word' id='word_1_199' title='bbox 721 1797 783 1847; x_wconf 87' lang='lat' dir='ltr'><strong>eirea</strong></span> <span class='ocrx_word' id='word_1_200' title='bbox 796 1797 839 1848; x_wconf 90' lang='lat' dir='ltr'><strong>has</strong></span> <span class='ocrx_word' id='word_1_201' title='bbox 849 1801 964 1864; x_wconf 74' lang='lat' dir='ltr'><strong>passiones</strong></span> 
     </span>
     <span class='ocr_line' id='line_1_24' title="bbox 163 1867 962 1933; baseline -0.001 -16"><span class='ocrx_word' id='word_1_202' title='bbox 163 1867 245 1929; x_wconf 84' lang='lat' dir='ltr'><strong>sotium,</strong></span> <span class='ocrx_word' id='word_1_203' title='bbox 257 1869 294 1919; x_wconf 90' lang='lat' dir='ltr'><strong>sed</strong></span> <span class='ocrx_word' id='word_1_204' title='bbox 303 1868 371 1919; x_wconf 90' lang='lat' dir='ltr'><strong>etiam</strong></span> <span class='ocrx_word' id='word_1_205' title='bbox 380 1869 443 1918; x_wconf 86' lang='lat' dir='ltr'><strong>eirea</strong></span> <span class='ocrx_word' id='word_1_206' title='bbox 452 1869 521 1933; x_wconf 79' lang='lat' dir='ltr'><strong>alias3</strong></span> <span class='ocrx_word' id='word_1_207' title='bbox 533 1867 592 1918; x_wconf 87' lang='lat' dir='ltr'><strong>sieut</strong></span> <span class='ocrx_word' id='word_1_208' title='bbox 601 1868 762 1932; x_wconf 88' lang='lat' dir='ltr'><strong>temperantia,</strong></span> <span class='ocrx_word' id='word_1_209' title='bbox 774 1883 826 1933; x_wconf 77' lang='lat' dir='ltr'><strong>quae</strong></span> <span class='ocrx_word' id='word_1_210' title='bbox 835 1883 886 1921; x_wconf 90' lang='lat' dir='ltr'><strong>nou</strong></span> <span class='ocrx_word' id='word_1_211' title='bbox 896 1870 962 1922; x_wconf 81' lang='lat' dir='ltr'><strong>solun</strong></span> 
     </span>
     <span class='ocr_line' id='line_1_25' title="bbox 163 1939 961 2006; baseline 0.005 -17"><span class='ocrx_word' id='word_1_212' title='bbox 163 1943 199 1989; x_wconf 87' lang='lat' dir='ltr'><strong>est</strong></span> <span class='ocrx_word' id='word_1_213' title='bbox 208 1939 267 1989; x_wconf 86' lang='lat' dir='ltr'><strong>eirea</strong></span> <span class='ocrx_word' id='word_1_214' title='bbox 276 1939 392 2006; x_wconf 86' lang='lat' dir='ltr'><strong>tristitias,</strong></span> <span class='ocrx_word' id='word_1_215' title='bbox 407 1941 527 1991; x_wconf 89' lang='lat' dir='ltr'><strong>sedetiam</strong></span> <span class='ocrx_word' id='word_1_216' title='bbox 542 1940 600 1989; x_wconf 85' lang='lat' dir='ltr'><strong>eirea</strong></span> <span class='ocrx_word' id='word_1_217' title='bbox 616 1939 791 2004; x_wconf 57' lang='lat' dir='ltr'><strong>delectationem</strong></span> <span class='ocrx_word' id='word_1_218' title='bbox 805 1945 830 1991; x_wconf 91' lang='lat' dir='ltr'><strong>et</strong></span> <span class='ocrx_word' id='word_1_219' title='bbox 840 1941 961 2002; x_wconf 71' lang='lat' dir='ltr'><strong>toronum,</strong></span> 
     </span>
     <span class='ocr_line' id='line_1_26' title="bbox 162 2010 963 2077; baseline -0.004 -15"><span class='ocrx_word' id='word_1_220' title='bbox 162 2025 214 2077; x_wconf 79' lang='lat' dir='ltr'><strong>qun</strong></span> <span class='ocrx_word' id='word_1_221' title='bbox 225 2025 272 2062; x_wconf 92' lang='lat' dir='ltr'><strong>nou</strong></span> <span class='ocrx_word' id='word_1_222' title='bbox 286 2011 359 2062; x_wconf 85' lang='lat' dir='ltr'><strong>sotium</strong></span> <span class='ocrx_word' id='word_1_223' title='bbox 368 2012 471 2064; x_wconf 85' lang='lat' dir='ltr'><strong>esteirea</strong></span> <span class='ocrx_word' id='word_1_224' title='bbox 484 2012 598 2076; x_wconf 79' lang='lat' dir='ltr'><strong>timorem3</strong></span> <span class='ocrx_word' id='word_1_225' title='bbox 609 2010 725 2062; x_wconf 89' lang='lat' dir='ltr'><strong>sedetiam</strong></span> <span class='ocrx_word' id='word_1_226' title='bbox 741 2011 801 2062; x_wconf 87' lang='lat' dir='ltr'><strong>eirea</strong></span> <span class='ocrx_word' id='word_1_227' title='bbox 817 2015 936 2065; x_wconf 82' lang='lat' dir='ltr'><strong>audaciam</strong></span> <span class='ocrx_word' id='word_1_228' title='bbox 946 2017 963 2062; x_wconf 88' lang='lat' dir='ltr'><strong>et</strong></span> 
     </span>
     <span class='ocr_line' id='line_1_27' title="bbox 162 2082 961 2150; baseline 0.003 -16"><span class='ocrx_word' id='word_1_229' title='bbox 162 2097 236 2148; x_wconf 79' lang='lat' dir='ltr'><strong>spem</strong></span> <span class='ocrx_word' id='word_1_230' title='bbox 254 2085 318 2134; x_wconf 89' lang='lat' dir='ltr'><strong>Unde</strong></span> <span class='ocrx_word' id='word_1_231' title='bbox 334 2087 425 2146; x_wconf 87' lang='lat' dir='ltr'><strong>poterat</strong></span> <span class='ocrx_word' id='word_1_232' title='bbox 440 2097 489 2134; x_wconf 86' lang='lat' dir='ltr'><strong>essa</strong></span> <span class='ocrx_word' id='word_1_233' title='bbox 504 2084 530 2132; x_wconf 93' lang='lat' dir='ltr'><strong>in</strong></span> <span class='ocrx_word' id='word_1_234' title='bbox 543 2082 616 2147; x_wconf 89' lang='lat' dir='ltr'><strong>primo</strong></span> <span class='ocrx_word' id='word_1_235' title='bbox 630 2085 689 2133; x_wconf 90' lang='lat' dir='ltr'><strong>statu</strong></span> <span class='ocrx_word' id='word_1_236' title='bbox 709 2087 772 2133; x_wconf 87' lang='lat' dir='ltr'><strong>actus</strong></span> <span class='ocrx_word' id='word_1_237' title='bbox 792 2087 961 2150; x_wconf 76' lang='lat' dir='ltr'><strong>temperantia,</strong></span> 
     </span>
     <span class='ocr_line' id='line_1_28' title="bbox 162 2155 964 2221; baseline -0.002 -16"><span class='ocrx_word' id='word_1_238' title='bbox 162 2155 286 2206; x_wconf 80' lang='lat' dir='ltr'><strong>secundiane</strong></span> <span class='ocrx_word' id='word_1_239' title='bbox 307 2155 367 2220; x_wconf 85' lang='lat' dir='ltr'><strong>qndd</strong></span> <span class='ocrx_word' id='word_1_240' title='bbox 390 2159 426 2206; x_wconf 88' lang='lat' dir='ltr'><strong>est</strong></span> <span class='ocrx_word' id='word_1_241' title='bbox 443 2156 582 2207; x_wconf 77' lang='lat' dir='ltr'><strong>moderatius</strong></span> <span class='ocrx_word' id='word_1_242' title='bbox 605 2156 795 2221; x_wconf 64' lang='lat' dir='ltr'><strong>delectationum</strong></span> <span class='ocrx_word' id='word_1_243' title='bbox 812 2161 838 2208; x_wconf 86' lang='lat' dir='ltr'><strong>et</strong></span> <span class='ocrx_word' id='word_1_244' title='bbox 863 2159 964 2210; x_wconf 79' lang='lat' dir='ltr'><strong>similiter</strong></span> 
     </span>
     <span class='ocr_line' id='line_1_29' title="bbox 162 2226 962 2294; baseline 0.003 -18"><span class='ocrx_word' id='word_1_245' title='bbox 162 2227 285 2290; x_wconf 82' lang='lat' dir='ltr'><strong>tortitudo,</strong></span> <span class='ocrx_word' id='word_1_246' title='bbox 301 2227 424 2277; x_wconf 78' lang='lat' dir='ltr'><strong>secundinus</strong></span> <span class='ocrx_word' id='word_1_247' title='bbox 438 2227 499 2291; x_wconf 83' lang='lat' dir='ltr'><strong>quod</strong></span> <span class='ocrx_word' id='word_1_248' title='bbox 515 2229 551 2277; x_wconf 90' lang='lat' dir='ltr'><strong>est</strong></span> <span class='ocrx_word' id='word_1_249' title='bbox 563 2226 702 2277; x_wconf 79' lang='lat' dir='ltr'><strong>moderatim</strong></span> <span class='ocrx_word' id='word_1_250' title='bbox 716 2227 816 2279; x_wconf 75' lang='lat' dir='ltr'><strong>audacia</strong></span> <span class='ocrx_word' id='word_1_251' title='bbox 835 2229 887 2282; x_wconf 82' lang='lat' dir='ltr'><strong>sive</strong></span> <span class='ocrx_word' id='word_1_252' title='bbox 903 2229 962 2294; x_wconf 80' lang='lat' dir='ltr'><strong>spei,</strong></span> 
     </span>
     <span class='ocr_line' id='line_1_30' title="bbox 162 2299 961 2362; baseline 0.003 -15"><span class='ocrx_word' id='word_1_253' title='bbox 162 2311 209 2347; x_wconf 92' lang='lat' dir='ltr'><strong>non</strong></span> <span class='ocrx_word' id='word_1_254' title='bbox 229 2300 305 2349; x_wconf 85' lang='lat' dir='ltr'><strong>autem</strong></span> <span class='ocrx_word' id='word_1_255' title='bbox 319 2299 443 2350; x_wconf 86' lang='lat' dir='ltr'><strong>seeundim</strong></span> <span class='ocrx_word' id='word_1_256' title='bbox 459 2299 519 2362; x_wconf 80' lang='lat' dir='ltr'><strong>quod</strong></span> <span class='ocrx_word' id='word_1_257' title='bbox 535 2301 663 2349; x_wconf 88' lang='lat' dir='ltr'><strong>moderatur</strong></span> <span class='ocrx_word' id='word_1_258' title='bbox 676 2299 794 2349; x_wconf 88' lang='lat' dir='ltr'><strong>tristitiam</strong></span> <span class='ocrx_word' id='word_1_259' title='bbox 812 2304 836 2350; x_wconf 90' lang='lat' dir='ltr'><strong>et</strong></span> <span class='ocrx_word' id='word_1_260' title='bbox 850 2303 961 2354; x_wconf 88' lang='lat' dir='ltr'><strong>timoren.</strong></span> 
     </span>
    </p>

    <p class='ocr_par' dir='ltr' id='par_1_6' title="bbox 194 2370 812 2435">
     <span class='ocr_line' id='line_1_31' title="bbox 194 2370 812 2435; baseline 0.005 -17"><span class='ocrx_word' id='word_1_261' title='bbox 194 2371 228 2420; x_wconf 75' lang='lat' dir='ltr'><strong>nd</strong></span> <span class='ocrx_word' id='word_1_262' title='bbox 245 2371 337 2421; x_wconf 86' lang='lat' dir='ltr'><strong>tertium</strong></span> <span class='ocrx_word' id='word_1_263' title='bbox 347 2375 411 2435; x_wconf 89' lang='lat' dir='ltr'><strong>patet</strong></span> <span class='ocrx_word' id='word_1_264' title='bbox 424 2370 508 2420; x_wconf 85' lang='lat' dir='ltr'><strong>solutio</strong></span> <span class='ocrx_word' id='word_1_265' title='bbox 522 2381 551 2421; x_wconf 84' lang='lat' dir='ltr'><strong>ex</strong></span> <span class='ocrx_word' id='word_1_266' title='bbox 561 2371 598 2420; x_wconf 87' lang='lat' dir='ltr'><strong>his</strong></span> <span class='ocrx_word' id='word_1_267' title='bbox 612 2381 663 2433; x_wconf 81' lang='lat' dir='ltr'><strong>qne</strong></span> <span class='ocrx_word' id='word_1_268' title='bbox 677 2370 737 2421; x_wconf 89' lang='lat' dir='ltr'><strong>dieta</strong></span> <span class='ocrx_word' id='word_1_269' title='bbox 751 2374 812 2422; x_wconf 89' lang='lat' dir='ltr'><strong>sunt.</strong></span> 
     </span>
    </p>

    <p class='ocr_par' dir='ltr' id='par_1_7' title="bbox 131 2442 960 2729">
     <span class='ocr_line' id='line_1_32' title="bbox 193 2442 960 2507; baseline 0 -16"><span class='ocrx_word' id='word_1_270' title='bbox 193 2442 227 2492; x_wconf 80' lang='lat' dir='ltr'><strong>sd</strong></span> <span class='ocrx_word' id='word_1_271' title='bbox 242 2446 347 2505; x_wconf 88' lang='lat' dir='ltr'><strong>quartum</strong></span> <span class='ocrx_word' id='word_1_272' title='bbox 358 2443 493 2506; x_wconf 85' lang='lat' dir='ltr'><strong>dicendum,</strong></span> <span class='ocrx_word' id='word_1_273' title='bbox 509 2443 569 2507; x_wconf 79' lang='lat' dir='ltr'><strong>qetod</strong></span> <span class='ocrx_word' id='word_1_274' title='bbox 580 2443 749 2507; x_wconf 84' lang='lat' dir='ltr'><strong>perseuerantia</strong></span> <span class='ocrx_word' id='word_1_275' title='bbox 762 2443 886 2507; x_wconf 70' lang='lat' dir='ltr'><strong>dupliciter</strong></span> <span class='ocrx_word' id='word_1_276' title='bbox 897 2442 960 2498; x_wconf 89' lang='lat' dir='ltr'><strong>sumi·</strong></span> 
     </span>
     <span class='ocr_line' id='line_1_33' title="bbox 163 2514 960 2584; baseline 0.001 -22"><span class='ocrx_word' id='word_1_277' title='bbox 163 2517 207 2562; x_wconf 86' lang='lat' dir='ltr'><strong>tur.</strong></span> <span class='ocrx_word' id='word_1_278' title='bbox 223 2514 374 2574; x_wconf 88' lang='lat' dir='ltr'><strong>Uno-modo,</strong></span> <span class='ocrx_word' id='word_1_279' title='bbox 388 2517 455 2577; x_wconf 87' lang='lat' dir='ltr'><strong>prout</strong></span> <span class='ocrx_word' id='word_1_280' title='bbox 474 2517 511 2564; x_wconf 83' lang='lat' dir='ltr'><strong>est</strong></span> <span class='ocrx_word' id='word_1_281' title='bbox 530 2515 634 2577; x_wconf 83' lang='lat' dir='ltr'><strong>quedam</strong></span> <span class='ocrx_word' id='word_1_282' title='bbox 652 2515 737 2578; x_wconf 81' lang='lat' dir='ltr'><strong>airtns3</strong></span> <span class='ocrx_word' id='word_1_283' title='bbox 754 2519 777 2564; x_wconf 83' lang='lat' dir='ltr'><strong>st</strong></span> <span class='ocrx_word' id='word_1_284' title='bbox 797 2515 832 2566; x_wconf 85' lang='lat' dir='ltr'><strong>sio</strong></span> <span class='ocrx_word' id='word_1_285' title='bbox 854 2517 960 2584; x_wconf 84' lang='lat' dir='ltr'><strong>signifieat</strong></span> 
     </span>
     <span class='ocr_line' id='line_1_34' title="bbox 163 2583 958 2650; baseline 0 -17"><span class='ocrx_word' id='word_1_286' title='bbox 163 2583 282 2647; x_wconf 86' lang='lat' dir='ltr'><strong>quemdam</strong></span> <span class='ocrx_word' id='word_1_287' title='bbox 297 2583 398 2633; x_wconf 84' lang='lat' dir='ltr'><strong>habitum</strong></span> <span class='ocrx_word' id='word_1_288' title='bbox 410 2599 454 2648; x_wconf 88' lang='lat' dir='ltr'><strong>quo</strong></span> <span class='ocrx_word' id='word_1_289' title='bbox 466 2586 517 2648; x_wconf 79' lang='lat' dir='ltr'><strong>quis</strong></span> <span class='ocrx_word' id='word_1_290' title='bbox 532 2585 596 2648; x_wconf 79' lang='lat' dir='ltr'><strong>eligit</strong></span> <span class='ocrx_word' id='word_1_291' title='bbox 607 2599 752 2650; x_wconf 80' lang='lat' dir='ltr'><strong>perseverare</strong></span> <span class='ocrx_word' id='word_1_292' title='bbox 765 2587 861 2640; x_wconf 87' lang='lat' dir='ltr'><strong>inbono</strong></span> <span class='ocrx_word' id='word_1_293' title='bbox 878 2606 884 2640; x_wconf 91' lang='lat'>:</span> <span class='ocrx_word' id='word_1_294' title='bbox 899 2594 920 2641; x_wconf 93' lang='lat' dir='ltr'><strong>et</strong></span> <span class='ocrx_word' id='word_1_295' title='bbox 932 2587 958 2637; x_wconf 80' lang='lat' dir='ltr'><strong>sie.</strong></span> 
     </span>
     <span class='ocr_line' id='line_1_35' title="bbox 131 2657 958 2729; baseline 0.004 -23"><span class='ocrx_word' id='word_1_296' title='bbox 131 2721 137 2729; x_wconf 33' lang='grc'>1</span> <span class='ocrx_word' id='word_1_297' title='bbox 164 2658 233 2706; x_wconf 72' lang='lat' dir='ltr'><strong>Adam</strong></span> <span class='ocrx_word' id='word_1_298' title='bbox 252 2657 444 2720; x_wconf 87' lang='lat' dir='ltr'><strong>perseuerantiam</strong></span> <span class='ocrx_word' id='word_1_299' title='bbox 464 2658 550 2706; x_wconf 86' lang='lat' dir='ltr'><strong>hahuit.</strong></span> <span class='ocrx_word' id='word_1_300' title='bbox 569 2657 619 2707; x_wconf 76' lang='lat' dir='ltr'><strong>Atio</strong></span> <span class='ocrx_word' id='word_1_301' title='bbox 636 2659 715 2721; x_wconf 85' lang='lat' dir='ltr'><strong>modo,</strong></span> <span class='ocrx_word' id='word_1_302' title='bbox 729 2663 798 2724; x_wconf 89' lang='lat' dir='ltr'><strong>prout</strong></span> <span class='ocrx_word' id='word_1_303' title='bbox 817 2666 854 2712; x_wconf 88' lang='lat' dir='ltr'><strong>est</strong></span> <span class='ocrx_word' id='word_1_304' title='bbox 872 2663 958 2712; x_wconf 84' lang='lat' dir='ltr'><strong>eircum-</strong></span> 
     </span>
    </p>

    <p class='ocr_par' dir='ltr' id='par_1_8' title="bbox 163 2728 957 2922">
     <span class='ocr_line' id='line_1_36' title="bbox 163 2728 957 2795; baseline -0.001 -17"><span class='ocrx_word' id='word_1_305' title='bbox 163 2728 247 2778; x_wconf 84' lang='lat' dir='ltr'><strong>stautia</strong></span> <span class='ocrx_word' id='word_1_306' title='bbox 261 2728 367 2791; x_wconf 81' lang='lat' dir='ltr'><strong>uirtutis3</strong></span> <span class='ocrx_word' id='word_1_307' title='bbox 382 2733 405 2778; x_wconf 90' lang='lat' dir='ltr'><strong>et</strong></span> <span class='ocrx_word' id='word_1_308' title='bbox 415 2729 449 2778; x_wconf 89' lang='lat' dir='ltr'><strong>sie</strong></span> <span class='ocrx_word' id='word_1_309' title='bbox 458 2729 572 2792; x_wconf 81' lang='lat' dir='ltr'><strong>signifieat</strong></span> <span class='ocrx_word' id='word_1_310' title='bbox 581 2729 776 2780; x_wconf 77' lang='lat' dir='ltr'><strong>continuationem</strong></span> <span class='ocrx_word' id='word_1_311' title='bbox 785 2735 908 2795; x_wconf 87' lang='lat' dir='ltr'><strong>quamdam</strong></span> <span class='ocrx_word' id='word_1_312' title='bbox 919 2731 957 2779; x_wconf 86' lang='lat' dir='ltr'><strong>rir-</strong></span> 
     </span>
     <span class='ocr_line' id='line_1_37' title="bbox 164 2799 954 2867; baseline 0.001 -18"><span class='ocrx_word' id='word_1_313' title='bbox 164 2800 218 2850; x_wconf 88' lang='lat' dir='ltr'><strong>tutis</strong></span> <span class='ocrx_word' id='word_1_314' title='bbox 232 2799 489 2864; x_wconf 86' lang='lat' dir='ltr'><strong>absqueiutermptione</strong></span> <span class='ocrx_word' id='word_1_315' title='bbox 503 2803 544 2850; x_wconf 86' lang='lat' dir='ltr'><strong>:et</strong></span> <span class='ocrx_word' id='word_1_316' title='bbox 554 2801 598 2851; x_wconf 85' lang='lat' dir='ltr'><strong>hoe</strong></span> <span class='ocrx_word' id='word_1_317' title='bbox 607 2803 674 2852; x_wconf 88' lang='lat' dir='ltr'><strong>modo</strong></span> <span class='ocrx_word' id='word_1_318' title='bbox 686 2803 756 2852; x_wconf 84' lang='lat' dir='ltr'><strong>didam</strong></span> <span class='ocrx_word' id='word_1_319' title='bbox 770 2803 954 2867; x_wconf 82' lang='lat' dir='ltr'><strong>perseverantiam</strong></span> 
     </span>
     <span class='ocr_line' id='line_1_38' title="bbox 164 2872 477 2922; baseline -0.006 0"><span class='ocrx_word' id='word_1_320' title='bbox 164 2887 211 2922; x_wconf 90' lang='lat' dir='ltr'><strong>uun</strong></span> <span class='ocrx_word' id='word_1_321' title='bbox 222 2872 312 2921; x_wconf 82' lang='lat' dir='ltr'><strong>habuit.</strong></span> <span class='ocrx_word' id='word_1_322' title='bbox 475 2884 477 2889; x_wconf 91' lang='lat'>·</span> 
     </span>
    </p>
   </div>
   <div class='ocr_carea' id='block_1_4' title="bbox 195 2944 852 3010">
    <p class='ocr_par' dir='ltr' id='par_1_9' title="bbox 195 2944 852 3010">
     <span class='ocr_line' id='line_1_39' title="bbox 195 2944 852 3010; baseline 0.009 -18"><span class='ocrx_word' id='word_1_323' title='bbox 195 2945 227 2993; x_wconf 81' lang='lat' dir='ltr'><strong>dd</strong></span> <span class='ocrx_word' id='word_1_324' title='bbox 238 2944 343 3007; x_wconf 83' lang='lat' dir='ltr'><strong>quintum</strong></span> <span class='ocrx_word' id='word_1_325' title='bbox 356 2947 420 3007; x_wconf 87' lang='lat' dir='ltr'><strong>patet</strong></span> <span class='ocrx_word' id='word_1_326' title='bbox 434 2945 551 3008; x_wconf 77' lang='lat' dir='ltr'><strong>responsio</strong></span> <span class='ocrx_word' id='word_1_327' title='bbox 561 2959 602 3008; x_wconf 86' lang='lat' dir='ltr'><strong>per</strong></span> <span class='ocrx_word' id='word_1_328' title='bbox 611 2959 640 2996; x_wconf 87' lang='lat' dir='ltr'><strong>ea</strong></span> <span class='ocrx_word' id='word_1_329' title='bbox 651 2959 700 3010; x_wconf 82' lang='lat' dir='ltr'><strong>quae</strong></span> <span class='ocrx_word' id='word_1_330' title='bbox 714 2946 775 2998; x_wconf 84' lang='lat' dir='ltr'><strong>dieta</strong></span> <span class='ocrx_word' id='word_1_331' title='bbox 788 2953 852 3000; x_wconf 90' lang='lat' dir='ltr'><strong>sunt.</strong></span> 
     </span>
    </p>
   </div>
   <div class='ocr_carea' id='block_1_5' title="bbox 0 0 997 3309">
    <p class='ocr_par' dir='ltr' id='par_1_10' title="bbox 0 0 997 3309">
     <span class='ocr_line' id='line_1_40' title="bbox 0 0 997 3309; baseline 0 0"><span class='ocrx_word' id='word_1_332' title='bbox 0 0 997 3309; x_wconf 95' lang='lat' dir='ltr'><strong> </strong></span> 
     </span>
    </p>
   </div>
  </div>
 </body>
</html>
