1984 3309
158 131 203 179 sat
283 140 357 177 urin
376 136 504 185 mennon,
520 133 613 179 oonsr.
632 132 707 181 mn,
726 131 784 169 nnr.
798 133 833 169 ιι.

156 218 270 281 speciem3
283 216 323 266 sed
338 217 362 263 in
376 216 483 275 quantum
496 208 631 262 mutatorio
643 208 799 273 principalem
809 206 951 261 conditionem

154 288 255 352 objecti,
273 286 399 337 secundum
414 285 459 333 hoc
471 284 511 332 dat
523 281 623 345 speciem
637 281 681 343 (d).

187 362 219 411 nd
239 361 329 409 tertium
343 357 480 415 dicendum,
494 354 555 419 quod
572 367 618 404 non
628 354 703 403 omnis
718 353 895 404 circumstantia
907 366 955 401 coo-

157 431 232 483 stituit
244 434 316 480 actim
329 428 438 477 moralem
447 427 472 476 in
482 426 558 489 aliqm
568 424 645 489 specie
654 424 709 475 boni
723 424 762 473 vei
777 425 848 486 mali,
858 439 910 474 eum
920 438 956 472 noo

155 502 261 567 quaelihet
283 498 452 547 circumstantia
477 498 584 560 importet
604 496 704 559 adquam
722 496 905 545 consonantiam
925 493 954 542 rd

155 569 319 623 dissonantiam
331 570 359 619 ad
369 569 489 619 rationem.
503 569 569 618 Unde
582 580 628 617 non
638 570 731 629 oportet
742 568 812 627 (iicet
825 567 876 616 sint
889 568 955 615 muita

153 642 326 693 circumstantia
346 640 414 690 unios
431 640 521 702 actus),
536 640 596 702 quod
610 652 671 687 unus
682 641 746 687 actus
767 638 801 687 sit
818 639 846 687 in
863 639 955 702 pluribus

153 713 289 777 speciebus,
303 712 357 763 licet
370 712 439 761 etiam
457 723 504 760 non
517 711 548 760 sit
565 709 732 760 inconveniens
746 711 813 773 quod
826 724 888 759 unus
900 715 956 758 actus

154 783 244 833 moratis
266 784 296 833 sit
306 784 331 833 in
346 783 448 847 pluribus
465 782 584 846 speciebus
601 780 670 831 moris
688 779 759 831 ctiam
783 780 923 845 disparatis,
937 785 957 827 ut

153 856 283 907 dictumest
298 856 345 919 (qu.
356 860 369 905 d
382 893 388 918 ‚
401 856 429 905 ad
446 854 479 918 3).

439 986 600 1038 nunccios
616 952 655 1037 iu.

156 1104 241 1148 Uirium
251 1104 328 1147 omnis
337 1104 521 1148 circumstantia
531 1115 622 1160 nuperis
634 1102 766 1146 domimum
776 1103 817 1147 vel
825 1098 954 1153 molitioni,

225 1168 354 1211 constituat
365 1172 446 1211 oetam
457 1168 573 1211 moralem
581 1166 609 1210 in
617 1167 691 1222 specte
700 1166 757 1209 boni
766 1167 806 1210 vel
815 1168 886 1211 matt

184 1286 218 1336 Ad
236 1286 380 1337 undecimum
399 1286 431 1336 sic
442 1285 570 1349 proceditur
579 1285 624 1348 (2).
638 1284 734 1333 Videtur
746 1286 810 1347 qnod
825 1285 903 1335 omnis
915 1286 955 1333 cir-

154 1358 289 1410 cumstantia
303 1358 420 1422 pertinens
431 1358 459 1408 ad
473 1358 598 1408 bonitatem
610 1357 648 1406 vel
662 1355 772 1406 maiitiam
779 1393 789 1421 ‚
800 1358 843 1407 det
858 1357 954 1421 speciem

152 1430 222 1480 actui.
237 1432 335 1479 Bonum
346 1430 408 1481 enim
420 1435 443 1479 ct
455 1429 553 1479 molum
567 1431 621 1478 sunt
634 1427 770 1478 differentiae
780 1429 897 1493 specifice
910 1444 954 1477 mo·

151 1501 232 1553 ralium
248 1504 348 1551 actuum.
363 1502 426 1560 Quod
448 1514 502 1564 ergo
515 1499 572 1550 iacit
584 1499 735 1549 differentiam
752 1500 777 1548 in
798 1501 904 1551 bonitate
920 1501 954 1548 rel

152 1572 237 1623 malitia
249 1573 342 1624 moralis
357 1576 420 1623 actus
426 1610 434 1636 ‚
445 1573 500 1622 iacit
508 1573 598 1623 differre
607 1570 731 1621 secundum
740 1571 895 1623 differentiam
906 1587 953 1635 spc-

151 1644 253 1705 rideam,
273 1645 333 1707 qood
352 1648 388 1695 est
406 1644 497 1695 differre
516 1643 641 1694 secundum
660 1642 768 1706 speciem.
787 1645 837 1694 Sed
853 1645 876 1694 id
896 1646 952 1707 quod

151 1714 212 1764 addit
224 1715 249 1764 in
262 1714 363 1765 bonitate
373 1716 410 1765 vel
421 1715 506 1766 malitia
515 1720 592 1778 actus,
603 1713 657 1764 iacit
669 1714 760 1764 differre
775 1717 903 1765 secundum
916 1718 953 1765 oo-

150 1786 244 1835 nitetem
262 1790 286 1836 et
305 1787 423 1837 malitiam.
439 1788 497 1849 Ergo
517 1786 572 1837 iacit
590 1785 680 1836 differre
699 1785 829 1835 secondum
845 1787 950 1851 speciem.
976 1783 978 1792 '

150 1858 208 1921 Ergo
219 1858 293 1907 omnis
302 1856 471 1909 circumstantia
485 1859 571 1909 addens
580 1858 605 1907 in
616 1857 719 1907 bonitate
731 1856 770 1907 vel
783 1858 873 1908 malitia
881 1863 949 1919 actm,
976 1919 978 1924 Ι

150 1928 268 1979 constituit
283 1930 391 1993 speciem.
976 1933 978 1994 ξ

182 2006 205 2051 2.
218 2003 346 2065 Promea,
361 2004 401 2051 aut
419 2002 590 2054 circumstantia
603 2000 727 2053 adveniens
740 2002 815 2051 habet
830 2003 856 2051 in
872 2017 898 2053 sc
913 2004 949 2052 ali·
976 2013 978 2056 i

121 2112 124 2117 .
149 2085 217 2134 quam
232 2072 344 2123 rationem
363 2072 472 2123 bonitatis
488 2074 525 2123 vel
541 2073 648 2137 malitia,
663 2076 775 2123 autnon.
792 2074 817 2124 Si
834 2090 895 2140 non,
907 2090 949 2126 non

150 2145 225 2206 potest
243 2144 325 2194 addere
340 2144 364 2195 in
381 2144 481 2195 bonitate
502 2145 540 2194 rei
556 2144 641 2194 malitia
662 2146 816 2210 actns3c1uia
833 2150 893 2213 qnod
907 2162 947 2198 non

149 2218 184 2263 est
198 2215 297 2279 bonum,
312 2229 358 2267 non
372 2219 447 2279 potest
459 2214 534 2266 facere
548 2217 623 2280 majus
636 2216 734 2279 bonum,
749 2222 774 2267 et
787 2222 851 2283 quod
860 2234 904 2271 uon
915 2227 947 2270 cst
976 2243 978 2246 ·

149 2285 247 2347 malum,
264 2301 310 2337 non
328 2291 402 2351 potest
423 2288 497 2338 iacere
515 2289 590 2352 majus
602 2288 696 2337 malum.
716 2288 742 2338 Si
755 2295 837 2341 antem
851 2293 946 2343 hahetin

150 2368 175 2406 se
191 2358 302 2408 rationem
314 2358 420 2409 honitatis
430 2360 466 2409 vel
477 2359 578 2422 malitie,
586 2372 615 2410 ex
626 2360 669 2410 hoc
680 2360 733 2424 ipso
747 2361 822 2413 habet
834 2367 942 2428 quamdin
976 2361 978 2496 Ῑ

180 2470 213 2535 (i)
229 2478 288 2521 Hinc
300 2480 361 2522 sess.
378 2479 441 2535 XIV,
453 2489 507 2535 cap.
522 2477 546 2537 5,
557 2478 727 2537 distinguuntur
741 2481 766 2524 in
782 2484 885 2529 Gonrssio
898 2485 942 2529 Tri·
976 2507 978 2548 ᾗ

149 2536 243 2582 dentino
256 2540 432 2585 circumstantius
452 2552 505 2597 qum
520 2542 623 2597 speeiem
637 2553 684 2586 non
695 2548 788 2589 mutant
799 2551 824 2591 et
840 2559 890 2602 qum
901 2560 943 2591 mu·
976 2573 978 2608 Ι

150 2605 212 2655 tant,
228 2601 280 2645 crim
295 2614 335 2647 eas
348 2616 399 2648 csse
414 2604 439 2648 iu
452 2603 600 2649 confessione
620 2605 771 2661 explicandas
792 2608 908 2665 decernit,
918 2621 940 2653 ro
976 2613 978 2646 Ι

148 2664 273 2719 quodcirca
287 2664 340 2708 ittr'r
351 2669 450 2723 parem
463 2668 519 2723 ipro
530 2678 573 2711 orec
582 2668 598 2711 d
605 2668 782 2725 postomodum
794 2679 941 2729 mmmm
976 2653 978 2692 Ι

148 2725 254 2781 intrare,
268 2737 311 2769 nee
321 2726 451 2782 judicibus
467 2730 627 2775 innotuerat.
976 2729 978 2824 1

183 2792 215 2851 (2)
232 2797 263 2839 Do
275 2796 310 2839 his
323 2796 392 2841 etiam
402 2798 471 2859 infra,
483 2811 523 2856 qu.
534 2798 574 2859 73,
586 2807 630 2846 art,
641 2801 669 2855 ⁷3
685 2805 944 2860 utet1V‚Serrt.,disr.
976 2829 978 2858 ς

148 2850 187 2911 to,
202 2867 242 2912 qu.
254 2856 281 2917 3,
294 2862 337 2903 art.
348 2858 375 2919 1,
386 2862 524 2917 quonium.
538 2861 565 2918 33
575 2869 600 2910 et
613 2876 654 2922 qa.
667 2864 696 2925 1,
708 2865 739 2912 de
748 2869 822 2931 maio,
836 2875 878 2915 art.
890 2869 914 2913 7.
976 2861 978 2876 “
