1984 3309
145 194 192 243 292
317 204 375 244 naus
392 205 414 255 r,
430 201 525 253 quiusa.
541 201 644 257 uruca,
661 202 719 244 aar.
735 203 772 243 nr.

147 280 312 347 «incinctus,
322 286 346 334 et
356 282 479 349 sapientia,
490 287 514 335 et
525 283 620 335 scientia
630 296 678 335 non
688 286 742 334 sunt
755 282 942 346 mutugennam,
975 263 977 378 ῑ

146 356 186 405 scd
195 354 384 405 necessariorum.
397 372 410 403 n

178 432 201 475 2.
217 428 343 489 Preterea,
354 427 413 478 sicut
427 426 508 477 dicitur
517 427 543 478 in
553 428 592 479 tv,
610 426 727 493 olyrac:
744 427 802 479 «Ea
813 440 864 494 quae
876 440 943 492 quan

146 496 220 562 doque
233 501 303 555 sunt,
318 502 341 549 et
352 499 486 564 quandoque
500 512 547 551 non
561 503 623 560 sunt,
634 503 735 564 tempore
749 503 918 551 mensurantur.
931 515 944 546 n

145 570 274 621 Intellectus
284 574 359 623 auum
371 570 383 621 i
396 574 497 637 tempore
511 572 639 636 abstrahit,
653 571 711 624 sicut
727 576 751 621 et
764 571 792 621 ab
806 571 859 622 aliis
870 570 943 621 conb-
975 565 977 588 ³

147 642 246 694 tionibus
256 644 363 695 materia.
375 643 432 694 Cim
443 643 512 707 igitur
521 644 636 709 proprium
646 642 826 707 confingentium
841 643 873 694 sit
882 657 947 707 quau
975 629 977 656 ¹

150 714 223 779 doque
238 728 303 779 esse,
317 718 340 767 et
352 716 486 779 quaudoque
496 728 543 765 non
556 728 616 776 esse,
625 714 714 766 uidetur
725 715 786 779 quod
795 714 946 779 contingentia
975 727 977 784 ζ

149 797 196 837 non
214 789 378 850 cognoscantur
391 787 418 837 ab
431 786 557 838 intellectu.

181 859 225 909 Sed
244 863 335 923 contra,
352 858 424 909 omnis
444 859 539 911 scientia
556 862 592 910 est
604 858 628 909 in
642 858 767 909 intellectu.
783 858 831 909 Sed
849 858 947 923 madan

151 928 252 979 scientie
266 933 319 981 suut
329 930 356 980 de
368 929 552 993 contingentibus
566 944 573 979 t
589 930 650 980 sicut
662 928 763 980 scientiae
777 930 893 991 niorales,
904 939 948 991 qua

151 1004 205 1049 sunt
223 1000 250 1051 dc
269 1001 356 1051 actibm
375 1001 479 1051 humanis
497 1002 607 1065 subjectis
628 1000 699 1052 libero
720 999 829 1061 arbitri03
845 1004 869 1051 et
889 1000 951 1050 etiam

151 1070 252 1123 scientia
264 1072 397 1137 naturales,
410 1076 521 1137 qurautm
537 1075 565 1125 ad
578 1076 666 1139 partem
678 1087 729 1137 quae
742 1076 826 1123 bestat
837 1067 867 1123 'cle
885 1084 952 1137 gene-

151 1142 258 1208 rabilibus
275 1146 297 1193 ct
315 1144 508 1209 corruptibilibus.
525 1146 584 1210 lingo
597 1139 725 1197 intellectus
735 1148 772 1196 est
784 1144 952 1209 cognoscitiuus

151 1214 340 1278 contingentium.

183 1286 557 1353 (Concurrere-Contingentia,
571 1292 598 1338 ut
611 1287 766 1352 contingentia
779 1290 836 1354 suut
842 1326 852 1353 ,
863 1287 878 1338 tr
889 1300 951 1338 seusu

152 1356 235 1409 directe
245 1398 251 1421 ‚
260 1360 288 1409 ab
303 1359 421 1411 intellectu
437 1359 549 1413 indirecte
561 1364 742 1425 cognomina
758 1358 856 1411 ulcero
867 1358 950 1422 conin-

152 1430 230 1495 geutia
252 1430 394 1496 necessitatis
418 1436 442 1483 el
464 1430 643 1483 uniuersalitatis
665 1430 818 1482 wudibonem
840 1430 952 1491 induunt,

152 1504 235 1555 direct
249 1506 276 1555 ab
289 1504 406 1556 iartellectu
424 1504 642 1571 apprehenduntur.)
723 1507 726 1514 '

184 1578 317 1641 Respondeo
332 1577 466 1643 dicendum,
478 1576 539 1643 qnbd
550 1577 705 1641 contingentia
719 1576 843 1640 dupliciter
859 1579 951 1643 possunt

153 1648 299 1699 considerari.
312 1650 361 1699 Uno
375 1650 443 1700 modo
457 1650 581 1700 secuudum
594 1651 654 1714 quod
665 1648 820 1711 coutinentia
830 1652 897 1699 sunt.
909 1646 953 1697 ilie

155 1721 220 1771 modo
230 1721 354 1771 secundum
364 1724 423 1785 quod
432 1720 456 1771 in
465 1721 500 1772 eis
511 1720 595 1784 aliquid
606 1718 752 1771 necessitatis
759 1720 889 1771 inuenitur.
897 1717 954 1769 Nibil

155 1791 215 1843 euim
229 1796 265 1843 est
278 1792 334 1843 adeo
347 1793 496 1858 contingens,
505 1793 561 1857 quin
572 1792 597 1842 in
611 1806 636 1843 se
649 1792 732 1856 aliquid
743 1792 904 1849 necessarium
916 1792 953 1839 ba·

155 1864 229 1915 beat:
245 1864 304 1915 sicut
323 1866 367 1916 lnoc
381 1863 456 1930 ipsum
470 1860 531 1929 quod
547 1867 584 1915 est
603 1866 732 1915 Socratem
751 1878 874 1923 carcerc,
890 1862 916 1913 in
932 1874 953 1911 se

155 1937 246 2003 quidem
261 1932 395 2001 contingens
405 1942 454 2002 est3
464 1937 504 1988 scd
515 1936 623 1987 habitudo
634 1949 712 1987 cursus
727 1936 753 1986 art
766 1938 857 1986 motum
871 1940 908 1987 est
920 1947 956 1983 ne-

156 2011 253 2061 cessaria
262 2010 429 2075 3neccssarin1n
443 2010 504 2061 eninr
515 2013 551 2059 est
561 2012 675 2059 socratm
689 2006 784 2078 moueri,
796 2007 817 2057 si
826 2009 909 2059 currit.
919 2008 954 2056 Est

156 2085 232 2131 autern
246 2074 423 2145 unumquodque
434 2080 582 2144 contingens,
595 2092 624 2130 ex
636 2083 700 2144 parte
711 2078 821 2143 materia,
837 2081 895 2144 quia
906 2092 956 2129 cen·

98 2150 124 2191 ss
156 2152 247 2217 tingens
258 2156 293 2204 est
306 2155 365 2218 quod
378 2156 515 2219 potestesse
528 2156 552 2203 et
565 2165 612 2202 nou
626 2161 692 2216 esse3
703 2150 805 2215 pooentia
816 2156 898 2205 autern
908 2166 956 2216 per·

156 2224 214 2276 tinet
222 2226 249 2275 ad
254 2222 512 2291 materiam-,necessitas
517 2227 594 2274 auteur
600 2222 745 2287 consequitur
750 2223 864 2274 rationem
870 2226 953 2284 toruae,

156 2297 210 2361 quia
224 2310 251 2347 ea
266 2310 316 2365 que
329 2301 495 2361 consequuntur
509 2298 538 2347 nt
553 2296 648 2347 termam
658 2334 665 2356 ‚
676 2309 706 2345 ex
716 2294 856 2346 necessitate
872 2296 955 2347 insunt.

157 2369 248 2420 Materia
265 2372 340 2419 autern
362 2374 397 2419 est
419 2368 607 2419 indiuiduationis
624 2366 777 2432 principium,
800 2367 861 2419 ratio
882 2370 955 2417 autem

100 2454 124 2500 s
157 2441 308 2491 universalis
317 2440 428 2505 accipitur
436 2440 559 2491 secundum
569 2440 744 2491 abstractionem
751 2439 831 2490 turne
842 2439 855 2489 'a
866 2437 955 2491 materia

156 2514 294 2579 particulari.
314 2513 403 2565 Dictum
416 2518 493 2564 autem
509 2516 545 2565 est
556 2512 624 2578 supra
635 2513 687 2577 (art.
703 2513 725 2573 l)
744 2509 805 2576 qobd
819 2524 863 2575 per
877 2527 919 2572 sc,
933 2513 953 2559 et

157 2585 242 2636 directe
253 2587 384 2653 intellectus
392 2589 428 2639 est
440 2584 609 2647 universalium,
620 2598 702 2652 sensus
711 2588 788 2637 auem
800 2583 954 2649 saguntum

158 2674 254 2722 <quorum
264 2659 331 2711 etiam
346 2658 453 2711 indirecte
467 2657 631 2723 quodammodo
645 2661 680 2708 est
694 2651 843 2721 intellectus,
857 2663 885 2709 ut
894 2655 956 2720 supri

159 2730 245 2781 dicum
261 2734 303 2780 est.
322 2730 361 2779 Sic
375 2729 445 2793 igitur
463 2728 617 2792 contingentia
629 2727 697 2794 prout
712 2733 765 2780 sunt
785 2728 955 2793 contingentia,

160 2806 327 2865 cognoscuntur
339 2800 424 2851 directe
435 2800 526 2865 quidem
540 2800 554 2851 a
567 2814 650 2865 sensu,
666 2798 775 2851 indirecte
790 2804 870 2851 autem
886 2802 914 2851 ab
924 2798 956 2849 in-

160 2875 252 2925 tellectu
269 2888 274 2924 :
291 2874 391 2925 rabones
403 2878 480 2924 anem
490 2871 631 2923 nubentes
644 2877 668 2923 et
684 2871 819 2923 scamna
828 2872 957 2935 wrangon·

161 2948 219 2998 tium
227 2945 673 3012 cognoscunturperiutellectum.Unde,
681 2944 956 3009 sialtendanturratioues
