1984 3309
135 217 180 263 lto
313 226 372 264 rnns
388 228 411 272 1,
427 226 521 271 consu.
538 227 632 277 cxxvii,
650 228 706 265 sun.
724 230 740 263 ι.

133 302 189 353 tinet
206 303 263 368 parti
281 304 404 354 secunlum
422 304 494 354 totam
512 316 575 353 suam
594 304 716 355 essentiam
732 305 755 353 et
772 303 906 371 virtutem,
925 314 952 359 ut

134 373 217 423 animal
229 374 316 425 homini
326 413 333 436 ,
344 378 369 425 et
386 388 458 440 equo;
473 378 496 425 et
511 374 562 426 ideo
575 374 666 439 proprie
680 376 707 427 dc
725 374 825 437 singulis
838 378 951 441 partibus

133 444 277 509 predicatur.
294 448 377 497 l'otom
395 446 449 497 vert
462 447 572 515 integrale
588 456 633 497 non
646 448 681 497 est
694 446 719 497 in
733 447 837 511 qualibet
855 458 948 515 parte,

133 530 206 581 neque
218 518 340 568 mcunoum
351 522 424 569 totam
438 519 573 575 essentiam,
586 532 660 583 neque
670 518 795 569 secuudum
805 523 885 573 totam
898 524 950 574 vir-

135 592 205 641 tutem
225 606 230 639 :
246 594 268 640 ot
283 590 334 641 ideo
348 591 409 642 nullo
424 592 489 641 modo
505 591 532 641 de
549 590 645 654 singulis
664 590 765 655 partibus
778 592 949 659 praedicatur,

135 661 175 711 seo
188 660 263 725 utiquo
284 663 366 724 modo,
383 662 438 714 lieet
453 661 588 727 improprie,
605 663 632 713 de
650 662 755 713 omnibus
772 662 845 714 simul
861 681 868 729 ;
885 670 914 717 ut
929 669 950 719 si

134 732 254 797 dicamus,
267 733 327 797 quod
345 735 437 798 paries,
451 738 535 787 tectum
549 738 572 785 et
588 734 760 785 fondamentum
773 739 829 785 suut
849 738 948 790 domus.

135 804 217 855 Totum
230 804 284 856 vert
296 806 418 869 potentiale
430 808 495 857 adest
508 806 603 871 singulis
617 805 717 871 partious
729 808 859 859 secundum
872 814 949 863 totam

137 888 200 925 suam
215 877 355 938 essentiam,
367 878 407 927 sed
423 890 470 927 non
484 878 607 928 secundum
620 880 690 929 totam
708 879 834 943 virtutem,
852 884 878 933 et
893 883 949 935 ideo

135 948 298 1011 quodammodo
314 952 389 1013 potest
400 949 519 1014 predicari
533 950 561 999 do
575 949 673 1012 pualnet
688 952 765 1013 parte,
785 951 824 1000 sed
842 966 896 1005 uon
915 956 951 1007 ita

137 1019 244 1083 pmprie,
256 1020 312 1070 sicet
327 1022 399 1071 totuin
415 1020 553 1075 universale.
568 1022 596 1071 Et
609 1033 651 1084 per
662 1023 723 1071 hunc
739 1021 833 1071 modum
849 1025 948 1090 Augus-

137 1091 200 1140 tinus
212 1091 267 1141 dicit
282 1092 335 1155 (ulti
347 1094 439 1155 supra),
454 1091 514 1156 nutu
532 1092 675 1155 «memoria,
688 1092 850 1157 intelligentia,
865 1102 891 1149 et
904 1112 949 1149 vo-

138 1160 214 1211 luntas
227 1165 279 1213 sunt
292 1176 339 1213 una
354 1164 436 1214 animm
452 1164 561 1214 essentia.
574 1180 587 1211 n

168 1234 201 1284 ad
213 1236 336 1285 secundum
349 1235 483 1299 dicendum,
494 1236 555 1299 quod
568 1240 630 1287 actus
643 1236 672 1287 ad
682 1250 749 1303 quem
758 1237 855 1289 mumria
868 1242 949 1305 prima

137 1309 174 1356 est
189 1305 212 1355 iu
226 1305 338 1371 potentia,
351 1310 387 1357 est
398 1306 555 1357 substantialis
569 1308 657 1369 lormap
672 1311 694 1359 et
704 1308 755 1359 ideo
769 1311 878 1375 potentia
891 1326 948 1364 ma-

136 1377 200 1429 terie
211 1392 257 1429 non
270 1381 306 1429 est
321 1378 381 1428 aliud
394 1378 462 1442 quim
475 1379 525 1443 ejus
542 1379 649 1429 essentia.

168 1450 201 1500 nd
215 1450 305 1502 tertium
323 1450 458 1513 dicendum,
475 1450 535 1515 quod
552 1450 611 1501 actio
628 1453 663 1501 est
679 1450 815 1514 compositi,
831 1452 896 1505 sicut
908 1461 948 1508 est

136 1537 200 1571 esse.
198 1538 203 1548 ·
213 1522 333 1573 existentis
343 1522 404 1571 enim
412 1524 448 1572 est
458 1535 532 1586 agere
543 1521 696 1586 compositum
705 1524 779 1573 autem
788 1536 829 1586 per
841 1524 948 1579 formam
987 1552 988 1593 ι

137 1593 305 1643 substantialem
312 1595 507 1644 habetessesubs
497 1594 628 1659 entialiter,
635 1608 675 1658 per
682 1594 788 1645 ιιιιιιιιιιι
795 1598 874 1646 autem
878 1614 949 1664 ,quac
987 1598 988 1631 l

137 1664 282 1728 consequitur
294 1667 387 1715 lormam
401 1665 579 1729 substantialem,
594 1668 709 1730 operatur.
723 1666 812 1716 oute
794 1680 828 1716 sic
839 1670 988 1751 sehabet

138 1738 209 1787 iorma
220 1736 363 1785 accidentalis
372 1736 444 1785 actim
454 1738 479 1787 od
491 1738 586 1787 formam
598 1737 771 1787 susbstantialcm
788 1740 909 1807 agentis(
921 1694 988 1791 ul

138 1809 197 1858 calor
212 1807 349 1857 ollonnam
364 1807 502 1871 ignistsicut
515 1823 540 1859 sc
552 1809 620 1859 habet
637 1809 721 1873 potent
716 1822 737 1857 m
751 1809 833 1860 araimae
848 1812 878 1862 ad
892 1816 947 1863 ani-

139 1893 207 1929 mam.
258 1892 261 1897 ·

171 1952 205 2001 td
223 1954 328 2015 quartum
346 1949 466 2001 dicendum
476 1951 562 2015 ,quod
577 1951 643 2002 hoo'
638 1952 782 2017 ipsumquod
797 1952 949 2006 iormaacci-
987 1944 988 2013 ι

139 2022 237 2075 occulis
250 2028 286 2073 est
302 2021 398 2073 actionis
412 2023 563 2088 principium,
577 2022 666 2073 habet
661 2023 758 2072 alorma
771 2022 947 2077 substantiali:

138 2100 162 2146 et
173 2097 225 2146 idco
243 2096 315 2146 torma
332 2094 487 2145 substantialis
507 2099 542 2145 est
560 2094 658 2159 primum
674 2092 769 2143 actionis
783 2094 946 2161 principium,
987 2118 988 2161 p

138 2169 178 2217 seul
203 2181 247 2217 nou
270 2166 408 2230 proximum.
432 2168 462 2217 Et
485 2167 610 2218 secundum
631 2167 693 2228 hoc,
710 2164 864 2229 Philosophus
887 2169 988 2229 dicit

140 2240 195 2301 (ubi
214 2243 309 2303 supro),
329 2237 388 2301 quod
411 2256 425 2285 ιι
438 2252 461 2287 ιιι
479 2252 524 2303 quo
542 2237 702 2301 intelligimus,
719 2240 741 2286 et
761 2236 889 2300 sentimus,
906 2242 988 2289 est
987 2272 988 2283 ,

137 2312 222 2361 anima.
241 2327 254 2357 n

172 2383 207 2432 nd
217 2382 321 2445 quintum
335 2382 473 2441 dicentium,
487 2381 547 2441 quim
561 2382 580 2431 si
595 2380 699 2432 accidens
719 2380 843 2445 accipiatur
860 2395 948 2431 secun·
987 2378 988 2409 ³

136 2456 190 2505 dum
204 2455 263 2517 quod
283 2452 389 2502 dividitur
402 2458 481 2503 contra
497 2453 661 2517 substantiam,
674 2452 706 2503 sic
723 2452 780 2503 nihil
799 2456 875 2516 potest
894 2467 948 2505 esse
987 2452 988 2455 ’

137 2526 306 2577 niediuruinten
314 2524 461 2573 substantiam
469 2529 491 2575 et
500 2520 946 2589 accidere,quiadiuiduntnrsecuudum
987 2542 988 2565 2

138 2598 312 2647 affirmationem
330 2598 353 2645 et
366 2596 526 2659 negationem,
544 2596 629 2647 scilicet
643 2594 766 2646 secundum
781 2610 834 2644 erse
849 2598 875 2644 io
888 2596 948 2645 sub·
987 2620 988 2661 3

133 2672 216 2735 jecto,
233 2672 259 2718 et
272 2683 319 2718 non
332 2681 383 2716 esse
397 2668 424 2716 io
435 2668 559 2733 subjecto.
577 2668 604 2718 tlt
621 2669 665 2717 hoc
678 2666 824 2727 modo,ci1m
840 2667 948 2731 potentia
987 2678 988 2727 j

138 2743 220 2793 animes
234 2741 322 2791 nonsit
334 2739 386 2802 ejus
399 2740 512 2803 essentie,
523 2743 611 2803 oportet
622 2737 680 2801 quod
695 2738 727 2787 sit
737 2737 859 2803 accidens3
872 2743 897 2787 et
909 2744 948 2787 est

140 2814 277 2870 insecundo
293 2810 370 2877 specie
388 2811 510 2873 qualitatis.
526 2812 549 2861 Si
569 2808 623 2860 vero
641 2808 765 2873 accipiatur
784 2810 890 2861 succidens
909 2823 948 2860 se-

140 2886 237 2935 cundum
248 2885 308 2949 quod
322 2881 412 2948 ponitur
425 2896 495 2932 uuum
506 2884 605 2947 quinque
620 2880 794 2943 sicimorum
808 2881 843 2931 sic
856 2881 947 2947 aliquid

141 2959 176 3006 est
191 2957 290 3008 mettium
304 2956 364 3008 inter
379 2952 530 3006 substantiam
547 2958 569 3006 et
589 2952 705 3018 accidens,
720 2951 772 3017 quia
789 2953 817 3002 ad
837 2954 948 3005 suostan-
