1984 3309
141 130 186 177 ret
331 138 392 177 rurs
405 140 423 189 1,
437 138 530 183 oomsr.
545 83 628 189 cruz}
642 138 696 176 ττττ.
712 137 745 175 rv.

139 215 282 281 simpliciter,
297 215 338 266 sed
348 214 397 267 deri
408 215 454 265 tate
465 219 506 265 aut
518 216 671 279 aliquomodo
685 228 711 266 se
724 215 823 267 hahens.
833 218 862 266 Et
874 217 943 267 simi-

139 287 190 337 liter
206 301 257 336 cum
275 286 359 337 recedit
374 288 447 337 torma
459 286 620 347 accidentalis,
635 300 681 337 non
695 287 777 336 dicitnr
791 288 877 352 aliquid
891 302 941 340 cor-

138 359 214 423 rumpi
227 358 373 423 simpticiter‚
386 359 426 410 sed
439 360 564 409 secundnm
578 360 641 422 quid.
651 360 732 409 Forma
746 362 824 410 autem
835 360 942 411 substan-

92 419 116 465 J
138 430 197 480 tiulis
210 430 312 480 deterre
328 430 470 494 simpliciter.
487 432 516 480 Et
529 432 579 481 ideo
593 444 634 494 per
646 431 697 495 ejus
713 432 839 481 adventum
857 432 941 482 dicitur

138 500 222 565 aliquid
238 502 370 565 simpticiter
384 502 501 566 generari,
519 504 542 552 et
557 515 597 565 per
608 501 660 565 ejus
674 514 788 552 recessum
806 502 942 566 simpliciter

138 572 262 636 corumpi.
281 574 309 622 Et
326 577 417 637 propter
433 575 477 623 hoc
494 572 582 637 antiqui
600 573 727 633 naturales,
747 572 787 636 qui
815 578 943 637 posuerant

138 643 255 695 materiam
263 644 360 708 primam
369 658 420 695 esse
432 644 522 707 aliquod
531 657 572 693 ens
583 647 643 706 ectu,
654 642 708 709 putd
717 644 794 707 ignem
805 650 941 709 autumem,

138 719 178 765 aut
188 714 275 780 aliquid
288 715 430 779 hujusmodi,
443 716 548 778 dixerunt
560 716 620 780 quod
631 716 688 765 nihil
701 718 823 778 generatur
837 722 879 767 aut
890 732 941 769 cor-

138 786 251 851 rumpitur
268 788 412 853 simpticiter‚
428 789 468 838 sed
485 801 552 838 omne
565 788 624 851 fieri
640 790 766 839 statuerunt
777 786 905 845 ulterari,
918 792 944 838 ut

138 857 221 908 dicitur
233 860 259 909 in
271 861 290 909 l.
312 859 384 923 elops,
395 860 470 925 (text.
487 859 528 924 3).
543 859 567 909 Si
578 859 647 923 igitur
660 859 693 909 ita
710 862 769 909 esset
785 861 846 922 qnod
858 864 943 924 praeter

138 929 236 980 animem
248 931 412 982 intellectivam
423 931 580 996 precxisteret
593 944 731 995 quecunque
744 930 788 980 alia
800 930 878 981 forma
890 934 943 983 suh-

137 1000 249 1052 stantiatis
261 1002 286 1052 iu
298 1003 401 1065 materia,
416 1016 535 1067 perquam
547 1002 672 1066 subjectum
686 1002 767 1051 animm
783 1004 845 1051 esset
859 1004 942 1052 enain
975 1016 976 1039 τ

138 1077 205 1138 astu,
222 1079 355 1140 sequeretur
371 1076 432 1138 quod
450 1074 527 1123 anima
541 1086 588 1124 non
605 1073 668 1124 daret
688 1088 738 1123 esse
750 1072 906 1138 simpliciter,
921 1078 943 1124 et

137 1159 178 1210 per
188 1160 330 1211 consequens
340 1148 400 1211 quod
409 1160 455 1197 non
466 1150 527 1197 esset
537 1147 608 1197 torma
620 1145 783 1210 emorientis,
791 1149 817 1196 et
826 1148 892 1210 quod
901 1161 943 1213 per
975 1178 976 1215 ρ

136 1218 260 1268 adrentum
276 1219 358 1269 anime
375 1232 422 1269 non
436 1221 497 1268 esset
513 1219 629 1281 generatio
643 1217 792 1282 simpliciter,
805 1232 886 1283 neque
901 1234 943 1285 per
975 1220 976 1227 ’

136 1289 188 1352 ejus
199 1302 315 1340 recessum
321 1289 437 1353 corruptio
448 1288 591 1354 simpliciter,
601 1291 639 1340 sed
652 1288 725 1340 solium
734 1290 861 1341 secundum
875 1292 940 1355 quid.
975 1320 976 1360 p

137 1362 191 1421 Qum
202 1366 256 1411 sunt
266 1362 386 1414 mandestd
400 1363 466 1412 inim.
477 1362 542 1412 Unde
555 1361 676 1412 dicendum
688 1365 732 1424 est,
744 1362 804 1425 qnod
816 1362 883 1414 nulla
897 1364 941 1414 alia
975 1362 976 1417 i

136 1432 209 1483 forma
219 1432 377 1483 substantialis
388 1434 459 1484 estin
469 1432 562 1484 homine
568 1432 631 1495 ,nisi
640 1433 688 1483 soie
698 1432 774 1483 anima
784 1432 939 1498 intellectiva,

136 1509 160 1555 et
167 1505 228 1569 qnod
237 1504 296 1569 ipsa,
307 1504 366 1555 sicut
375 1506 459 1556 virtute
468 1506 572 1557 continet
582 1505 681 1555 animam
690 1503 820 1555 sensitivam
831 1508 855 1555 et
865 1507 942 1557 nutri-
975 1510 976 1515 ’

137 1578 222 1639 ticam,
237 1577 269 1628 ite
284 1578 367 1627 virtute
383 1580 486 1629 continet
501 1591 581 1628 omnes
594 1576 714 1627 inferiores
728 1577 826 1640 iormas,
843 1581 869 1627 ct
887 1580 943 1629 facit

135 1650 185 1713 ipse
204 1651 253 1700 sota
270 1650 375 1713 quioquid
395 1650 575 1714 imperfectiores
594 1651 672 1701 formae
687 1649 712 1699 in
726 1649 777 1699 aliis
795 1649 898 1701 faciunt.
914 1654 942 1700 Et

137 1722 242 1773 similiter
252 1726 287 1772 est
299 1721 421 1771 dicendum
429 1723 459 1773 de
471 1722 549 1773 anima
560 1722 669 1773 sensitiva
679 1722 704 1771 in
716 1720 802 1784 brutio,
815 1726 839 1771 et
852 1723 885 1773 de
900 1740 942 1773 nu-

137 1794 214 1843 tritiva
227 1793 252 1842 in
268 1794 351 1857 plantis
358 1830 367 1857 ,
382 1797 405 1843 ct
419 1794 577 1845 uniuersaliter
590 1796 618 1847 de
632 1794 738 1845 omnibns
755 1792 835 1843 formis
848 1797 942 1857 perfec-

136 1864 231 1915 tioribus
244 1869 348 1929 respectu
360 1865 556 1929 imperiectarum.
597 1877 600 1885 ’
975 1896 976 1909 τ

168 1938 202 1987 ad
212 1937 309 2001 primum
321 1951 375 2000 ergo
388 1938 524 2002 dicendum,
534 1938 594 2004 qudd
605 1938 736 1989 Aristoteles
750 1948 796 1985 non
810 1936 868 1986 dicit
888 1938 940 1987 ani·
975 1910 976 1989 i

136 2022 197 2059 mam
206 2022 255 2061 esse
264 2013 339 2059 actum
349 2012 450 2075 corporis
461 2011 558 2076 tandm,
573 2012 613 2062 sed
626 2014 724 2061 «actum
734 2008 835 2072 corporis
845 2010 942 2077 physici
975 2000 976 2071 ἒ

136 2080 236 2143 organici
249 2082 352 2145 potentie
364 2083 434 2132 vitam
446 2084 553 2135 habentis
560 2120 569 2147 ,
579 2100 593 2130 τ)
604 2086 626 2132 et
639 2083 699 2147 quod
710 2079 761 2131 talis
774 2080 882 2143 potentia
895 2096 942 2133 non
975 2082 976 2143 j

136 2153 215 2217 abjicit
223 2153 332 2205 animam.
346 2157 408 2205 Unde
422 2156 570 2206 manifestum
582 2159 626 2218 est,
635 2155 694 2218 quod
704 2153 729 2202 in
741 2165 769 2203 eo
780 2152 850 2215 cujus
861 2155 941 2205 anima
975 2208 976 2223 ἢ

135 2224 307 2289 dirimeretur,
322 2227 390 2276 etiam
404 2228 479 2277 anima
494 2228 629 2290 includitur3
640 2240 668 2277 eo
676 2226 743 2275 modo
754 2224 881 2287 loquendi,
894 2240 940 2288 qno
975 2224 976 2251 ³

135 2296 940 2362 calorestactuscatidi,etlumenretectustucidi,nonquodseorsum

135 2367 166 2415 sit
176 2368 278 2417 lucidum
289 2368 339 2419 sine
347 2369 408 2432 luce,
417 2371 457 2420 sed
466 2371 520 2434 quia
531 2376 567 2421 est
577 2370 676 2420 lucidum
688 2382 729 2433 per
738 2369 820 2418 lucem.
833 2368 864 2419 Et
875 2370 941 2419 sinri-

134 2439 186 2489 titer
199 2440 296 2503 dicitur,
310 2443 371 2505 qnod
388 2442 464 2492 eninm
476 2447 512 2493 est
525 2448 597 2493 actos
612 2444 737 2507 corporis,
757 2444 812 2503 etc,
830 2442 886 2505 quia
899 2456 943 2506 per
975 2466 976 2499 g

135 2512 248 2575 animam,
262 2516 333 2562 etesi
345 2527 452 2577 corpur,
466 2518 490 2565 et
503 2518 538 2565 est
550 2516 712 2578 dependerem,
730 2516 753 2563 et
766 2514 803 2561 eod
819 2516 939 2575 potentio
975 2504 976 2569 ἶ

135 2584 215 2633 vitem
224 2583 321 2634 dotem.
330 2584 376 2634 Sed
385 2588 448 2635 ectus
455 2586 543 2651 primus
551 2585 632 2636 dicitur
639 2589 745 2649 respectu
755 2587 819 2634 actus
829 2586 938 2647 secundi,
975 2638 976 2647 p

135 2654 175 2718 qui
187 2658 224 2705 est
235 2656 353 2721 operatio;
367 2657 422 2706 talia
432 2658 494 2706 enim
505 2656 605 2721 potentio
622 2660 656 2707 est
670 2670 716 2707 non
730 2654 851 2720 abjiciens,
864 2656 888 2707 id
903 2661 939 2707 est

135 2740 182 2777 non
198 2728 323 2778 excludens
334 2727 443 2778 animam.
975 2742 976 2751 ¹

166 2799 201 2849 nd
217 2799 342 2872 secundum
361 2799 496 2864 dicendum,
519 2801 579 2866 qudd
595 2802 670 2852 anima
693 2814 738 2852 non
757 2804 833 2849 movet
852 2814 937 2866 eorpus
975 2834 976 2841 τ

136 2883 177 2932 per
193 2882 245 2920 cose
258 2883 336 2934 suum,
357 2872 482 2924 secundum
503 2873 563 2938 quod
582 2872 660 2925 unitur
682 2871 771 2937 corpori
793 2872 819 2922 nt
842 2871 934 2936 forma,
