1984 3309
139 178 168 231 48
347 188 408 231 reris
420 187 438 244 t,
454 189 546 240 const.
561 190 627 245 exin,
641 190 698 232 cnr,
712 196 730 231 r,

437 348 596 402 indictitiis
611 352 632 401 1.

165 467 253 513 Utrirot
267 476 385 524 specterum
399 467 726 576 conqrffragffffmm
739 468 922 525 emetursacta

168 646 202 699 rid
213 646 312 711 primum
329 640 360 697 sic
374 644 503 711 proceditur
519 646 562 712 (t).
576 643 672 698 noctur
684 642 744 712 quod
757 657 868 711 aqnmum
881 662 950 700 con-

138 718 238 783 gregatio
252 725 300 768 non
313 717 475 768 convenienter
491 718 578 768 dicatam
597 717 658 768 iacta
677 719 746 768 tertia
764 719 811 769 die.
826 721 859 769 Ea
877 720 949 771 enim

138 801 189 855 que
203 790 263 843 tacta
278 793 331 840 sunt
345 790 418 855 prima
431 793 454 840 ct
471 791 572 839 secunda
587 789 638 854 die,
656 790 725 841 verbo
743 786 849 841 factionis
863 791 952 856 exmia

138 866 244 925 mantur;
262 859 344 912 dicitur
358 858 418 910 enim
435 874 440 909 :
457 877 470 907 u
480 860 542 909 liirit
554 862 631 911 beris:
647 860 697 911 Fiat
709 862 763 922 iux,
777 866 801 911 et
812 863 851 912 tiat
864 863 951 915 firma·

137 938 247 984 mentum.
262 950 276 980 n
293 934 337 983 Sed
358 932 423 982 tertia
439 932 487 982 dies
504 932 655 983 condividitur
667 934 753 983 duabus
770 933 858 997 primis.
881 936 950 999 Ergo

138 1014 194 1067 opus
204 998 278 1054 tertiae
288 1002 335 1053 diet
347 1002 424 1053 debuit
434 1000 531 1066 exprimi
540 1007 611 1053 verim
620 1004 755 1067 factionis,
766 1007 789 1054 ct
800 1014 847 1055 non
863 1002 948 1057 sotirm

136 1075 206 1125 verbo
217 1075 424 1141 conprepntionto.

141 1210 143 1215 Ι
169 1149 192 1196 2.
201 1148 322 1208 Preterea,
331 1148 392 1194 terra
401 1136 464 1209 pride
471 1144 572 1207 undique
583 1145 632 1195 erat
643 1142 708 1209 amris
715 1151 836 1211 cooperta3
846 1155 949 1214 propter

137 1218 181 1268 hcc
194 1218 255 1267 enim
267 1210 388 1267 invisibilis
402 1216 529 1267 dicebatur.
542 1217 593 1266 Nun
603 1221 653 1267 crat
661 1231 715 1280 ergo
731 1218 812 1282 aliquis
823 1220 890 1270 iocus
901 1235 946 1272 su-

137 1302 178 1353 per
190 1293 289 1351 teram,
306 1288 331 1338 in
346 1300 391 1352 quo
404 1300 469 1351 aque
482 1288 614 1351 congregari
622 1292 724 1352 possent.

170 1362 192 1411 3.
209 1360 392 1424 Praetereamus
408 1372 454 1409 non
468 1363 521 1409 sunt
532 1358 662 1410 contionata
672 1362 700 1411 ad
716 1361 824 1424 invicem,
839 1375 888 1413 non
899 1367 946 1416 ba-

136 1423 193 1483 bent
205 1446 276 1482 unum
297 1431 381 1481 locum.
398 1430 444 1481 Sed
455 1434 503 1481 non
517 1441 597 1481 omnes
613 1444 679 1497 aque
693 1432 777 1483 habent
794 1434 822 1482 ad
837 1432 947 1488 invicem

136 1502 318 1555 continuitatem.
328 1504 388 1565 Ergo
396 1513 441 1551 non
451 1506 505 1552 suut
514 1514 593 1553 omnes
605 1512 670 1566 aque
681 1507 822 1567 congregate
833 1504 858 1554 in
868 1520 946 1560 unmn

136 1576 221 1627 locum.

170 1642 191 1699 i.
207 1648 334 1708 Preterca,
348 1644 492 1708 congregatio
513 1646 541 1695 ad
557 1650 642 1695 mutum
661 1647 755 1696 localem
769 1647 875 1710 pertinet.
895 1651 947 1703 Sed

137 1726 202 1781 eque
215 1718 347 1768 naturaiiter
364 1717 469 1766 videntur
479 1717 589 1780 fluentes,
604 1720 627 1767 et
638 1718 666 1767 ad
676 1726 738 1767 mare
753 1722 877 1769 currentes.
890 1722 947 1773 Non

137 1800 191 1852 ergo
207 1789 250 1839 tuit
267 1786 423 1839 necessarium
438 1788 465 1836 ad
482 1788 526 1837 boc
544 1784 645 1838 divinum
658 1792 796 1853 praeceptum
812 1790 928 1843 adhiberi.

169 1858 192 1909 s.
202 1860 325 1919 Preterca,
337 1862 398 1909 terra
406 1856 475 1907 etiam
484 1858 510 1907 in
521 1858 633 1924 principio
646 1873 693 1910 sue
704 1857 825 1910 creationis
835 1861 946 1915 nomina-

137 1935 188 1995 tur,
206 1928 257 1981 edm
276 1928 359 1981 dicitur
374 1940 379 1979 τ
401 1929 450 1979 «ln
463 1930 575 1993 principio
590 1931 677 1981 creavit
688 1933 749 1981 Deus
762 1932 844 1981 caetum
857 1938 882 1983 et
894 1937 947 1985 ter·

135 2010 193 2053 ram.
213 2018 227 2048 n
246 2000 436 2051 lnccnrenienter
448 2014 503 2063 ergo
521 2002 602 2052 dicitnr
619 2002 688 2053 tertia
708 2004 745 2053 die
762 2016 847 2053 nomen
862 2007 944 2057 terrm

135 2072 277 2137 impositum.

164 2146 208 2196 Sed
222 2144 246 2194 in
259 2142 398 2193 contrarium
412 2144 497 2195 sufficit
513 2144 637 2197 authoritas
650 2145 784 2211 scripture.

167 2217 325 2282 (Conctnsro.
344 2241 375 2253 -
393 2218 422 2267 Ut
434 2220 522 2268 nature
539 2219 595 2269 crdo
611 2223 753 2283 servaretur,
774 2219 945 2274 convenienter

133 2291 186 2353 post
202 2284 358 2339 formationem
367 2296 432 2352 aque
447 2287 547 2339 secunda
560 2290 597 2339 die
608 2289 703 2353 iactam,
714 2291 783 2341 tertia
796 2290 832 2340 die
841 2291 944 2344 formata

134 2363 171 2411 est
183 2362 243 2408 terra
256 2361 280 2407 et
290 2357 412 2420 distincta,
430 2362 520 2423 qnando
533 2365 675 2425 congregatae
685 2366 740 2411 suut
753 2375 818 2426 aque
834 2376 886 2425 quae
897 2366 944 2415 sub

133 2430 191 2481 caelo
202 2428 280 2489 erint,
295 2428 318 2478 in
335 2421 409 2480 iocum
420 2440 500 2495 dnum,
513 2430 537 2482 et
548 2432 653 2496 apparuit
664 2430 751 2495 arida.)

165 2501 300 2565 Respondet
310 2500 443 2565 dicendum,
456 2502 516 2566 quod
529 2503 568 2553 bic
581 2507 671 2567 oportet
683 2504 749 2554 aliter
760 2504 835 2554 dicere
855 2519 944 2556 secun-

134 2568 189 2624 dirm
200 2567 366 2637 expositionem
378 2574 499 2638 Augustini
510 2574 534 2624 ei
542 2569 637 2626 aliorum
650 2579 787 2625 sanctornm.
798 2574 944 2638 Augustinus

135 2643 235 2695 enimin
251 2644 357 2695 omnibus
372 2640 409 2695 his
420 2639 525 2709 operibus
543 2659 590 2696 non
602 2644 668 2710 ponit
686 2645 810 2697 durationis
820 2647 940 2712 ordinem,

136 2718 176 2767 sed
190 2712 263 2767 solim
276 2716 371 2780 originis
385 2719 408 2767 et
422 2720 516 2767 naturae.
525 2716 585 2767 eicit
597 2714 659 2768 enim
671 2714 745 2782 primo
756 2723 858 2769 creatam
871 2721 942 2769 uatu-

136 2799 183 2839 ram
194 2788 334 2853 spirituatem
345 2788 465 2839 intormem
479 2792 505 2839 et
516 2793 618 2839 naumain
626 2790 765 2854 corporalem
777 2791 863 2855 absque
875 2791 941 2841 omni

171 2894 201 2960 (ί)
217 2902 249 2945 De
263 2900 382 2947 bisetium
396 2900 420 2943 in
436 2901 471 2959 11,
485 2897 564 2950 Seni..
577 2899 630 2948 dist.
644 2901 687 2961 it,
703 2908 747 2949 ert.
761 2901 786 2946 5.
