1984 3309
127 151 173 199 tet
318 160 526 210 resumentes.
543 159 607 212 exis,
624 159 679 200 sss.
696 161 730 198 ra.

126 236 272 299 famulentur,
279 249 374 299 quorum
383 235 454 298 alium
461 248 552 299 semper
560 235 582 287 ei
592 236 739 298 assismnt‚et
748 236 801 301 ejus
809 240 920 302 precepta

126 305 257 357 innodate
271 306 378 368 endinnt;
394 306 435 356 alii
449 305 504 357 nord
520 310 575 356 snnt
590 308 618 358 ad
635 319 692 371 quos
706 311 821 371 precepta
837 309 920 372 regalia

125 392 166 442 per
178 377 310 428 assistentes
330 377 477 440 nuntiantur,
489 379 549 428 siout
561 379 595 428 iiii
608 378 647 444 qui
660 378 855 432 administrationi
868 380 922 430 oiri·

125 452 197 499 tetum
217 447 383 513 preficiuntnr3
398 451 422 498 et
440 449 466 502 hi
485 448 591 501 dicuntur
611 451 803 510 ministrantes,
821 449 861 502 sod
879 464 921 502 non

124 519 577 583 messmamcensidermdnmestergo
585 519 645 584 qudo
651 533 732 574 omnes
741 520 922 586 anseh'divinam

124 590 247 645 esseua'am
258 589 387 646 immediati
400 591 478 644 rident
487 607 494 640 ι
504 595 529 644 et
537 596 646 655 quantum
655 592 684 645 ad
698 592 742 642 hoe
751 602 833 646 omnes
838 607 846 656 3
857 592 924 646 etiem

124 661 163 726 qui
178 662 318 725 ministrent,
329 661 436 714 smietere
448 662 564 714 dicuntur.
576 663 640 714 Unde
652 663 775 725 Gregorius
789 661 848 716 dicit
862 663 923 718 mli.

124 733 227 796 Merui,
236 732 297 795 quod
306 751 321 782 u
332 747 422 798 semper
434 733 539 784 assistere
552 737 591 784 est
599 734 676 786 ridere
686 732 770 788 ieeiem
783 733 860 789 saeris
873 748 923 800 pes·

124 805 240 868 snnt‚qni
248 806 277 855 ad
285 805 436 854 ministerium
443 806 543 856 exterius
553 805 808 868 mittunturnronostm
818 807 922 858 sainte.»

123 877 169 928 Sed
182 890 228 928 non
241 890 321 930 omnes
330 876 408 939 angeli
423 882 511 930 secreta
523 876 650 928 divinorum
664 875 828 944 mysteriorum
841 877 865 934 in
877 878 924 942 insa

124 948 224 1004 stamme
243 947 329 1000 divine
349 948 455 1000 menie
474 948 593 1011 meminere
610 951 719 1012 possunt3
734 948 777 1000 sed
795 949 840 1000 soii
855 963 925 1013 ¹supe·

123 1020 206 1080 riores,
221 1032 262 1082 per
276 1033 335 1083 qnos
350 1018 495 1070 inferioribus
508 1019 679 1070 denuntiantur.
692 1019 720 1068 Et
735 1019 866 1072 seeunddm
884 1022 924 1072 hoo

123 1090 165 1140 soti
173 1089 309 1152 superiores,
319 1088 359 1152 qni
371 1092 425 1138 sunt
433 1091 514 1153 primae
525 1089 670 1150 hierarchis,
680 1089 792 1144 assistere
800 1089 922 1153 'diosmtnm

123 1161 188 1223 enjus
208 1158 324 1222 proprium
343 1159 398 1210 dieit
413 1173 465 1212 esse
486 1160 609 1226 Dionysius
636 1162 688 1223 (De
708 1159 761 1213 omi.
787 1161 923 1218 Mamaea..

123 1243 174 1294 sap.
183 1228 222 1292 t),
235 1229 366 1283 immediati
377 1230 391 1280 i
404 1232 451 1282 lieo
465 1231 596 1284 ittnminari.

153 1302 182 1352 Et
198 1315 239 1365 per
254 1302 298 1352 troo
314 1304 377 1366 notet
395 1303 479 1355 solutio
497 1303 528 1352 ad
547 1301 646 1366 primum
665 1305 689 1356 et
710 1303 855 1368 seeundum,
875 1319 923 1370 qne
971 1325 972 1330 ¹

122 1373 246 1436 procedunt
261 1373 290 1424 de
302 1372 375 1436 nrimo
385 1373 454 1427 mode
465 1373 598 1427 assistendi.

153 1445 187 1494 id
196 1444 303 1506 tertium,
315 1445 383 1494 Satan
397 1457 447 1499 non
455 1443 538 1494 dieitur
549 1445 661 1509 astitisse,
672 1446 712 1498 sed
721 1445 781 1496 inter
792 1449 925 1507 assisterdm

121 1513 212 1565 affuisse
227 1514 372 1578 describitur3
387 1515 455 1578 quia,
468 1518 495 1566 ut
508 1515 629 1578 Gregorius
642 1515 713 1579 diois,
727 1517 757 1566 11.
775 1519 869 1572 Mosei.
886 1519 925 1584 (ut

122 1585 216 1648 sueri),
233 1585 302 1636 uetsi
318 1586 481 1638 beatitudinem
495 1585 607 1650 perdidit,
624 1591 725 1644 saturam
739 1591 820 1642 tamen
836 1591 923 1656 angelis

121 1653 217 1706 similem
232 1669 278 1709 non
288 1656 372 1706 emisit.
386 1673 400 1703 »

151 1728 186 1776 id
195 1731 300 1789 quadum
311 1728 445 1791 dicendum,
453 1727 603 1792 mddnunss
613 1731 749 1790 assistentes
758 1732 836 1797 dique
846 1735 923 1788 imme-

121 1795 182 1850 diate
196 1797 274 1850 vident
284 1797 307 1848 in
316 1799 515 1858 ctedumdiviee
527 1802 647 1854 essentie:
663 1803 747 1858 otides
756 1803 831 1856 totins
843 1807 922 1870 prime

121 1869 253 1922 hierarchiae
266 1871 383 1934 proprium
398 1885 448 1922 esse
461 1871 544 1924 dieitur
557 1873 688 1927 immediate
701 1875 828 1929 illuminari
840 1875 854 1928 i
865 1880 920 1932 lieo.

121 1939 165 1992 Sed
181 1941 309 2005 superiores
328 1955 406 1997 eorum
426 1943 491 2008 plura
509 1944 639 2008 percipiunt
656 1946 724 2010 quim
744 1946 879 2008 interiores,
893 1951 922 2002 de

120 2013 203 2076 quibus
220 2012 350 2065 illuminent
367 2013 440 2077 alios3
458 2012 518 2068 simi
532 2015 602 2068 otiam
619 2015 680 2068 inter
694 2030 735 2068 eos
752 2019 793 2082 qni
810 2023 919 2074 want

119 2083 181 2146 regi,
195 2085 261 2149 ptura
275 2084 319 2136 soit
331 2085 466 2136 desereretis
477 2085 539 2148 regis
553 2101 615 2142 unus
621 2085 691 2152 quim
707 2086 775 2142 alius.

412 2229 572 2288 asmodeus
586 2229 624 2280 lv.
716 2281 733 2290 ,

188 2334 272 2378 Uirium
281 2335 361 2390 onqeti
369 2335 476 2381 meotide
485 2337 625 2381 hierarchice
635 2349 715 2386 omues
724 2338 864 2406 mitteretur.

151 2440 185 2490 id
202 2445 306 2502 quadum
324 2444 358 2494 sic
371 2445 511 2508 proceditur.
525 2445 619 2498 Videtur
637 2446 698 2510 quod
715 2448 794 2510 angeli
814 2449 919 2502 monade

120 2510 251 2561 hierarchiae
264 2525 343 2563 omnes
358 2514 483 2570 mittentur.
496 2517 578 2579 angeri
593 2516 654 2570 enirn
666 2530 746 2570 omnes
758 2519 795 2572 vel
808 2519 917 2573 assistunt

119 2580 156 2632 ret
168 2581 310 2645 ministrant,
323 2585 447 2636 secundina
457 2589 520 2650 quod
531 2589 710 2648 hahetnrzDom,
726 2590 774 2640 Vll.
786 2591 834 2642 Sed
844 2590 917 2655 angeli

118 2653 222 2707 seeauda
239 2654 373 2708 hieremiam
383 2669 431 2710 nen
443 2657 566 2723 assistunt3
577 2660 734 2713 illuminantur
747 2661 811 2720 enim
824 2675 865 2727 per
878 2675 917 2712 an·

119 2802 199 2850 nesus
212 2808 273 2850 neus
281 2836 287 2861 ,
296 2786 379 2855 noted
387 2811 497 2862 marsus
505 2814 693 2866 miseriraum,
702 2819 724 2862 u
734 2814 814 2864 aseer
830 2815 917 2864 messe

119 2869 219 2920 cmm
231 2866 507 2922 metumientem.
746 2879 749 2884 ·
