1984 3309
168 201 286 246 ouomobo
299 200 377 241 tuma
389 202 490 243 austun
502 203 652 254 manasen,
666 203 719 245 arc.
798 197 844 244 aba

51 288 134 339 sumus,
146 279 333 330 secunddmuera
340 280 492 345 philosophia
500 281 625 346 principia,
634 284 663 333 ad
671 282 844 345 intelligendum

51 348 179 401 substantias
187 352 359 405 immateriales.
370 351 428 403 cun
439 352 499 403 enim
508 356 639 406 intellectus
650 360 727 407 noster
738 360 806 407 natus
814 357 845 407 sit

51 419 171 471 abstrahere
190 422 339 485 quidditatem
355 423 388 473 rei
401 424 552 475 materialisa
567 426 675 488 materia,
687 427 708 476 si
721 427 807 478 itonam
819 427 844 477 in

50 489 82 539 illa
97 493 221 555 quiddilale
238 495 268 545 sit
280 494 365 559 aliqudd
379 494 496 559 materiae,
511 496 596 560 polerit
608 497 842 563 iteratoabs‘trabere3

50 566 70 610 et
81 562 129 614 cim
141 567 185 617 boc
196 567 221 615 iu
231 567 345 619 inlinitum
356 581 402 619 non
413 569 521 632 procedat
530 570 621 619 mndem
631 571 750 634 peruenire
762 570 846 635 peterit

51 636 73 683 ad
85 635 266 699 intelligibilium
276 640 375 703 aliquam
393 640 557 703 quidditatem,
571 656 621 705 quae
639 642 669 692 sit
687 642 780 693 omniuo
795 643 845 698 sine

50 708 143 760 maaria.
151 710 180 759 Et
189 711 235 760 lroc
244 715 280 761 est
290 710 417 774 intelligere
427 712 577 763 substantiam
585 714 769 767 immaterialem
779 716 845 773 Quod

49 779 130 839 quidem
144 782 401 845 efficaciter-diceretur,
415 782 436 833 si
449 784 583 835 substantiae
594 784 758 837 immateriales
766 791 845 837 essent

50 849 118 903 loma
134 858 158 904 et
171 854 264 918 species
277 856 358 905 barum
371 856 534 920 materialium,
544 860 570 906 ut
585 855 696 907 Platonici
708 863 842 921 posueruut.

50 922 92 971 Hoc
102 928 174 975 subm
185 940 235 977 non
247 927 336 990 posito,
352 928 392 977 sed
407 928 524 992 supposito
537 928 598 993 qudd
612 930 743 979 substantia
758 930 844 982 imma-

49 994 132 1047 teriales
143 998 190 1048 siut
204 998 301 1049 omuino
314 998 409 1063 alterius
424 999 520 1049 radonis
538 997 728 1062 aquddditatibus
739 1002 844 1053 materia·

50 1064 101 1115 lium
112 1082 195 1135 rerum,
209 1074 412 1135 quantumcunque
425 1072 557 1122 intellectus
563 1076 642 1123 noster
651 1074 766 1123 abstrahat
778 1076 844 1139 quiid-

47 1138 133 1191 ditatem
143 1142 177 1192 uei
187 1142 315 1193 materialis
323 1142 336 1192 a
344 1142 447 1207 materia,
457 1144 711 1209 nunquamperteuiret
719 1147 748 1195 ad
757 1146 843 1210 alimuid

47 1210 112 1263 simde
130 1214 266 1264 substantiae
284 1213 436 1264 immateriali.
451 1214 480 1264 Et
496 1216 547 1265 ideo
561 1230 601 1279 per
616 1217 757 1267 substantias
772 1223 844 1269 mate-

45 1281 841 1352 rialesnonpessumusperfectesubstantiasimmatcrialesintelligere.

73 1356 103 1405 ld
110 1358 212 1421 nmmum
221 1370 276 1421 ergo
284 1356 413 1422 disemum,
420 1354 481 1423 quta
490 1373 520 1409 ex
527 1360 596 1409 rebus
603 1359 757 1411 materialibus
766 1374 844 1412 asceu-

44 1427 92 1478 dcre
99 1442 224 1493 possumus
234 1430 259 1479 in
270 1430 390 1493 aliqualem
404 1430 556 1495 coguitionem
567 1431 749 1482 immaterialium
758 1446 842 1497 rerum,

44 1514 84 1550 uon
99 1504 176 1551 tamen
192 1502 334 1565 perlectam
352 1502 405 1565 quia
419 1515 465 1552 nou
478 1506 514 1553 est
528 1502 645 1553 sufficiens
658 1504 795 1568 comparatio
809 1517 844 1554 re-

42 1585 87 1621 rum
100 1572 254 1623 materialium
268 1574 297 1623 ad
310 1573 485 1638 immateriales,
496 1576 536 1625 scd
549 1574 722 1637 similitudines,
735 1575 754 1627 si
763 1590 814 1640 quae
830 1576 844 1625 t

42 1644 191 1695 materialibus
217 1644 362 1709 accipiuntur
381 1646 409 1697 ad
429 1646 588 1697 immaterialia
608 1647 844 1710 intelligenda‚·sunt

42 1714 132 1765 ruullium
144 1715 282 1780 dissimiles,
297 1720 325 1767 ut
339 1718 460 1782 Dionysius
478 1718 546 1781 dicit,
561 1720 591 1768 ll.
608 1718 667 1769 Coel.
686 1718 811 1784 laicamrcb.

69 1789 100 1837 ild
123 1788 252 1841 secuudum
272 1786 407 1851 dicendum,
429 1790 489 1853 qubd
509 1792 537 1841 de
558 1790 713 1854 superioribus
734 1792 801 1841 rebus
818 1792 843 1840 iu

41 1860 139 1911 scientiis
152 1860 255 1911 maxime
267 1864 377 1912 tractatur
386 1874 427 1926 per
439 1861 500 1911 uiam
511 1861 652 1913 remotionis.
669 1863 708 1911 Sic
721 1863 782 1912 enim
794 1877 844 1913 cor-

41 1946 89 1990 uom
104 1932 210 1982 coelestia
220 1932 324 1983 uolilicat
337 1933 470 1983 Aristoteles
486 1932 574 1997 (libll
594 1934 631 1982 De
644 1933 716 1990 emto,
732 1937 842 1997 tertii,

41 2006 65 2051 lt
76 2009 99 2055 el
107 2008 140 2059 tit
150 2007 170 2068 ),
180 2018 223 2068 per
232 2004 380 2068 negationem
390 2005 554 2069 proprietatum
562 2005 697 2055 inieriomm
711 2019 840 2068 corporum.

40 2075 97 2129 Unde
117 2074 191 2127 multd
207 2076 283 2143 magis
299 2076 458 2127 immateriales
472 2071 632 2128 substantiata
649 2077 715 2127 uubis
732 2078 841 2139 cognosci

39 2160 77 2198 ucu
88 2152 198 2215 possunt,
210 2153 236 2198 ut
247 2162 324 2199 earum
339 2148 475 2211 quidditatos
490 2150 700 2218 apprehendamus3
714 2150 754 2198 sed
766 2150 794 2199 de
808 2148 841 2202 eis

40 2220 98 2271 uobis
118 2221 143 2270 in
159 2220 267 2281 scientiis
291 2220 426 2273 documenta
442 2222 563 2286 traduntur
579 2234 620 2284 per
632 2220 695 2289 riam
710 2220 842 2271 remotionis

39 2296 58 2339 et
74 2292 177 2357 alicujus
193 2292 334 2345 habitudinis
350 2294 378 2344 ad
393 2306 429 2343 res
442 2292 581 2345 materiales.

64 2366 96 2417 lld
111 2363 208 2416 tertium
220 2363 349 2429 dicendum,
360 2364 421 2429 qubd
431 2368 507 2415 anima
517 2367 617 2417 humana
625 2363 733 2427 iutelligit
742 2364 842 2429 seipsam

39 2447 72 2495 ruer
84 2451 156 2488 suum
174 2435 332 2500 intelit'qere,
344 2438 404 2500 quod
419 2440 454 2487 est
467 2436 722 2502 insusurrantisque,
737 2438 841 2503 petfecld

39 2507 196 2559 demonstrans
214 2506 323 2557 virtutem
341 2509 391 2573 ejus
409 2513 432 2557 et
451 2512 564 2560 naturam.
584 2508 629 2559 Sed
645 2523 721 2576 raeque
741 2524 783 2573 per
799 2512 843 2561 troc

40 2588 103 2642 teque
121 2594 164 2645 per
179 2578 285 2641 aliaque
299 2579 324 2628 iu
336 2580 402 2629 rebus
412 2580 564 2631 materialibus
575 2579 730 2643 inueniuntur,
741 2582 843 2647 persecat

41 2651 141 2711 cognosci
153 2654 235 2715 polest
249 2650 435 2702 immaterialium
447 2651 625 2701 substantiarum
635 2652 709 2703 uirtus
717 2658 741 2704 et
752 2656 841 2717 natura;

39 2721 83 2778 quia
92 2720 232 2787 hujusmodi
245 2735 292 2771 uon
307 2722 426 2787 adaequant
437 2736 514 2773 earum
527 2722 629 2777 uirtutes.

65 2795 95 2844 lld
105 2797 218 2861 quartum
229 2792 361 2857 duculum,
373 2792 433 2857 qubd
443 2795 578 2845 substantie
590 2794 751 2848 immateriales
759 2801 841 2848 creata

41 2860 59 2909 ll
75 2880 158 2929 genere
181 2866 276 2931 quidem
295 2864 395 2915 naturali
412 2878 459 2917 uou
482 2866 622 2917 conueniunt
642 2882 693 2918 cum
711 2866 843 2920 substantiis

41 2939 204 3007 mabriallbus,
217 2936 334 3005 quianon
349 2940 383 2991 est
396 2936 420 2991 iu
429 2936 463 2993 eis
476 2938 558 2991 eadem
569 2941 628 2992 mtto
636 2942 745 3007 petridae
758 2944 781 2991 et
796 2953 843 2994 ma-

704 3042 731 3088 9.
