1984 3309
139 187 170 224 us
181 186 258 226 sruru
270 188 299 224 su
311 187 456 227 uonnrrrorm
467 187 535 226 rurrrr
550 187 667 237 normis,
680 189 734 228 erc.
793 181 838 228 til

45 263 204 327 nomssamum3
215 265 256 316 sed
265 265 333 316 simul
346 266 372 315 in
383 266 509 326 ellectibus,
519 264 634 330 precipui
643 264 838 334 intelligibilibus,

46 350 82 385 suo
94 336 161 386 modo
174 336 251 387 Deum
263 337 422 400 cognoscebat.
436 337 546 387 Similiter
562 336 631 387 etiam
645 340 680 388 ost
694 337 840 390 consideran·

45 408 165 472 domquod
181 409 313 460 obscuritas
327 422 378 473 quc
388 408 524 474 importatur
542 408 566 458 in
584 407 676 459 nornine
696 409 840 475 enigmatis,

45 479 157 542 dupliciter
172 484 249 544 potest
262 480 346 544 accipi.
361 480 411 530 lino
424 481 505 542 modo,
519 477 647 554 socundbm
657 483 717 544 quod
735 483 843 546 quelibet

46 555 142 602 creatura
159 556 196 602 est
205 552 319 615 quoddam
333 551 473 616 obscurum,
485 551 505 602 si
518 555 660 616 comparetur
673 554 702 603 ad
723 554 842 605 immensi·

46 626 107 672 bum
115 623 202 675 diviua
211 623 332 687 claritnliu
340 627 364 674 ct
373 622 407 673 sio
415 624 486 674 ldaru
494 623 585 674 uidebat
596 624 670 674 licum
677 625 702 674 in
712 626 842 689 enigmate,

46 694 91 757 qnia
108 695 202 746 uidebat
216 695 291 744 Deum
306 708 349 757 per
360 693 468 744 ellectum
486 697 596 744 creatum.
617 695 667 746 lllio
681 697 748 746 modo
766 701 843 760 potest

46 766 110 830 arripi
124 765 254 817 obscuritas
264 779 316 829 qilae
328 769 450 816 consecute
469 769 505 816 est
517 769 665 830 expectato,
678 771 744 830 prout
756 767 843 819 scilcet

46 836 161 901 inpeditur
170 840 240 888 bomo
251 837 265 887 l
274 836 453 888 consideratione
460 837 639 899 intelligibilium
649 851 690 903 per
701 838 843 889 sensibilium

47 910 224 975 occupationem
235 913 259 959 et
271 907 396 959 secundim
407 909 451 958 boc
464 921 511 958 uon
522 907 579 958 vidit
589 909 660 960 libum
672 909 697 959 ln
710 909 841 973 enigmate.

338 1060 497 1110 demontus
512 1060 542 1110 ΙΙ.

73 1178 153 1224 illo-rim
163 1169 249 1224 Acium
262 1178 289 1222 iro
299 1180 367 1222 stolo
379 1176 519 1285 inogcerziire
533 1177 630 1234 angelos
637 1189 681 1234 per
691 1177 817 1222 cusculium

393 1252 417 1284 vr
435 1253 489 1284 err.

72 1360 242 1412 Adserundnm
250 1358 283 1408 sic
296 1358 426 1422 proceditur
434 1357 477 1424 (l).
485 1358 581 1408 llidelnr
589 1356 652 1421 quiid
665 1355 770 1406 ldamin
781 1361 844 1407 statu

49 1429 177 1484 inocente
187 1430 282 1494 angelos
290 1443 332 1494 per
340 1430 462 1480 cusculium
472 1429 562 1479 uiderit.
574 1427 637 1477 Dicit
648 1427 710 1476 enini
723 1427 846 1491 Gregorius

50 1501 67 1548 in
76 1504 113 1553 lv.
123 1503 231 1567 Dioiog.
242 1501 303 1566 (mp.
315 1502 337 1564 1)
352 1516 357 1548 :
370 1503 418 1550 uln
426 1502 531 1565 paradiso
541 1499 625 1564 quippe
637 1503 767 1549 assueverat
775 1499 847 1549 lrorno

49 1575 109 1625 urbo
121 1574 164 1624 liei
175 1573 264 1638 pertrui
275 1607 282 1630 ‚
292 1573 401 1622 bonorum
414 1571 546 1635 angelornm
557 1570 682 1635 spiritibus,
691 1569 765 1620 cordis
777 1581 848 1619 nnun'-

49 1643 97 1694 ditir
107 1649 131 1695 ct
141 1644 281 1696 celsitudine
296 1642 399 1704 visionis,
414 1642 535 1693 interesse.
549 1659 562 1689 u

75 1720 96 1764 t.
105 1717 231 1774 Praeterea,
240 1713 349 1764 animuin
359 1717 419 1764 matu
430 1714 545 1778 prasenti,
555 1713 679 1778 impeditur
693 1713 706 1763 l
716 1712 846 1777 cognitione

49 1787 222 1838 ubstantiarum
236 1789 392 1850 separatarum
404 1799 434 1836 er
444 1787 488 1835 boc
501 1786 561 1848 quod
571 1789 607 1836 ost
621 1785 686 1836 uuila
695 1785 784 1850 corpori
794 1797 844 1836 eor-

52 1859 155 1922 mptibili‚
166 1859 230 1924 quod
244 1861 354 1921 aggravat
366 1857 483 1917 animam,
502 1860 528 1906 ut
540 1856 622 1907 dicitnr
635 1858 705 1920 Sep,
724 1857 763 1907 Ill.
781 1856 846 1907 Unde

52 1934 71 1978 et
81 1931 156 1981 eninm
165 1934 272 1994 separata
282 1929 419 1980 substantias
429 1932 545 1992 separatas
556 1929 633 1980 uidere
643 1931 727 1992 potest,
736 1931 763 1977 ut
776 1926 844 1992 snprdr

51 2000 127 2052 dictum
139 2006 179 2054 est
197 2002 256 2066 (qn.
271 2007 316 2063 89,
331 2007 373 2050 ert.
389 2000 431 2065 b).
446 2000 492 2050 sed
510 2000 585 2050 anima
600 1999 668 2063 primi
680 1999 780 2051 hominis
798 2010 844 2049 uon

52 2075 211 2134 aggravabatur
222 2072 237 2123 i
249 2087 355 2137 corpore,
367 2071 418 2123 cim
432 2085 479 2122 non
492 2075 554 2122 esset
566 2071 718 2136 cormptibllc.
733 2071 792 2134 ldrgo
803 2082 846 2133 po-

52 2145 103 2196 terat
113 2146 195 2197 videre
206 2143 347 2195 mbstantius
360 2147 485 2208 separatus.

80 2219 99 2265 t.
112 2219 289 2279 inmisceamur
299 2214 425 2266 subsuntit
435 2217 538 2278 separata
547 2211 664 2276 cognoscit
672 2212 741 2261 uliam
753 2225 848 2277 cognos-

53 2287 118 2338 cendo
134 2288 252 2353 seipsam,
267 2289 293 2336 ut
304 2287 386 2337 dicitur
403 2285 429 2335 in
449 2286 491 2336 lib.
511 2286 539 2336 de
557 2283 631 2336 causis
647 2283 692 2349 (t).
711 2283 755 2334 Sed
771 2283 847 2334 anima

83 2414 110 2477 (l)
125 2421 158 2464 lic
172 2417 291 2463 bisetium
304 2417 328 2460 in
343 2417 379 2474 11,
393 2415 472 2466 Soet„
485 2415 539 2462 dist.
560 2414 591 2460 23
600 2427 657 2474 ,‚qu.
674 2413 702 2472 2,
718 2419 762 2459 nrt.
779 2413 806 2468 l;
822 2420 847 2462 ol

54 2488 89 2532 qu.
102 2479 140 2540 18,
151 2481 180 2526 de
191 2479 270 2532 uerit..
285 2484 329 2526 art.
341 2477 365 2524 5.

82 2548 111 2611 (ἢ)
127 2553 165 2597 Sic
174 2552 237 2598 enlm
252 2551 298 2609 lbi,
313 2550 427 2607 proposit.
439 2548 470 2593 ta
481 2565 487 2593 ι
499 2549 584 2594 omnir
598 2548 764 2605 intelligeretis
777 2547 850 2594 inlel-

55 2611 105 2668 ligit
116 2615 247 2660 amrium
258 2626 328 2658 auom
339 2631 346 2656 .-
360 2612 423 2670 puod
432 2616 480 2662 ert,
489 2612 550 2668 guia
563 2611 699 2656 incitemur
710 2615 731 2656 et
741 2611 850 2657 intellec·

56 2678 101 2718 tem
111 2683 169 2722 ml
182 2677 268 2722 metm.
285 2676 346 2721 Girsu
360 2678 426 2720 euim
442 2675 608 2732 intelligentia
621 2678 654 2719 erl
668 2674 818 2719 intellectum
832 2677 854 2718 sl

56 2737 208 2796 imettigm,
222 2744 281 2784 turne
299 2738 390 2796 pecul
406 2737 481 2782 dubio
496 2737 565 2781 uidet
584 2738 709 2782 ementium
723 2747 802 2780 auum.
822 2735 853 2780 lit

57 2801 147 2853 quomo
162 2802 229 2848 videt
246 2803 373 2847 neonium
385 2813 469 2850 auom,
483 2801 530 2844 scil
543 2802 564 2844 et
580 2799 699 2858 iutelligit
708 2809 756 2856 per
775 2796 851 2844 iutel-

58 2860 179 2918 ligustium
193 2877 274 2911 suum.
288 2862 319 2909 iit
333 2863 430 2921 pundo
442 2864 488 2908 ecit
499 2863 623 2908 esrsotioor
637 2873 721 2911 ruem,
734 2861 781 2906 coil
792 2857 853 2904 reli·

59 2935 112 2978 oser
125 2940 164 2973 rer
179 2940 233 2986 psus
244 2931 304 2973 rust
319 2925 364 2971 rrtb
377 2939 419 2977 eu,
432 2926 549 2984 quondm
559 2930 616 2971 cust
629 2937 660 2970 eu·
675 2937 716 2984 eu,
731 2927 775 2970 eto.
790 2923 853 2966 lutor
