1984 3309
135 199 169 235 mr
185 194 270 235 cm
285 194 428 235 mmm
441 194 566 247 πωπω,
581 195 758 238 commuue.
801 192 849 241 stu

41 273 94 338 quir
109 274 137 325 id
150 274 213 339 quod
229 273 301 323 babet
312 276 365 323 ectu
378 273 488 337 formum,
501 273 616 325 interdum
628 288 676 327 nou
688 278 765 341 potest
782 290 851 343 agere

42 347 169 397 secuudum
181 345 278 397 formum
295 348 389 410 propter
402 344 493 408 aliquod
506 344 710 410 impedimentum,
727 348 784 400 siem
796 349 849 402 lere

42 419 60 467 si
73 419 217 483 impediatur
231 430 321 468 sursum
333 416 402 476 lerri;
413 419 506 481 proptor
517 418 562 468 lucc
574 419 638 470 Pluto
651 420 728 484 posuit
739 422 799 486 quod
811 423 848 473 iu-

42 492 147 541 mllectus
171 489 275 540 bominis
294 488 429 540 naturaliter
448 492 484 539 ost
505 489 587 553 plenus
603 492 707 543 omuibus
732 494 850 558 speciebus

42 561 239 627 intelligibilibus,
254 562 296 612 sed
308 573 351 625 per
363 560 472 611 unionem
484 560 585 625 corporis
597 562 719 627 impeditur
733 578 763 616 ue
776 567 850 631 possit

42 633 65 682 iu
83 638 162 685 ectum
177 632 253 683 exire.
275 632 321 683 Sed
338 633 383 682 boc
400 645 447 682 uon
463 632 555 683 uidetur
570 634 736 686 convenienter
752 636 847 689 dictum.

43 705 115 757 Primb
134 703 248 770 quidem,
261 702 316 768 quia
328 703 349 753 si
361 704 431 754 babet
444 704 519 755 animo
541 706 666 757 naturalem
682 706 786 757 notitiam
799 721 849 759 om·

44 776 119 838 rium,
132 791 183 829 non
194 775 351 826 videturesse
365 774 473 838 possibile
488 775 549 840 qubd
561 776 631 840 hujus
640 776 749 831 nutumlis
760 780 848 833 notitior

45 851 125 898 unium
135 846 283 899 obliuionem
294 845 380 911 cupiat,
389 845 450 909 qubd
458 847 545 897 nesciat
554 860 579 897 se
589 847 721 913 hujusmodi
730 850 847 903 scientium

47 921 131 972 babere.
148 921 237 972 Nullus
248 919 311 971 euim
321 920 390 970 bomo
402 918 545 970 obliviscitur
557 933 584 971 eu
594 934 647 984 que
661 920 794 974 naturaliter
808 936 848 974 co·

48 993 143 1053 gnoscit,
157 992 221 1043 sicud
236 990 299 1055 qubd
308 1008 323 1039 u
338 1004 407 1041 omne
422 993 496 1041 totum
514 991 545 1043 sit
561 991 635 1056 majus
650 1006 691 1043 suu
708 997 781 1057 parto,
794 1010 809 1043 u
823 1000 848 1047 ct

48 1063 91 1112 ulis
104 1063 250 1129 huiusmodi.
271 1062 385 1127 Praedpub
401 1066 478 1113 autem
497 1063 542 1113 boc
561 1062 651 1115 uidetur
670 1078 721 1117 esse
739 1066 848 1118 inconve-

47 1134 263 1201 disrumpentibus
274 1148 326 1185 csse
337 1134 420 1185 auimae
433 1136 537 1185 mimate
550 1135 639 1201 corpori
651 1136 712 1187 uniri
723 1176 730 1199 ,
741 1140 767 1188 ut
780 1152 849 1203 supra

47 1206 142 1258 babitum
153 1212 194 1260 esi
205 1206 257 1271 (qn.
270 1211 314 1270 76,
324 1210 368 1257 art.
381 1205 416 1270 t).
429 1207 596 1259 inconveniens
607 1208 669 1259 enim
678 1213 721 1272 est,
735 1210 795 1274 quod
809 1224 849 1263 nu-

46 1280 118 1331 turalis
129 1278 240 1345 operatio
255 1278 291 1328 rei
309 1277 410 1329 tctabter
423 1277 561 1343 impediatur
579 1293 620 1345 per
633 1281 657 1330 id
670 1280 732 1345 quod
752 1284 787 1333 est
806 1281 850 1333 sibi

46 1354 167 1405 secuudum
184 1354 305 1401 naturam.
321 1348 427 1400 Sccuudb
446 1350 567 1402 minifestb
584 1356 679 1417 apparet
699 1352 769 1417 brius
783 1352 850 1418 posi·

45 1421 108 1474 tionis
115 1424 256 1487 talsitus,ex
264 1419 310 1472 boe
316 1421 378 1484 quod
386 1421 506 1472 deicicnte
516 1422 591 1487 aliquo
601 1436 679 1486 seusu,
690 1422 767 1475 delicit
776 1423 850 1477 scien·

45 1495 72 1543 tia
81 1508 162 1547 eorum
174 1508 229 1559 que
242 1493 446 1557 apprehenduntur
455 1494 582 1545 secuudum
594 1494 657 1545 illum
669 1508 775 1559 sensum3
791 1495 849 1547 sicut

43 1581 111 1618 cneus
125 1564 299 1619 natusnullum
309 1568 387 1629 potest
400 1566 484 1616 babere
493 1565 598 1616 notitiam
607 1567 635 1617 de
649 1566 770 1617 coloribus.
786 1568 849 1626 Quod

43 1653 85 1688 uou
96 1644 175 1711 emet,
191 1638 212 1689 si
227 1636 358 1689 intellectui
371 1637 454 1690 auimo
467 1641 543 1689 emunt
561 1638 692 1690 naturaliter
708 1637 787 1691 indite
800 1653 849 1691 om·

43 1711 101 1763 nium
122 1709 311 1773 intelligibilium
331 1709 439 1760 mlieres.
462 1711 491 1760 Et
510 1710 562 1761 ideo
582 1709 701 1762 denudum
721 1714 772 1773 est,
788 1711 849 1777 qudd

44 1785 112 1835 mima
125 1798 177 1837 uon
190 1781 309 1847 mgnosrit
322 1781 447 1845 corporalia
459 1794 501 1847 per
512 1781 598 1847 species
609 1783 742 1839 naturaliter
752 1783 846 1835 inditus.

70 1858 102 1907 ld
123 1856 229 1922 primum
245 1868 301 1919 ergo
317 1853 458 1916 dicendum,
473 1854 535 1919 qubd
547 1856 616 1906 bom'o
632 1856 724 1919 quidem
739 1856 848 1907 nouveuit

44 1941 90 1978 cum
101 1929 198 1993 angelis
209 1928 235 1977 iu
248 1925 412 1988 intelligendo,
426 1925 502 1976 deicit
514 1930 591 1977 tumen
604 1926 633 1977 ab
643 1927 768 1979 eminentia
781 1927 848 1979 inlel-

44 2000 110 2051 lectur
120 2012 221 2062 eorum;
236 1996 298 2048 sicut
308 2001 332 2047 el
345 2008 439 2059 corpora
452 1996 573 2058 interiora,
582 2010 633 2061 qun
640 2001 729 2049 tantum
737 1999 847 2062 emotum,

43 2074 167 2124 secuudum
182 2069 329 2133 Gorgonum,
342 2068 451 2119 deliciunt
462 2069 491 2118 ab
505 2069 628 2119 existentia
644 2070 786 2134 superiorum
799 2084 849 2120 cor-

44 2158 127 2206 porum.
143 2146 208 2196 Nam
224 2141 320 2193 materia
336 2140 471 2191 interiorum
483 2154 603 2205 corporum
621 2154 668 2192 non
685 2145 721 2193 est
736 2143 849 2209 complete

45 2218 138 2269 cialiter
157 2229 204 2281 per
219 2215 318 2265 tormnm
325 2250 334 2276 ‚
348 2212 390 2264 sed
402 2217 437 2263 eet
449 2214 473 2263 in
486 2213 589 2277 potentia
603 2214 631 2263 od
643 2214 727 2265 termus
735 2227 790 2277 ques
802 2228 849 2266 nou

45 2289 106 2339 babet
119 2306 127 2354 ;
139 2285 242 2339 materia
256 2290 334 2336 autem
347 2284 471 2335 coelestium
485 2296 604 2349 corporum
619 2289 657 2337 ost
669 2285 769 2335 totaliter
785 2300 848 2337 com-

45 2361 100 2419 pleta
111 2372 156 2425 per
168 2361 282 2417 formam,
292 2357 327 2407 iia
344 2357 404 2420 quod
421 2362 515 2408 nonest
527 2357 551 2405 in
563 2357 665 2421 potentio
680 2357 708 2406 od
722 2357 789 2409 alium
802 2358 849 2409 lor-

46 2446 112 2496 mam,
128 2437 156 2483 ut
168 2430 239 2496 cupri
249 2430 353 2481 habitum
363 2432 399 2479 est
409 2429 458 2494 (qu.
470 2434 509 2492 66,
524 2433 568 2478 art.
579 2428 614 2491 t).
629 2430 658 2479 Et
667 2428 771 2481 similiter
783 2429 849 2480 inlel-

46 2503 113 2556 lectus
124 2502 207 2568 angeli
216 2505 253 2552 est
265 2502 382 2567 perlectus
391 2514 433 2564 per
444 2500 533 2566 species
545 2500 713 2564 intelligibiles,
725 2502 848 2553 secundum

47 2588 104 2625 mum
121 2580 244 2637 naturam3
260 2573 392 2623 intellectus
403 2575 479 2622 autem
493 2573 607 2623 humanus
619 2575 655 2622 est
666 2571 691 2623 in
703 2572 805 2638 potentia
819 2574 848 2624 nd

48 2647 173 2710 hujusmodi
187 2646 288 2711 species
307 2658 311 2663 ’

74 2720 107 2771 ud
116 2721 248 2771 secundum
258 2717 390 2779 dicendum,
398 2716 458 2779 quod
469 2716 565 2766 materia
573 2716 646 2780 primu
657 2717 725 2767 habet
733 2725 783 2766 eruc
794 2717 848 2767 sub·

49 2791 149 2842 scutale
171 2805 215 2857 per
232 2790 345 2852 formam,
365 2792 389 2838 et
404 2788 456 2838 ideo
475 2786 575 2851 oportuit
596 2788 656 2852 quod
673 2791 787 2838 crearetur
806 2787 847 2837 sub

49 2861 118 2924 olium
128 2864 217 2925 torma,
225 2859 330 2924 alioquin
340 2870 387 2909 non
399 2863 457 2910 essm
470 2858 494 2908 in
507 2862 570 2923 uetu3
582 2860 622 2909 sub
635 2872 681 2910 uua
691 2862 767 2909 tumen
776 2859 848 2909 torma

51 2930 156 2998 omum,
166 2938 203 2986 cet
215 2933 240 2985 iu
253 2929 361 2997 potentio
372 2931 401 2981 ad
412 2929 475 2981 alias.
490 2930 620 2983 intellectus
633 2934 710 2983 cutum
720 2944 766 2983 non
778 2930 848 2981 habet
