1984 3309
139 195 184 248 tae
325 205 386 250 rats
402 205 425 262 i,
439 205 531 258 εεεεεε.
546 207 626 264 xcvii,
641 213 697 252 aar.
712 207 749 252 ui.

430 371 592 424 andiendus
605 372 647 424 111.

223 486 310 532 Uirium
318 469 387 533 bonao
396 488 423 533 in
431 492 499 533 ateio
511 489 650 535 innocentio
660 488 782 548 indigebat
795 489 859 548 cibis.

170 607 204 658 bd
217 605 311 658 ocium
324 607 359 659 sic
372 608 502 672 proceditur
512 609 556 674 (1).
572 608 667 660 Videtur
681 605 743 674 qubd
755 609 825 660 homo
840 607 866 658 in
879 609 934 658 stato

138 679 279 731 innocentia
296 695 343 732 non
354 681 473 745 indigebat
491 681 556 732 cibis.
576 682 645 732 Cibus
663 681 723 732 enim
743 681 887 732 necessarius
904 681 935 730 εει

139 752 228 803 bomini
238 755 266 804 ad
274 754 464 805 restaurationem
475 753 595 818 deperditi.
611 754 657 804 Sed
670 753 694 803 in
705 767 799 818 corpore
812 755 868 804 bdar
878 753 934 804 nulia

139 825 207 874 tiebat
223 826 363 891 deperditio,
381 827 436 890 quia
448 825 621 891 incorruptibile
637 829 694 877 erat.
714 826 772 888 Ergo
792 839 841 876 non
858 829 905 876 erat
916 823 935 874 ei

141 893 206 947 cibos
219 898 369 949 necessarius.

171 973 195 1018 1.
210 970 339 1034 Preterea,
350 971 413 1021 cibus
425 975 460 1022 est
471 965 615 1022 necessarius
628 971 658 1022 ad
673 970 831 1024 nutriendum.
845 971 890 1024 Sed
900 983 937 1020 nu·

138 1039 203 1089 tuitio
216 1053 263 1092 non
277 1045 312 1093 est
326 1041 376 1092 sine
391 1041 580 1106 passionaticos
598 1055 653 1107 ergo
663 1055 748 1107 corpus
765 1043 868 1096 bominis
883 1045 938 1096 εεεει

139 1111 294 1177 impassibile,
305 1128 353 1165 non
362 1118 412 1164 erat
422 1113 446 1164 ei
456 1114 521 1165 cibus
530 1115 683 1180 necessarius,
695 1119 721 1165 ut
731 1115 829 1166 uidetur.

172 1189 195 1235 t.
211 1187 338 1250 praterea,
351 1187 416 1237 mbos
432 1187 514 1238 dicitur
530 1200 581 1238 εεεε
594 1187 661 1238 nobis
679 1188 823 1238 necessarius
839 1189 870 1240 ad
889 1188 937 1238 rita

139 1255 342 1307 conservationem.
363 1258 407 1308 Sed
424 1259 496 1308 uidam
514 1258 579 1309 aliter
596 1258 668 1310 εὶιεεε
682 1262 772 1324 poterat
791 1273 939 1323 conseruare,

139 1329 193 1392 quia
206 1329 227 1379 si
242 1343 288 1380 non
301 1332 422 1393 peccaret,
434 1343 481 1380 non
494 1333 627 1380 moreretur.
640 1330 701 1394 Ergo
715 1331 781 1381 cibus
795 1344 843 1382 non
862 1337 909 1383 erat
922 1330 942 1381 ei

139 1402 291 1452 necessarius.

172 1474 378 1535 casaemarii
397 1475 549 1540 sumptionem
566 1474 611 1524 cibi
629 1474 731 1538 sequitur
750 1474 846 1526 emissio
864 1489 940 1543 snper-

37 1561 42 1568 ·
140 1545 267 1610 iubatum,
284 1559 335 1610 qna
353 1545 438 1596 babent
456 1547 577 1609 qnamdam
600 1546 762 1611 turpitudinem
785 1561 832 1599 non
858 1561 940 1600 conue-

140 1617 242 1667 nientem
263 1617 368 1681 dignitati
386 1617 455 1681 primi
474 1621 555 1669 status.
570 1618 630 1681 Ergo
647 1618 738 1669 uidetur
750 1620 808 1684 qnbd
829 1623 901 1673 bomo
918 1622 940 1670 iu

139 1687 213 1750 primo
224 1690 285 1737 statu
298 1687 354 1737 cibis
366 1701 414 1738 non
427 1692 538 1739 uteretur.

171 1759 215 1809 Sed
228 1763 307 1809 contra
317 1763 366 1822 εει,
377 1761 437 1824 quod
449 1762 530 1812 dieitur
540 1763 611 1820 Gen..
623 1764 660 1814 11:
673 1779 687 1811 ε
695 1765 727 1814 be
737 1764 874 1830 omniligno
884 1765 941 1832 quod

140 1833 176 1880 est
188 1830 213 1879 in
225 1832 328 1894 paradiso
341 1833 472 1883 comedetis.
486 1850 501 1880 ε

171 1903 330 1966 (Coucuosro.
339 1905 449 1954 —iiomo
457 1905 482 1954 in
492 1908 553 1955 statu
562 1905 698 1957 innocentie
707 1905 758 1957 oiim
770 1907 824 1958 ritae
836 1909 940 1960 animalis

141 1977 214 2033 esset,
230 1974 286 2024 cibis
302 1975 431 2039 indigebat;
450 1975 480 2026 iis
492 1979 570 2026 tamen
590 1981 644 2041 post
663 1977 874 2043 resurrectionem,
891 1981 940 2029 rite

141 2045 266 2110 spiritualis
280 2048 396 2110 existens,
409 2061 456 2097 non
471 2048 569 2112 egebit.)

172 2120 306 2183 Respondeo
316 2119 434 2170 dicendam
443 2159 449 2181 ,
458 2120 519 2184 quod
528 2121 597 2171 bomo
606 2121 631 2170 in
641 2121 701 2171 statu
710 2120 850 2173 innocentior
862 2124 941 2175 babuit

140 2191 210 2241 uitam
230 2192 352 2242 animalem
369 2190 426 2241 cibis
442 2191 599 2257 indigentem3
614 2196 665 2257 post
684 2193 876 2245 resurrectionem
890 2194 942 2246 verb

141 2262 235 2312 babebit
244 2264 315 2313 uitam
329 2261 470 2327 spiritualem
479 2264 536 2314 cibis
547 2277 593 2314 non
602 2264 751 2328 indigentem.
762 2265 799 2314 Ad
808 2267 878 2330 cujus
891 2268 942 2318 eui-

142 2333 241 2384 dentiam
255 2335 443 2386 considerandum
453 2339 503 2399 est,
515 2335 577 2400 pubd
587 2338 664 2386 anima
676 2337 801 2400 rationalis,
815 2342 839 2388 ει
855 2343 941 2390 animo

142 2410 178 2456 est
195 2411 219 2457 et
232 2409 351 2470 spirituc.
366 2407 453 2458 Dicitur
469 2413 546 2458 autem
560 2421 610 2460 esse
628 2410 734 2469 animo,
749 2411 875 2461 secundum
890 2409 943 2462 blod
981 2459 982 2462 ,

142 2479 202 2542 quod
213 2484 249 2528 est
260 2478 304 2529 sibi
320 2492 440 2529 coimmune
454 2483 477 2529 et
488 2480 538 2530 aliis
550 2481 681 2543 animabus,
692 2481 753 2545 qnod
764 2485 798 2530 εει
812 2482 885 2533 uitam
897 2497 944 2534 cor·

143 2551 193 2614 pori
202 2551 263 2600 darc.
275 2552 339 2602 Unde
349 2553 431 2602 dicitur
441 2553 512 2611 Gora,
521 2553 541 2602 11
553 2569 558 2601 z
569 2570 582 2600 ε
593 2554 676 2603 Factus
685 2557 720 2602 cst
731 2554 799 2603 bomo
809 2553 834 2602 in
845 2555 942 2604 animani
981 2585 982 2622 ε

143 2622 269 2686 uirentem,
279 2634 294 2669 o
302 2623 325 2673 id
335 2628 379 2687 est,
390 2624 460 2673 vitain
470 2623 560 2688 corpori
570 2624 670 2673 dantem.
680 2624 723 2673 Sed
737 2625 850 2688 spiritus
862 2626 943 2676 dieitur
981 2623 982 2628 ’

144 2695 267 2745 secrurdnm
283 2695 337 2745 illud
351 2699 410 2758 qnod
421 2699 456 2745 est
467 2695 584 2760 proprium
596 2695 647 2758 sibi,
659 2699 681 2747 et
692 2709 736 2746 non
749 2693 799 2746 aliis
811 2697 941 2760 accinimus,
981 2731 982 2738 ε

178 2831 208 2895 (1)
224 2837 256 2878 be
268 2833 304 2878 his
316 2833 386 2878 etium
395 2835 419 2879 in
430 2835 452 2879 11
462 2835 554 2894 ,δεειυ
566 2833 619 2878 dist.
633 2833 676 2892 19,
690 2839 733 2879 art.
747 2833 762 2877 2
774 2833 803 2880 ad
819 2833 868 2881 iet
880 2835 907 2881 ud
916 2834 938 2886 3;
981 2825 982 2830 ’

144 2899 268 3017 {goffia
277 2897 356 2946 Gemi„
366 2896 407 2942 lib.
422 2898 467 2957 iv,
480 2909 532 2953 cap.
545 2897 575 2942 82
583 2930 588 2957 ,
597 2897 642 2944 col.
655 2895 669 2940 5
680 2902 704 2942 et
714 2896 742 2952 9;
753 2901 777 2941 ει
789 2897 939 2956 ΟρυεεῌῘΠ,
