1984 3309
299 167 331 204 cs
345 165 457 206 tremens
473 166 628 208 messurus.
818 159 863 208 sps

62 243 167 307 questum
179 239 393 302 dumsmiuistoric
401 254 443 306 per
450 241 629 296 interioressm
639 243 779 298 comumnes
788 246 864 308 enneli

60 313 110 366 siut
121 313 261 376 inmotam,
273 316 299 364 nt
308 312 377 377 suprb
385 313 514 364 dictumest
528 313 577 377 (qu.
590 317 650 379 ¹08,
663 319 707 366 art.
720 315 756 380 u),
767 316 863 380 quilibet

60 385 159 447 augelus
170 383 242 435 babet
256 383 388 443 inferiorem
398 385 503 447 angelum
513 389 594 448 preter
607 387 720 439 ultimum.
732 387 792 450 Ergo
801 387 863 440 sotus

61 454 156 508 ultimus
165 455 265 518 augetis
277 455 404 507 mitteretur
414 457 439 506 in
453 455 613 517 ministerium.
626 457 689 516 Quod
702 462 738 508 est
747 462 827 508 contra
839 459 863 510 id

60 528 122 591 qnod
136 525 221 577 buitur
230 527 307 583 Duo,
320 527 378 576 vn:
392 544 406 574 «
416 528 484 577 numa
495 527 590 580 suillium
607 527 767 582 ministrabunt
775 529 830 580 eiu
849 561 853 569 -

90 598 138 648 Sed
151 601 233 648 contra
247 600 294 660 esi,
312 598 372 661 qnod
391 598 512 662 Gregorius
529 598 598 661 dicit,
608 599 709 652 reterens
726 601 862 652 sententium

58 666 164 732 Dionysii
179 666 346 731 :oSupen'rua
360 667 456 732 agmine.
469 682 535 720 usum
549 667 669 726 exterioris
687 669 809 722 ministerii
822 685 863 724 ue-

58 738 306 802 murmurabant.»
592 783 595 792 ,

92 809 380 874 (commossem-,dogm
396 810 515 864 interiores
531 810 619 862 tnutbm
634 811 756 866 mittuntur
769 813 796 866 de
811 814 862 878 tege

68 880 199 943 cummuni,
214 881 343 944 superiores
356 880 410 934 verb
423 895 452 934 ex
466 881 544 934 divim
558 883 752 946 dispensatione.)

92 953 230 1017 despondeo
250 951 466 1016 dicendum,un
486 953 546 1004 sicut
569 966 598 1004 ex
619 953 688 1018 suprb
709 954 783 1006 dictis
800 961 863 1020 putet

61 1023 116 1087 (uu.
133 1027 195 1086 tro,
210 1027 253 1073 tri.
271 1025 315 1086 1),
327 1024 373 1074 boc
385 1024 455 1073 bibet
467 1025 523 1073 ordo
537 1023 619 1076 divine
638 1025 799 1089 providentie,
817 1041 863 1080 non

59 1093 135 1146 sotium
148 1094 175 1144 iu
187 1093 288 1157 augelis,
302 1094 344 1146 sed
356 1093 425 1145 etituu
441 1093 466 1144 in
484 1097 534 1146 toto
546 1095 666 1157 uniuerso,
681 1095 741 1160 qnod
756 1097 863 1150 interiora

58 1179 101 1230 per
112 1164 233 1232 superiora
242 1164 438 1220 udmuistrautur.
450 1166 496 1216 Sed
508 1165 536 1218 ab
547 1167 592 1216 boc
606 1166 685 1220 ordine
699 1168 723 1218 iu
734 1169 801 1222 rebus
813 1182 863 1234 cor·

59 1238 178 1300 penalibus
186 1236 317 1299 abuncudo,
326 1250 356 1294 er
364 1235 442 1287 diviua
453 1236 637 1304 dispensatione,
648 1238 760 1290 receditur
771 1243 863 1304 propter

59 1308 164 1362 altiorem
176 1309 295 1369 ordinem,
310 1307 541 1361 secundicerium
554 1309 613 1372 qnod
633 1310 726 1372 expedit
741 1311 768 1360 ad
786 1310 863 1373 gratim

59 1380 278 1442 msuiiestcticnem,
286 1377 352 1436 Qubd
359 1378 422 1430 eninr
429 1391 505 1430 cuens
515 1382 582 1433 nctus
593 1379 638 1428 icit
646 1379 796 1442 illuminatus,
803 1381 864 1444 quid

60 1455 160 1503 imerus
175 1451 219 1500 iuit
238 1450 376 1513 suscitatus,
393 1449 523 1502 immediati
539 1450 612 1502 ibeo
629 1451 713 1502 iactum
730 1455 765 1502 cst
779 1452 864 1517 absque

60 1526 136 1589 diuus
148 1523 243 1576 notione
256 1523 385 1593 celestium
394 1535 521 1587 corponrm.
534 1523 581 1576 Sed
592 1527 616 1574 et
624 1522 700 1588 augeli
711 1523 767 1576 boui
777 1528 801 1574 et
810 1526 864 1576 maii

59 1597 158 1660 possunt
177 1592 261 1658 aliquid
282 1593 375 1644 inistis
395 1594 527 1659 mrpodbus
546 1595 634 1659 operari
653 1598 735 1660 preter
751 1595 864 1648 actionem

60 1666 191 1717 celestium
207 1677 343 1728 corporum,
354 1667 515 1715 condensacdo
529 1665 601 1716 nubes
611 1667 638 1728 ,in
647 1665 745 1730 pluvias,
757 1671 780 1718 et
790 1667 864 1730 aliqua

61 1736 195 1801 hujusmodi
204 1736 316 1787 uuerde.
327 1736 406 1800 Neque
417 1736 487 1786 alicui
495 1736 564 1788 debet
572 1749 622 1791 esse
630 1737 726 1790 dubium
736 1738 791 1804 quin
802 1739 864 1790 Deus

61 1807 194 1866 immediate
207 1807 338 1860 bominibus
353 1807 431 1871 aliqua
442 1809 545 1865 revelare
561 1809 634 1872 possit
652 1822 697 1861 nou
711 1810 863 1861 mediantibus

62 1881 162 1943 angelis,
178 1884 202 1931 et
219 1880 348 1943 superiores
359 1880 434 1940 annoti
445 1891 490 1930 nou
505 1880 656 1934 mediantibus
667 1880 822 1935 inferioribus.
833 1882 863 1930 Et

62 1951 188 2008 menndbm
199 1953 258 2003 bauo
269 1951 474 2007 mnstdcm'rouem
483 1951 577 2016 quidum
591 1951 700 2006 dixerunt
708 1951 769 2014 quid
782 1965 862 2003 secuu-

62 2023 115 2074 dirm
123 2035 270 2077 communem
280 2023 354 2086 legem
364 2023 492 2085 superiores
502 2022 736 2083 connitendum!
745 2021 863 2072 interiores

63 2093 164 2158 tautirm3
178 2095 219 2146 sed
229 2107 258 2144 ex
266 2094 342 2158 etism
350 2092 519 2158 dipensatione
532 2093 609 2144 diuina
619 2093 734 2144 interdum
745 2092 813 2143 edam
824 2107 863 2142 su·

63 2167 162 2230 periuros
172 2166 302 2218 mittuntur.
312 2167 471 2216 sedbccuuu
483 2165 573 2216 videtur
584 2164 733 2223 rationabile,
744 2162 797 2224 qnia
806 2165 862 2214 crdo

64 2238 232 2302 augetimsuou
241 2238 366 2287 attenditur
375 2236 501 2288 secundini
511 2237 570 2285 dona
579 2234 777 2300 grstiurum.0rdo
786 2237 862 2287 sutem

64 2308 138 2372 gretie
158 2310 293 2364 nou-bibet
313 2309 382 2359 cbnuu
403 2306 544 2374 superiorem
562 2307 664 2358 ordinem
683 2309 776 2370 propter
794 2321 861 2372 quem

64 2380 205 2444 premuniti
215 2381 311 2444 debeat,
324 2381 389 2434 mcci,
401 2379 583 2444 procumbitur
592 2379 647 2430 ordo
656 2383 756 2441 nature,
771 2383 864 2444 propter

65 2453 164 2504 ordinem
177 2452 266 2516 gratie.
280 2451 472 2503 Considerandum
487 2455 524 2502 cst
536 2451 620 2512 ctiam,
630 2449 689 2513 qubd
700 2451 759 2502 ‘ordo
776 2455 863 2505 urimo

67 2525 89 2574 iu
98 2524 233 2589 operatione
241 2524 402 2579 miraculorum
410 2523 603 2587 pretermittitur,
615 2525 707 2586 propter
719 2521 771 2578 odei
780 2521 862 2574 contir-

66 2597 199 2659 mationem,
219 2596 248 2645 ud
268 2608 336 2659 mam
353 2592 410 2647 cibit
428 2595 527 2654 voleret,
543 2593 563 2646 si
581 2593 791 2657 pretermitteretur
809 2593 864 2646 ordo

67 2668 194 2731 angelicum,
210 2668 266 2730 noia
279 2665 350 2719 buci
365 2665 431 2718 uobis
444 2664 534 2729 percipi
550 2677 596 2716 uon
613 2668 698 2729 posset.
716 2663 778 2714 Nihil
793 2663 863 2714 etiem

68 2741 100 2786 est
114 2739 145 2789 ita
164 2751 274 2801 mnarum
291 2738 316 2788 iu
336 2736 470 2787 ministeriis
488 2736 591 2799 divinis,
608 2737 668 2800 quud
685 2750 726 2800 per
743 2734 863 2784 interiores

69 2809 154 2860 ordines
164 2809 268 2863 exerceri
279 2822 328 2860 neu
340 2808 421 2872 possit.
433 2809 496 2858 Unde
509 2808 630 2870 Gregorius
640 2807 649 2871 (
659 2805 742 2857 Humit
758 2803 827 2853 xciv
837 2803 864 2850 in

70 2879 189 2946 Eccum),
204 2881 274 2944 dicit,
291 2879 353 2945 quod
371 2895 385 2927 «
401 2879 440 2942 qni
457 2891 545 2930 summa
561 2878 714 2937 diiunctioni,
729 2871 864 2934 mcuaugeti
