1984 3309
195 213 229 250 ss
241 212 331 252 unrmo
345 213 400 252 ems
412 214 514 252 εοιιιειε
528 216 552 253 uc
566 215 684 255 connum.
796 209 841 258 ott

327 353 484 405 uellentes
497 355 547 406 Vll.

123 461 210 506 Utricm
220 461 253 506 rit
261 471 325 507 unus
334 462 502 520 ultimusstnis
511 465 619 510 onoriiom
631 466 760 512 tumtunm.

71 583 105 632 ld
123 579 248 646 septimum
262 579 296 631 sio
310 581 491 648 proceditur(l).
504 583 597 634 Videtur
610 583 670 648 quod
686 598 731 637 non
742 585 843 638 omnium

38 653 162 705 hominum
172 651 204 702 uit
216 665 276 702 nuos
289 653 342 704 linis
355 653 459 704 ultimus.
470 652 567 704 llaxlrni
577 653 637 705 euim
652 655 741 707 videtur
750 657 844 710 ultimus

39 725 92 776 linis
112 738 167 776 esso
182 724 284 774 hominis
302 724 485 776 incommutabile
501 725 595 776 honum.
611 728 655 778 Sed
672 729 763 792 quidum
778 743 843 782 aver-

38 800 120 847 tuntur
129 797 159 846 ab
170 795 350 857 incommutabili
357 797 428 860 bono,
438 797 557 861 peccando
565 797 608 861 (n).
617 799 668 849 Nou
678 813 733 863 ergo
743 801 844 850 omnium

38 869 162 920 hominum
174 882 234 920 nnus
244 871 280 919 c'st
291 869 385 919 ultimum
397 869 457 920 linis.

71 947 95 992 ἢ.
116 943 243 1003 Prolem,
261 941 386 992 securum
403 941 507 992 ultimum
529 941 597 994 linem
615 945 662 993 totu
682 943 729 993 uite
747 944 846 996 hominis

39 1016 169 1080 regulatur.
182 1013 209 1064 Si
217 1013 427 1078 igitur‘cssetnuus
438 1014 533 1064 intimus
542 1015 595 1066 linis
605 1015 708 1065 omnium
716 1017 844 1078 hominum,

40 1090 178 1152 sequeretur
186 1085 278 1150 quodiu
286 1086 469 1137 hominibusuon
477 1090 555 1137 essent
563 1087 651 1138 diversa
659 1087 733 1138 studio
742 1088 843 1152 vivendi3

38 1160 102 1223 quod
113 1161 182 1221 patet
192 1171 245 1210 esse
257 1159 351 1209 tolsumss

69 1234 94 1281 3.
106 1233 231 1290 Praetorem
241 1229 294 1281 linis
307 1230 447 1281 cstmtionis
457 1231 578 1281 miuus.
589 1231 695 1282 lotiones
705 1235 782 1282 cutem
791 1237 846 1283 sunt

37 1304 208 1368 singularium
220 1302 325 1354 homines
338 1306 432 1367 eutem,
447 1302 491 1354 etsi
505 1303 642 1353 conveniant
654 1301 772 1353 iunctura
790 1317 843 1368 spe-

37 1377 96 1441 ciei,
110 1380 190 1426 tomen
200 1375 309 1426 dillcruut
317 1375 441 1426 secuudum
452 1387 480 1425 ca
488 1387 541 1438 quim
552 1373 581 1424 ud
591 1373 708 1424 individua
720 1373 843 1438 pertinent.

36 1450 90 1499 lton
101 1460 162 1511 crgo
173 1446 275 1498 omnium
290 1451 325 1497 cst
338 1459 398 1498 uuus
407 1444 502 1496 ultimus
513 1443 573 1495 linis.

69 1520 117 1571 Sed
142 1522 221 1569 contra
243 1522 290 1582 est,
310 1521 372 1581 quod
394 1517 535 1582 Augustinus
552 1516 619 1578 licit,
641 1517 699 1568 lllll.
722 1519 759 1567 De
776 1519 842 1568 Tuto.

37 1595 113 1658 (cup.
129 1590 178 1654 3),
193 1589 254 1654 qnod
268 1605 283 1637 u
296 1603 376 1640 omnes
392 1590 497 1640 homiues
511 1588 651 1640 conueniunt
669 1591 694 1640 in
714 1592 842 1654 appetendo

38 1666 151 1715 ultimum
164 1662 243 1724 lineum
257 1661 297 1725 qui
310 1665 346 1725 est
357 1660 508 1712 maltuco.»

73 1736 241 1800 (Cosmusro.
253 1733 393 1784 -Tametsi
410 1746 470 1784 uuus
491 1737 526 1784 est
542 1734 636 1784 ultimus
656 1733 706 1785 linis
726 1735 849 1786 formaliter

38 1807 149 1860 omnium
167 1803 302 1866 hominnm,
319 1804 498 1870 multiplicantur
511 1809 589 1858 tamen
614 1819 641 1856 ea
657 1821 708 1870 quae
726 1821 767 1872 per
786 1809 849 1858 ucria

40 1877 124 1932 studia
135 1877 256 1938 homiues,
267 1881 294 1927 ut
304 1877 396 1927 ultinms
410 1879 479 1941 liuns,
491 1879 583 1942 assequi
596 1881 729 1942 conantur.)

76 1951 215 2016 Respondeo
228 1949 365 2012 dicentium,
382 1948 443 2014 quod
457 1953 485 2001 de
496 1952 577 2003 ultimo
589 1953 634 2002 linc
649 1965 771 2015 possumus
789 1953 850 2016 loqui

40 2022 170 2090 orrpliclter
186 2035 252 2074 :uno
270 2022 337 2072 morlo
354 2021 478 2074 scouudlun
499 2021 609 2074 rationem
624 2023 698 2073 ultimi
720 2023 788 2086 linis;
807 2023 850 2074 ulio

41 2097 117 2149 mocio
124 2093 252 2147 secuuntur
262 2095 284 2144 id
293 2093 319 2143 in
327 2106 374 2157 ouo
386 2093 521 2144 timentium
532 2095 590 2144 ratio
601 2093 727 2144 iuvenitur.
737 2094 848 2151 Quantum

40 2169 118 2234 igitur
130 2169 160 2218 aul
174 2167 285 2218 rationem
297 2166 373 2216 ultimi
386 2165 453 2229 linis,
465 2179 545 2216 ornnes
556 2165 695 2216 conueniunt
708 2165 733 2214 iu
746 2165 851 2228 appetitu

42 2240 102 2293 tinio
120 2237 210 2298 ultimlr
225 2238 279 2302 quic
292 2250 373 2289 omues
389 2239 500 2302 appetunt
519 2249 583 2287 suum
599 2235 762 2299 perlectionem
780 2237 851 2286 alirn·

42 2310 121 2378 pleri,
136 2323 189 2375 quc
205 2313 240 2361 ost
252 2311 309 2361 ratio
321 2309 396 2360 ultimi
409 2309 474 2367 linis,
493 2311 519 2358 ut
533 2307 663 2358 dictumest
677 2307 737 2373 (erl.
752 2311 793 2372 5).
806 2308 852 2360 Sed

42 2387 162 2450 quantum
175 2382 238 2434 odil
250 2383 331 2446 inquo
344 2382 390 2433 ista
404 2381 461 2433 ratio
469 2379 593 2442 iuvenitur,
603 2391 649 2430 non
661 2393 740 2431 omncs
749 2381 854 2432 homiues

44 2455 194 2508 conueniunt
208 2455 234 2505 in
246 2455 327 2505 ultimo
338 2455 396 2518 ltuc3
407 2467 461 2504 nam
473 2452 565 2518 quidum
578 2455 690 2517 appetunt
704 2451 795 2503 divitius
805 2457 854 2503 tnu-

84 2574 117 2638 (1)
133 2579 166 2622 lie
186 2575 222 2622 iris
242 2576 312 2622 etiam
326 2574 411 2634 supro,
425 2576 450 2621 in
467 2576 511 2622 istc
530 2581 623 2636 quest,
644 2578 688 2620 ort.
701 2573 728 2628 53
745 2579 769 2620 et
786 2586 855 2631 super

45 2643 69 2690 1.
83 2640 180 2690 neoto„
193 2640 248 2685 lect.
262 2639 286 2699 9,
298 2640 344 2684 col.
355 2638 379 2684 1.

86 2709 120 2772 (ἱ)
136 2714 203 2758 Juxta
220 2712 337 2769 uulgarem
354 2711 418 2756 illum
430 2709 586 2756 definitionem
603 2711 693 2768 pcccati
712 2709 726 2754 ir
741 2708 855 2764 theologis

48 2776 208 2834 assignatum,
225 2775 287 2831 quod
308 2775 341 2819 sit
355 2775 479 2818 nimirum
496 2774 592 2819 cumulo
611 2773 639 2818 ul
661 2769 856 2818 incommutabili

47 2840 130 2889 bono,
141 2840 164 2883 et
182 2834 292 2882 tudeMto
313 2837 438 2882 concertio
453 2833 485 2881 oct
505 2835 672 2881 commutabile
687 2835 790 2884 tonum
803 2843 855 2886 qum
882 2861 883 2866 =

46 2908 102 2948 turn
115 2913 146 2946 ει
158 2899 200 2944 lto.
209 2901 229 2944 1.
245 2899 366 2945 Delibero
381 2898 501 2948 arbitrio,
513 2910 565 2954 cop.
587 2897 617 2944 16
632 2899 680 2944 sive
697 2897 793 2951 ultimo,
807 2897 854 2938 tum

47 2965 86 3012 ad
101 2961 362 3022 semimouuwtn.
373 2963 397 3022 1,
412 2974 452 3019 qu.
471 2961 500 3020 2,
516 2961 640 3020 colligitur.
