1984 3309
126 196 159 235 ΒΕ
171 196 285 235 mmm
296 195 326 237 itt*
336 196 436 237 mim
445 198 533 239 flm-
545 198 644 240 ΑΜΠΙ
655 200 750 242 Etim.
793 194 839 241 901

31 276 119 327 fertur.
129 275 171 323 Est
185 278 262 325 rotem
271 276 468 341 considerandum,
484 278 544 342 quod
556 278 614 329 siout
628 280 697 345 supri
707 280 793 334 dietum
805 285 842 333 est

32 350 86 412 (qu.
101 350 143 406 tt,
155 352 197 395 art.
216 350 264 398 flet
276 346 309 411 t),
330 347 358 398 ud
374 350 417 399 hoo
430 352 490 412 quod
503 350 589 415 riiqrriu
601 351 633 401 sit
649 353 743 416 malum,
757 354 843 406 suffieit

30 432 97 469 unus
116 416 237 479 singularis
257 419 373 483 deiectum
388 422 415 469 ad
428 422 472 471 hoo
491 425 567 473 autem
586 424 647 487 quoii
664 423 695 474 sit
709 424 843 489 simpliciter

30 493 137 551 bouum,
154 502 201 539 uon
222 489 305 540 suitioit
325 504 396 541 uuum
413 492 528 555 siugulure
547 495 648 557 murm,
665 498 704 547 sed
721 497 845 563 requiritur

28 561 159 625 integritas
172 560 288 613 bonitatis.
304 562 329 611 Si
344 564 413 627 igitur
425 566 531 616 voluutas
543 566 574 616 sit
590 568 650 618 boor
668 572 691 619 et
705 582 733 619 ex
752 568 843 635 objecto

29 635 140 701 proprio,
155 633 286 695 etesius,
302 648 442 699 consequeus
454 642 489 687 est
503 641 577 688 uotum
590 640 726 691 exteriorem
741 654 790 691 esse
802 642 843 693 bo
919 637 923 645 '

30 722 106 770 uum3
123 705 164 756 sed
182 719 228 756 uon
243 706 327 756 suffieit
341 708 368 756 ud
388 708 439 769 hoe,
454 710 514 771 quoii
529 713 593 760 uetus
606 712 705 762 exterior
714 713 744 763 sit
757 714 841 775 bouus,

30 779 129 829 bouitas
141 778 275 839 voluntatis,
285 790 336 841 que
351 781 387 829 est
401 790 430 829 ex
439 779 566 831 iutsutioue
580 781 645 846 timis3
657 784 696 833 sed
709 784 729 833 si
738 785 845 835 uoluntas

31 853 62 902 sit
81 849 146 899 moia
160 847 208 898 rive
222 861 252 899 ex
265 848 392 900 intentione
406 850 471 911 iuis,
489 850 538 902 sire
551 865 581 903 er
593 856 644 903 ertu
662 853 746 918 uolito,
761 867 843 907 conss·

30 936 113 986 quens
132 923 170 970 est
186 925 262 971 rutum
276 923 413 972 exteriorem
426 935 476 973 osse
490 924 584 974 muium.

63 996 103 1045 Ad
124 992 223 1057 primum
237 1006 292 1057 ergo
308 993 437 1055 dicendum,
455 996 516 1058 quod
527 996 633 1047 uoluntas
647 998 720 1059 trouu,
731 1001 799 1063 prom
811 998 845 1048 si·

30 1068 162 1127 ouiiiostur
174 1078 216 1129 pur
227 1066 328 1116 arborem
339 1066 436 1129 bouum,
451 1070 487 1116 est
500 1067 632 1131 accipiendo
648 1070 773 1119 secuudum
783 1070 845 1135 quod

32 1141 108 1190 trahet
117 1136 244 1187 bonitatem
259 1142 324 1187 etex
339 1140 389 1187 acto
402 1138 471 1188 volito
484 1141 548 1189 etex
560 1140 604 1190 fine
616 1140 713 1193 inteuto.

64 1211 104 1262 Ad
124 1210 250 1259 secuudum
263 1209 396 1273 diremtum,
412 1210 471 1272 quod
485 1223 532 1260 uou
544 1210 617 1261 solum
631 1212 713 1275 aliquis
729 1214 845 1265 voluntate

33 1286 132 1347 peceat,
147 1282 238 1344 queneto
251 1280 299 1330 ruit
311 1280 395 1331 msium
408 1280 485 1343 tinem,
496 1282 538 1331 sed
549 1282 618 1332 etium
631 1285 720 1347 quaudo
734 1285 783 1334 vult
796 1297 845 1335 rna-

32 1359 81 1407 tum
98 1357 188 1405 aetum.

65 1428 104 1478 Ad
114 1424 210 1477 tertium
221 1424 354 1487 dicendum,
369 1427 429 1490 quod
438 1425 615 1475 voluntarium
626 1423 707 1476 dieitur
716 1440 763 1479 uon
772 1428 845 1479 solum

32 1504 103 1549 uetus
116 1494 214 1547 interior
232 1494 366 1557 voluntatis,
377 1498 419 1547 sed
433 1496 501 1547 etium
516 1500 580 1547 ectus
596 1498 732 1561 exteriores,
750 1502 816 1566 prout
831 1498 845 1549 t

32 1570 159 1620 voluntate
180 1568 305 1629 procedunt
317 1572 341 1618 et
353 1568 440 1619 ratione
459 1584 465 1617 :
485 1574 508 1619 et
521 1568 572 1620 ideo
586 1568 644 1620 circu
660 1573 769 1642 utrosque
782 1575 846 1623 aetus

32 1644 116 1705 potest
129 1652 184 1691 esse
195 1639 322 1690 ditiereutiu
337 1640 395 1691 boor·
409 1644 432 1689 et
446 1640 518 1690 moti.

338 1782 497 1835 iniremus
513 1784 552 1835 111.

35 1902 129 1949 Utrum
149 1900 244 1949 barritus
258 1900 281 1943 ut
295 1899 391 1943 mulitia
405 1900 534 2005 sitiendum
547 1899 672 1948 morioris
686 1902 847 1948 etiamtum

408 1974 436 2007 ac
447 1974 483 2007 ire.

65 2084 102 2135 Ad
117 2078 217 2132 tertium
231 2077 264 2128 sic
274 2079 410 2142 proceditur.
423 2078 518 2128 Videtur
532 2080 591 2142 quoii
610 2092 655 2129 nou
668 2081 746 2130 eudem
762 2080 794 2133 sit
805 2081 846 2133 bo·

34 2159 97 2205 nitus
113 2152 154 2202 vel
170 2150 256 2199 metitis
270 2153 333 2199 sutus
346 2150 461 2200 interioris
472 2150 597 2200 voluntatis
610 2153 633 2200 et
644 2151 761 2202 exterioris
774 2156 846 2203 uetus.

34 2233 108 2277 totus
123 2223 188 2273 euim
203 2220 317 2287 interioris
331 2220 468 2285 principium
479 2221 559 2271 ostris
570 2222 650 2272 auimo
663 2220 755 2272 iuterior
768 2235 848 2289 uppre-

35 2298 139 2348 ireusisu
159 2292 196 2342 vel
215 2292 351 2357 appetitivu3
364 2295 425 2345 uetus
441 2297 517 2343 autem
531 2293 649 2350 exterioris
664 2292 800 2359 principium
813 2297 850 2346 est

35 2366 144 2435 potentia
165 2376 282 2426 exequens
300 2367 394 2413 motum.
411 2364 453 2414 Ubi
475 2368 550 2415 autem
566 2368 620 2414 suut
631 2365 721 2415 diversa
739 2365 850 2430 principie

34 2438 154 2501 aetionis,
171 2434 203 2485 ihi
225 2437 278 2484 suut
296 2434 381 2485 diversi
399 2438 476 2499 uetus3
494 2439 557 2486 aetus
575 2439 650 2485 eutem
668 2439 704 2486 est
722 2437 851 2500 subjeetum

35 2509 168 2568 bonitatis,
187 2506 223 2555 rel
238 2505 341 2569 meiitiae3
358 2519 403 2555 uou
417 2508 494 2569 potest
512 2511 588 2557 autem
601 2520 652 2557 esse
664 2507 726 2557 idem
743 2508 850 2559 recidens

35 2590 57 2637 iu
72 2580 184 2637 diversis
201 2576 316 2641 subjectis.
332 2579 390 2641 Ergo
405 2591 451 2629 uon
463 2582 540 2642 potest
552 2592 603 2631 esse
616 2580 696 2633 eudem
708 2578 799 2632 terimi
813 2580 850 2629 iu-

35 2656 133 2709 terioris
153 2654 177 2701 et
194 2648 313 2701 exterioris
324 2652 397 2701 aetus.

66 2737 92 2781 2.
111 2727 248 2783 preterea,
266 2722 338 2771 virtus
357 2726 392 2773 est
407 2735 458 2785 quoe
474 2739 487 2769 r<
500 2723 585 2773 bouum
601 2721 657 2773 iacit
670 2722 807 2784 hebemem,
828 2722 853 2772 et

35 2817 95 2868 opus
110 2798 172 2863 ejus
187 2795 272 2845 bouum
287 2794 374 2855 reddit,
390 2808 403 2841 o
420 2796 445 2841 ut
461 2793 543 2843 dieitur
556 2794 581 2843 iu
598 2794 628 2844 ii.
648 2793 732 2844 Etir'e.
750 2794 852 2857 (cauti

34 2878 70 2926 rei
82 2877 120 2935 6).
141 2866 190 2917 Sed
201 2866 244 2915 uiiu
257 2864 378 2917 est‘virtus
391 2864 551 2916 intellectualis
561 2866 587 2917 iu
598 2865 701 2933 putentis
714 2863 850 2945 imperante,

35 2954 57 2999 ei
73 2945 124 2997 alia
142 2939 219 2989 virtus
233 2938 324 2989 moralis
340 2937 364 2987 iu
379 2936 480 3001 potentia
494 2936 620 2999 imperatu,
633 2941 661 2987 ut
674 2939 737 3000 patet
747 2948 773 2985 ru
785 2934 852 2999 prin·

184 3038 210 3075 u.
713 3026 747 3075 §t
