1984 3309
24 5 976 36 ‘mm

174 179 205 214 nn
220 177 260 216 nus
272 176 327 222 oua
340 179 372 216 an
386 178 561 218 mauronianus
573 177 718 218 amcuuuua.
804 170 848 218 69⁵1

74 261 101 306 3.
116 257 242 314 Preterea
252 255 408 319 operationem
418 255 531 306 felicitatis
543 269 584 306 seu
594 255 750 318 beatitudinis,
760 260 849 320 oportet

39 343 96 380 esse
116 341 165 378 non
179 326 330 390 impeditam,
342 332 367 377 ut
383 327 504 378 dicitur-in
524 328 552 378 X.
568 327 653 377 Etdic.
671 328 716 378 Sed
730 328 849 380 delectatio

39 398 143 467 impedit
165 399 278 449 actionem
298 398 444 458 intellectus,
458 399 580 464 corrumpit
598 399 657 452 euim
678 398 849 452 estimationem

39 469 185 536 prudentie,
199 475 227 520 ut
237 469 317 520 dictur
330 469 355 520 in
365 469 403 520 Vl.
417 469 500 520 liidie.
511 470 569 533 Ergo
583 471 704 522 delectatio
714 484 761 522 uon
771 471 848 535 requi-

41 545 104 595 ritur
115 542 145 596 ad
158 541 335 594 beatimdinem

74 615 123 666 Sed
136 618 218 666 contra
231 617 280 676 est,
299 615 361 678 qnod
376 616 516 679 Augustinus
532 615 599 678 dicit,
612 617 641 666 ll.
658 615 769 679 Corasesr.
781 616 790 680 (
797 629 847 680 cap.

41 692 74 736 ιι
83 687 102 750 ),
115 684 181 750 qudd
196 685 338 738 «beatitudo
347 690 384 737 est
401 686 508 749 gaudium
525 686 553 737 de
565 686 669 737 ueritate.
679 703 693 732 n

73 759 242 825 (ὒοιιιιιιιειο.
251 784 282 794 -
292 757 350 808 Cim
363 758 483 812 delectatio
496 761 601 808 causetur
614 771 642 808 ex
655 759 698 808 boc
709 758 768 822 qudd
779 771 849 823 appe·

41 831 101 879 titus
119 827 247 892 requiescit
261 829 284 878 in
303 829 364 880 mnu
382 830 481 894 adepto,
495 829 546 892 ipsa
563 829 591 878 ad
609 829 773 880 beatitudiuem
791 829 849 880 sicut

42 900 132 965 aliquid
145 898 304 953 concomitans
318 900 463 964 requiritur.)

74 971 218 1036 Respondeo
227 970 362 1037 dicendum,
373 972 435 1036 qudd
445 972 622 1037 quadrupliciter
634 972 717 1036 aliquid
729 973 849 1036 requiritur

43 1046 73 1095 ad
90 1043 163 1094 aliud
180 1043 232 1092 Uno
243 1043 326 1106 modo,
337 1043 395 1094 sicud
403 1043 566 1108 praeambulum
580 1044 616 1096 vel
629 1042 811 1108 preparatorium
821 1045 849 1094 ad

42 1117 137 1180 ipsum,
148 1115 212 1170 sicut
232 1113 352 1178 disciplina
366 1115 488 1180 requiritur
507 1116 534 1165 ad
555 1114 682 1167 scientiam.
698 1114 749 1164 alio
768 1116 847 1177 modo,

43 1188 105 1237 sicut
121 1184 245 1250 perficiens
259 1185 356 1248 aliquid,
371 1186 429 1237 siem
443 1187 520 1237 anima
532 1187 655 1249 requiritur
668 1186 696 1236 ad
715 1185 785 1237 uitam
801 1199 849 1235 cor-

43 1259 116 1322 poris.
128 1256 209 1307 'lertio
225 1257 307 1317 modo,
319 1258 377 1307 sicut
392 1257 532 1322 coadjuvans
546 1257 695 1319 extrinsecus,
710 1256 770 1306 sicut
783 1256 850 1310 amici

44 1329 194 1394 requiruntur
208 1327 236 1377 ad
255 1328 339 1391 aliquid
353 1329 473 1394 agendum.
489 1331 573 1388 Quarto
592 1329 672 1388 modo,
688 1328 747 1377 sicut
765 1327 849 1390 aliquid

44 1399 216 1462 concomitans,
233 1403 260 1450 ut
276 1399 297 1450 si
312 1399 413 1452 dicamus
424 1400 484 1464 qubd
495 1400 557 1450 calor
573 1399 693 1463 requiritur
710 1399 739 1449 ad
757 1399 848 1462 igneum

45 1479 68 1524 et
82 1475 130 1524 boc
146 1473 216 1522 modo
230 1472 351 1524 delectatio
362 1472 483 1536 requiritur
502 1473 530 1522 ad
543 1470 714 1522 beatitudiuem.
726 1470 849 1521 delectatio

46 1545 107 1594 enim
118 1545 229 1595 causatur
238 1555 268 1595 ex
277 1544 321 1594 boc
329 1542 390 1607 qubd
397 1543 513 1607 appetitus
520 1541 642 1606 requiescit
650 1542 675 1592 in
682 1542 742 1592 bono
751 1543 848 1604 adepto:

46 1617 107 1667 unde
120 1614 179 1665 cium·
189 1614 308 1665 beatitudo
321 1614 380 1666 nibil
393 1613 455 1664 alud
465 1615 495 1664 sit
507 1611 574 1679 quim
584 1613 676 1678 adeptio
690 1613 772 1663 summi
780 1612 847 1676 boni,

46 1700 93 1738 non
105 1689 185 1752 potest
193 1698 245 1736 esse
258 1685 375 1738 beatitudo
386 1684 436 1736 sine
446 1686 596 1738 delectatione
610 1684 785 1736 concomitante.

75 1759 110 1810 nd
126 1756 229 1822 primum
240 1768 295 1820 erqo
308 1755 444 1817 dicendum,
456 1757 516 1820 qubd
529 1770 557 1806 er
572 1759 615 1807 hoc
629 1756 679 1821 ipso
688 1755 754 1819 qudd
765 1769 851 1806 merces

47 1828 115 1880 alicui
124 1827 245 1890 redditur,
256 1828 363 1878 uoluntas
374 1827 482 1880 merentis
494 1826 601 1892 quiescit,
609 1827 670 1890 quod
680 1831 715 1878 est
726 1825 832 1878 delectari
843 1842 848 1874 ι

47 1901 107 1952 unde
122 1900 149 1950 in
163 1898 217 1964 ipsa
230 1899 318 1949 ratione
331 1898 442 1950 mercedis
454 1901 547 1950 reddite
560 1899 679 1950 delectatio
695 1898 823 1948 includitur.

77 1971 113 2022 nd
128 1969 257 2021 secundum
272 1968 406 2031 dicendum,
418 1970 478 2034 qubd
495 1984 525 2020 er
535 1970 585 2034 ipsa
594 1970 682 2020 visione
696 1969 735 2020 liei
746 1971 850 2018 causatur

49 2042 192 2096 delectatio:
208 2041 269 2093 uude
283 2040 322 2092 ille
340 2043 381 2106 qni
396 2043 468 2094 Mum
486 2043 563 2104 ridet,
582 2041 731 2092 delectatione
749 2040 850 2102 indigere

49 2128 95 2166 nun
106 2115 196 2180 potest.
515 2153 517 2158 .

79 2187 113 2237 dd
128 2183 223 2235 tertium
239 2184 373 2248 dicendum,
388 2184 448 2250 qudd
463 2183 583 2236 delectatio
600 2183 755 2234 concomitans
772 2194 851 2245 opera-

49 2256 136 2308 tionem
153 2255 300 2318 intellectis,
312 2270 359 2308 non
375 2256 469 2320 impedit
487 2256 573 2320 ipsum,
589 2255 630 2306 sed
647 2255 718 2318 magis
734 2268 784 2306 eam
797 2267 852 2305 con·
871 2256 875 2275 ’

51 2327 131 2391 lortat,
146 2331 174 2376 ut
184 2327 270 2377 dicitnr
281 2329 307 2378 ln
321 2329 350 2379 X.
358 2329 444 2378 ntntr.
457 2329 490 2378 Ea
504 2327 565 2378 enim
576 2340 626 2390 quae
639 2325 801 2378 delectabiliter
817 2325 852 2376 ia-

53 2397 141 2460 cimus,
152 2394 263 2446 attentiirs
280 2403 303 2447 et
315 2397 496 2462 perseverantids
508 2409 635 2462 operamur.
646 2395 768 2447 Delectatio
777 2399 852 2446 aumru

52 2473 160 2519 extranea
169 2467 267 2531 impedit
275 2469 437 2532 operationem,
445 2470 579 2533 quandoque
588 2467 677 2532 quidem
685 2481 713 2517 ex
721 2466 853 2518 intentionis

52 2538 199 2590 donecdone
204 2576 214 2602 ,
226 2539 278 2601 quia
290 2540 366 2604 (sicut
378 2541 463 2594 dictum
475 2540 525 2603 est)
538 2540 565 2588 ad
574 2552 601 2589 ea
612 2539 694 2601 quibus
706 2539 851 2599 delectamur,

52 2610 124 2675 magu
138 2609 220 2659 intenti
231 2624 321 2674 summ,
332 2616 356 2661 et
364 2613 419 2661 dum
433 2612 476 2661 uni
488 2613 635 2660 uehementer
647 2609 797 2674 intendimus,
812 2623 853 2660 ne·

53 2695 116 2734 cesse
131 2680 243 2746 estquod
259 2683 288 2732 ab
303 2683 348 2734 alio
366 2683 464 2734 intentio
477 2683 616 2745 retrahatur,
630 2683 763 2747 quaudoque
776 2685 852 2732 autem

54 2753 121 2803 etiam
135 2766 164 2803 ex
175 2753 345 2818 contrarietate,
357 2753 415 2806 sicut
424 2753 545 2806 delectatio
557 2765 636 2804 sensus
647 2752 758 2804 contraria
772 2752 853 2802 rationi

55 2824 148 2890 impedit
161 2824 336 2878 estimationem
349 2827 488 2892 prudentia,
503 2824 576 2888 magis
589 2823 656 2888 quam
671 2823 803 2890 speculativi
819 2823 852 2874 iu-

56 2895 166 2948 telleotris.
249 2938 256 2944 .
805 2889 810 2897 '
