<?xml version="1.0" encoding="UTF-8"?>
<!DOCTYPE html PUBLIC "-//W3C//DTD XHTML 1.0 Transitional//EN"
    "http://www.w3.org/TR/xhtml1/DTD/xhtml1-transitional.dtd">
<html xmlns="http://www.w3.org/1999/xhtml" xml:lang="en" lang="en">
 <head>
  <title>
</title>
<meta http-equiv="Content-Type" content="text/html;charset=utf-8" />
  <meta name='ocr-system' content='tesseract 3.04.00' />
  <meta name='ocr-capabilities' content='ocr_page ocr_carea ocr_par ocr_line ocrx_word'/>
</head>
<body>
  <div class='ocr_page' id='page_1' title='image "./summatheologica00nicogoog_0372.png"; bbox 0 0 1984 3309; ppageno 0'>
   <div class='ocr_carea' id='block_1_1' title="bbox 211 196 855 252">
    <p class='ocr_par' dir='ltr' id='par_1_1' title="bbox 211 196 855 252">
     <span class='ocr_line' id='line_1_1' title="bbox 211 196 855 252; baseline 0.025 -16"><span class='ocrx_word' id='word_1_1' title='bbox 211 200 242 237; x_wconf 74' lang='lat' dir='ltr'><strong>DE</strong></span> <span class='ocrx_word' id='word_1_2' title='bbox 251 196 312 237; x_wconf 67' lang='lat' dir='ltr'><strong>*m</strong></span> <span class='ocrx_word' id='word_1_3' title='bbox 327 200 381 241; x_wconf 65' lang='lat' dir='ltr'><strong>BN!</strong></span> <span class='ocrx_word' id='word_1_4' title='bbox 395 202 502 243; x_wconf 67' lang='lat' dir='ltr'><strong>{mllio</strong></span> <span class='ocrx_word' id='word_1_5' title='bbox 517 206 699 249; x_wconf 74' lang='lat' dir='ltr'><strong>mnucuoms.</strong></span> <span class='ocrx_word' id='word_1_6' title='bbox 810 205 855 252; x_wconf 74' lang='grc'><strong>365</strong></span> 
     </span>
    </p>
   </div>
   <div class='ocr_carea' id='block_1_2' title="bbox 49 275 855 1359">
    <p class='ocr_par' dir='ltr' id='par_1_2' title="bbox 49 275 855 1190">
     <span class='ocr_line' id='line_1_2' title="bbox 54 275 855 350; baseline 0.02 -23"><span class='ocrx_word' id='word_1_7' title='bbox 54 276 174 343; x_wconf 86' lang='lat' dir='ltr'><strong>speciem,</strong></span> <span class='ocrx_word' id='word_1_8' title='bbox 186 275 249 327; x_wconf 85' lang='lat' dir='ltr'><strong>sicut</strong></span> <span class='ocrx_word' id='word_1_9' title='bbox 260 276 335 341; x_wconf 84' lang='lat' dir='ltr'><strong>imago</strong></span> <span class='ocrx_word' id='word_1_10' title='bbox 349 280 410 344; x_wconf 80' lang='lat' dir='ltr'><strong>regis</strong></span> <span class='ocrx_word' id='word_1_11' title='bbox 423 282 492 333; x_wconf 89' lang='lat' dir='ltr'><strong>estin</strong></span> <span class='ocrx_word' id='word_1_12' title='bbox 505 282 553 335; x_wconf 88' lang='lat' dir='ltr'><strong>tilio</strong></span> <span class='ocrx_word' id='word_1_13' title='bbox 566 299 620 350; x_wconf 80' lang='lat' dir='ltr'><strong>sn03</strong></span> <span class='ocrx_word' id='word_1_14' title='bbox 636 289 673 339; x_wconf 82' lang='lat' dir='ltr'><strong>uel</strong></span> <span class='ocrx_word' id='word_1_15' title='bbox 686 290 715 339; x_wconf 88' lang='lat' dir='ltr'><strong>ad</strong></span> <span class='ocrx_word' id='word_1_16' title='bbox 728 289 804 343; x_wconf 89' lang='lat' dir='ltr'><strong>minus</strong></span> <span class='ocrx_word' id='word_1_17' title='bbox 818 306 855 342; x_wconf 84' lang='lat' dir='ltr'><strong>sc·</strong></span> 
     </span>
     <span class='ocr_line' id='line_1_3' title="bbox 54 347 855 427; baseline 0.021 -28"><span class='ocrx_word' id='word_1_18' title='bbox 54 347 153 400; x_wconf 81' lang='lat' dir='ltr'><strong>eundum</strong></span> <span class='ocrx_word' id='word_1_19' title='bbox 171 348 263 413; x_wconf 79' lang='lat' dir='ltr'><strong>aliquod</strong></span> <span class='ocrx_word' id='word_1_20' title='bbox 280 349 383 403; x_wconf 85' lang='lat' dir='ltr'><strong>accidens</strong></span> <span class='ocrx_word' id='word_1_21' title='bbox 402 355 518 419; x_wconf 70' lang='lat' dir='ltr'><strong>proprium</strong></span> <span class='ocrx_word' id='word_1_22' title='bbox 536 359 635 424; x_wconf 87' lang='lat' dir='ltr'><strong>speciei,</strong></span> <span class='ocrx_word' id='word_1_23' title='bbox 651 365 674 411; x_wconf 89' lang='lat' dir='ltr'><strong>et</strong></span> <span class='ocrx_word' id='word_1_24' title='bbox 690 363 804 427; x_wconf 81' lang='lat' dir='ltr'><strong>pracipnd</strong></span> <span class='ocrx_word' id='word_1_25' title='bbox 818 379 855 415; x_wconf 85' lang='lat' dir='ltr'><strong>se-</strong></span> 
     </span>
     <span class='ocr_line' id='line_1_4' title="bbox 53 420 852 501; baseline 0.021 -31"><span class='ocrx_word' id='word_1_26' title='bbox 53 420 153 471; x_wconf 78' lang='lat' dir='ltr'><strong>cundum</strong></span> <span class='ocrx_word' id='word_1_27' title='bbox 171 420 280 483; x_wconf 83' lang='lat' dir='ltr'><strong>figuram,</strong></span> <span class='ocrx_word' id='word_1_28' title='bbox 294 421 353 473; x_wconf 91' lang='lat' dir='ltr'><strong>sicut</strong></span> <span class='ocrx_word' id='word_1_29' title='bbox 366 426 464 477; x_wconf 90' lang='lat' dir='ltr'><strong>hominis</strong></span> <span class='ocrx_word' id='word_1_30' title='bbox 477 428 552 493; x_wconf 87' lang='lat' dir='ltr'><strong>imago</strong></span> <span class='ocrx_word' id='word_1_31' title='bbox 567 431 650 483; x_wconf 84' lang='lat' dir='ltr'><strong>dicitur</strong></span> <span class='ocrx_word' id='word_1_32' title='bbox 665 447 717 485; x_wconf 87' lang='lat' dir='ltr'><strong>esse</strong></span> <span class='ocrx_word' id='word_1_33' title='bbox 731 435 757 486; x_wconf 90' lang='lat' dir='ltr'><strong>in</strong></span> <span class='ocrx_word' id='word_1_34' title='bbox 773 450 852 501; x_wconf 85' lang='lat' dir='ltr'><strong>cupro.</strong></span> 
     </span>
     <span class='ocr_line' id='line_1_5' title="bbox 53 492 854 569; baseline 0.022 -26"><span class='ocrx_word' id='word_1_35' title='bbox 53 493 116 543; x_wconf 87' lang='lat' dir='ltr'><strong>Unde</strong></span> <span class='ocrx_word' id='word_1_36' title='bbox 125 492 247 556; x_wconf 74' lang='lat' dir='ltr'><strong>signanter</strong></span> <span class='ocrx_word' id='word_1_37' title='bbox 257 492 356 545; x_wconf 85' lang='lat' dir='ltr'>Hilarius</span> <span class='ocrx_word' id='word_1_38' title='bbox 365 496 432 558; x_wconf 85' lang='lat' dir='ltr'><strong>dicit,</strong></span> <span class='ocrx_word' id='word_1_39' title='bbox 443 498 502 562; x_wconf 85' lang='lat' dir='ltr'><strong>qudd</strong></span> <span class='ocrx_word' id='word_1_40' title='bbox 511 518 525 549; x_wconf 88' lang='grc'>«</span> <span class='ocrx_word' id='word_1_41' title='bbox 533 502 608 567; x_wconf 82' lang='lat' dir='ltr'><strong>imago</strong></span> <span class='ocrx_word' id='word_1_42' title='bbox 616 509 652 556; x_wconf 89' lang='lat' dir='ltr'><strong>est</strong></span> <span class='ocrx_word' id='word_1_43' title='bbox 662 508 753 569; x_wconf 88' lang='lat' dir='ltr'><strong>species</strong></span> <span class='ocrx_word' id='word_1_44' title='bbox 763 508 854 561; x_wconf 82' lang='lat' dir='ltr'><strong>inditio·</strong></span> 
     </span>
     <span class='ocr_line' id='line_1_6' title="bbox 51 564 855 641; baseline 0.024 -26"><span class='ocrx_word' id='word_1_45' title='bbox 51 578 135 615; x_wconf 77' lang='lat' dir='ltr'><strong>rens.»</strong></span> <span class='ocrx_word' id='word_1_46' title='bbox 145 564 293 615; x_wconf 76' lang='lat' dir='ltr'><strong>Manifestum</strong></span> <span class='ocrx_word' id='word_1_47' title='bbox 304 570 421 619; x_wconf 81' lang='lat' dir='ltr'><strong>astantem</strong></span> <span class='ocrx_word' id='word_1_48' title='bbox 430 570 491 635; x_wconf 85' lang='lat' dir='ltr'><strong>qndd</strong></span> <span class='ocrx_word' id='word_1_49' title='bbox 500 573 625 627; x_wconf 81' lang='lat' dir='ltr'><strong>similitudo</strong></span> <span class='ocrx_word' id='word_1_50' title='bbox 634 578 720 641; x_wconf 87' lang='lat' dir='ltr'><strong>speciei</strong></span> <span class='ocrx_word' id='word_1_51' title='bbox 732 581 855 636; x_wconf 78' lang='lat' dir='ltr'><strong>attenditua</strong></span> 
     </span>
     <span class='ocr_line' id='line_1_7' title="bbox 50 637 854 718; baseline 0.022 -31"><span class='ocrx_word' id='word_1_52' title='bbox 50 637 177 688; x_wconf 68' lang='lat' dir='ltr'><strong>secundm</strong></span> <span class='ocrx_word' id='word_1_53' title='bbox 199 637 302 689; x_wconf 88' lang='lat' dir='ltr'><strong>ultimam</strong></span> <span class='ocrx_word' id='word_1_54' title='bbox 320 638 478 694; x_wconf 77' lang='lat' dir='ltr'><strong>differentiam.</strong></span> <span class='ocrx_word' id='word_1_55' title='bbox 503 646 660 699; x_wconf 79' lang='lat' dir='ltr'><strong>issimiiantm</strong></span> <span class='ocrx_word' id='word_1_56' title='bbox 679 654 755 701; x_wconf 66' lang='lat' dir='ltr'><strong>numm</strong></span> <span class='ocrx_word' id='word_1_57' title='bbox 777 652 854 718; x_wconf 87' lang='lat' dir='ltr'><strong>aliqua</strong></span> 
     </span>
     <span class='ocr_line' id='line_1_8' title="bbox 49 708 852 788; baseline 0.019 -28"><span class='ocrx_word' id='word_1_58' title='bbox 49 709 95 761; x_wconf 83' lang='lat' dir='ltr'><strong>Dec</strong></span> <span class='ocrx_word' id='word_1_59' title='bbox 105 708 301 773; x_wconf 78' lang='lat' dir='ltr'><strong>:primoquidem</strong></span> <span class='ocrx_word' id='word_1_60' title='bbox 313 712 442 764; x_wconf 79' lang='lat' dir='ltr'><strong>etmaximt</strong></span> <span class='ocrx_word' id='word_1_61' title='bbox 455 719 617 784; x_wconf 80' lang='lat' dir='ltr'><strong>communiter,</strong></span> <span class='ocrx_word' id='word_1_62' title='bbox 630 720 776 786; x_wconf 87' lang='lat' dir='ltr'><strong>inquantum</strong></span> <span class='ocrx_word' id='word_1_63' title='bbox 789 728 852 788; x_wconf 80' lang='lat' dir='ltr'><strong>sunt3</strong></span> 
     </span>
     <span class='ocr_line' id='line_1_9' title="bbox 50 778 855 859; baseline 0.019 -28"><span class='ocrx_word' id='word_1_64' title='bbox 50 780 150 832; x_wconf 72' lang='lat' dir='ltr'><strong>meandi</strong></span> <span class='ocrx_word' id='word_1_65' title='bbox 168 778 225 831; x_wconf 78' lang='lat' dir='ltr'><strong>veno</strong></span> <span class='ocrx_word' id='word_1_66' title='bbox 244 780 270 830; x_wconf 92' lang='lat' dir='ltr'><strong>in</strong></span> <span class='ocrx_word' id='word_1_67' title='bbox 289 786 398 846; x_wconf 89' lang='lat' dir='ltr'><strong>quantum</strong></span> <span class='ocrx_word' id='word_1_68' title='bbox 415 784 517 851; x_wconf 79' lang='lat' dir='ltr'><strong>uiuunt,</strong></span> <span class='ocrx_word' id='word_1_69' title='bbox 539 790 607 840; x_wconf 76' lang='lat' dir='ltr'><strong>tenid</strong></span> <span class='ocrx_word' id='word_1_70' title='bbox 624 792 679 843; x_wconf 83' lang='lat' dir='ltr'><strong>vend</strong></span> <span class='ocrx_word' id='word_1_71' title='bbox 699 794 724 843; x_wconf 93' lang='lat' dir='ltr'><strong>in</strong></span> <span class='ocrx_word' id='word_1_72' title='bbox 745 800 855 859; x_wconf 87' lang='lat' dir='ltr'><strong>quantum</strong></span> 
     </span>
     <span class='ocr_line' id='line_1_10' title="bbox 50 851 853 923; baseline 0.026 -22"><span class='ocrx_word' id='word_1_73' title='bbox 50 851 142 915; x_wconf 89' lang='lat' dir='ltr'><strong>sapiunt</strong></span> <span class='ocrx_word' id='word_1_74' title='bbox 153 852 192 904; x_wconf 89' lang='lat' dir='ltr'><strong>vel</strong></span> <span class='ocrx_word' id='word_1_75' title='bbox 203 852 343 917; x_wconf 87' lang='lat' dir='ltr'><strong>intelligunt;</strong></span> <span class='ocrx_word' id='word_1_76' title='bbox 353 870 411 919; x_wconf 82' lang='lat' dir='ltr'><strong>qne,</strong></span> <span class='ocrx_word' id='word_1_77' title='bbox 420 862 446 909; x_wconf 86' lang='lat' dir='ltr'><strong>ut</strong></span> <span class='ocrx_word' id='word_1_78' title='bbox 454 860 592 923; x_wconf 80' lang='lat' dir='ltr'><strong>Augustinus</strong></span> <span class='ocrx_word' id='word_1_79' title='bbox 599 862 654 914; x_wconf 90' lang='lat' dir='ltr'><strong>dicit</strong></span> <span class='ocrx_word' id='word_1_80' title='bbox 662 864 731 916; x_wconf 88' lang='lat' dir='ltr'><strong>inlib.</strong></span> <span class='ocrx_word' id='word_1_81' title='bbox 742 866 853 922; x_wconf 79' lang='lat' dir='ltr'>LXXXIII</span> 
     </span>
     <span class='ocr_line' id='line_1_11' title="bbox 52 924 854 1002; baseline 0.024 -31"><span class='ocrx_word' id='word_1_82' title='bbox 52 924 188 985; x_wconf 76' lang='lat' dir='ltr'><strong>Qcaestion.</strong></span> <span class='ocrx_word' id='word_1_83' title='bbox 212 926 265 989; x_wconf 88' lang='lat' dir='ltr'><strong>(qu.</strong></span> <span class='ocrx_word' id='word_1_84' title='bbox 279 924 326 989; x_wconf 85' lang='lat'><strong>5),</strong></span> <span class='ocrx_word' id='word_1_85' title='bbox 342 942 356 974; x_wconf 85' lang='lat' dir='ltr'><strong>u</strong></span> <span class='ocrx_word' id='word_1_86' title='bbox 368 926 400 977; x_wconf 91' lang='lat' dir='ltr'><strong>ita</strong></span> <span class='ocrx_word' id='word_1_87' title='bbox 415 934 468 979; x_wconf 88' lang='lat' dir='ltr'><strong>sunt</strong></span> <span class='ocrx_word' id='word_1_88' title='bbox 481 932 529 982; x_wconf 86' lang='lat' dir='ltr'><strong>Deo</strong></span> <span class='ocrx_word' id='word_1_89' title='bbox 542 930 686 987; x_wconf 84' lang='lat' dir='ltr'><strong>similitudine</strong></span> <span class='ocrx_word' id='word_1_90' title='bbox 700 937 816 1002; x_wconf 81' lang='lat' dir='ltr'><strong>proxima,</strong></span> <span class='ocrx_word' id='word_1_91' title='bbox 827 944 854 990; x_wconf 86' lang='lat' dir='ltr'><strong>ut</strong></span> 
     </span>
     <span class='ocr_line' id='line_1_12' title="bbox 51 994 853 1073; baseline 0.024 -29"><span class='ocrx_word' id='word_1_92' title='bbox 51 994 76 1045; x_wconf 91' lang='lat' dir='ltr'><strong>in</strong></span> <span class='ocrx_word' id='word_1_93' title='bbox 92 995 204 1047; x_wconf 85' lang='lat' dir='ltr'><strong>creaturis</strong></span> <span class='ocrx_word' id='word_1_94' title='bbox 218 994 275 1045; x_wconf 83' lang='lat' dir='ltr'><strong>ninii</strong></span> <span class='ocrx_word' id='word_1_95' title='bbox 290 996 320 1047; x_wconf 83' lang='lat' dir='ltr'><strong>sit</strong></span> <span class='ocrx_word' id='word_1_96' title='bbox 333 998 515 1063; x_wconf 76' lang='lat' dir='ltr'><strong>propinquius.»</strong></span> <span class='ocrx_word' id='word_1_97' title='bbox 530 1004 567 1053; x_wconf 87' lang='lat' dir='ltr'><strong>Sic</strong></span> <span class='ocrx_word' id='word_1_98' title='bbox 581 1018 634 1069; x_wconf 83' lang='lat' dir='ltr'><strong>engo</strong></span> <span class='ocrx_word' id='word_1_99' title='bbox 646 1012 711 1071; x_wconf 89' lang='lat' dir='ltr'><strong>patet</strong></span> <span class='ocrx_word' id='word_1_100' title='bbox 724 1009 785 1073; x_wconf 81' lang='lat' dir='ltr'><strong>quod</strong></span> <span class='ocrx_word' id='word_1_101' title='bbox 799 1011 853 1063; x_wconf 78' lang='lat' dir='ltr'><strong>sola</strong></span> 
     </span>
     <span class='ocr_line' id='line_1_13' title="bbox 52 1066 855 1145; baseline 0.022 -30"><span class='ocrx_word' id='word_1_102' title='bbox 52 1066 221 1139; x_wconf 79' lang='lat' dir='ltr'><strong>intellectuales</strong></span> <span class='ocrx_word' id='word_1_103' title='bbox 236 1070 359 1133; x_wconf 79' lang='lat' dir='ltr'><strong>creaturae,</strong></span> <span class='ocrx_word' id='word_1_104' title='bbox 373 1071 463 1136; x_wconf 78' lang='lat' dir='ltr'><strong>proprii</strong></span> <span class='ocrx_word' id='word_1_105' title='bbox 480 1075 606 1139; x_wconf 87' lang='lat' dir='ltr'><strong>loquendo,</strong></span> <span class='ocrx_word' id='word_1_106' title='bbox 621 1083 675 1129; x_wconf 89' lang='lat' dir='ltr'><strong>sunt</strong></span> <span class='ocrx_word' id='word_1_107' title='bbox 689 1081 716 1130; x_wconf 89' lang='lat' dir='ltr'><strong>ad</strong></span> <span class='ocrx_word' id='word_1_108' title='bbox 730 1081 855 1145; x_wconf 87' lang='lat' dir='ltr'><strong>imaginem</strong></span> 
     </span>
     <span class='ocr_line' id='line_1_14' title="bbox 51 1139 98 1190; baseline 0.021 -1"><span class='ocrx_word' id='word_1_109' title='bbox 51 1139 98 1190; x_wconf 81' lang='lat' dir='ltr'><strong>liei.</strong></span> 
     </span>
    </p>

    <p class='ocr_par' dir='ltr' id='par_1_3' title="bbox 49 1212 854 1359">
     <span class='ocr_line' id='line_1_15' title="bbox 78 1212 853 1287; baseline 0.023 -26"><span class='ocrx_word' id='word_1_110' title='bbox 78 1212 113 1262; x_wconf 76' lang='lat' dir='ltr'><strong>Ad</strong></span> <span class='ocrx_word' id='word_1_111' title='bbox 131 1212 235 1277; x_wconf 78' lang='lat' dir='ltr'><strong>primum</strong></span> <span class='ocrx_word' id='word_1_112' title='bbox 256 1225 309 1277; x_wconf 85' lang='lat' dir='ltr'><strong>ergo</strong></span> <span class='ocrx_word' id='word_1_113' title='bbox 327 1214 461 1279; x_wconf 87' lang='lat' dir='ltr'><strong>dicendum,</strong></span> <span class='ocrx_word' id='word_1_114' title='bbox 475 1219 536 1283; x_wconf 81' lang='lat' dir='ltr'><strong>quod</strong></span> <span class='ocrx_word' id='word_1_115' title='bbox 555 1234 622 1271; x_wconf 90' lang='lat' dir='ltr'><strong>omne</strong></span> <span class='ocrx_word' id='word_1_116' title='bbox 640 1221 802 1287; x_wconf 81' lang='lat' dir='ltr'><strong>imperfectum</strong></span> <span class='ocrx_word' id='word_1_117' title='bbox 818 1233 853 1279; x_wconf 85' lang='lat' dir='ltr'><strong>est</strong></span> 
     </span>
     <span class='ocr_line' id='line_1_16' title="bbox 49 1285 854 1359; baseline 0.02 -25"><span class='ocrx_word' id='word_1_118' title='bbox 49 1286 152 1349; x_wconf 83' lang='lat' dir='ltr'><strong>quaedam</strong></span> <span class='ocrx_word' id='word_1_119' title='bbox 163 1285 310 1350; x_wconf 78' lang='lat' dir='ltr'><strong>paticipatio</strong></span> <span class='ocrx_word' id='word_1_120' title='bbox 324 1288 425 1353; x_wconf 84' lang='lat' dir='ltr'><strong>perlecti.</strong></span> <span class='ocrx_word' id='word_1_121' title='bbox 441 1290 469 1339; x_wconf 88' lang='lat' dir='ltr'><strong>Et</strong></span> <span class='ocrx_word' id='word_1_122' title='bbox 482 1290 549 1355; x_wconf 90' lang='lat' dir='ltr'><strong>ideo,</strong></span> <span class='ocrx_word' id='word_1_123' title='bbox 561 1293 629 1347; x_wconf 85' lang='lat' dir='ltr'><strong>etiam</strong></span> <span class='ocrx_word' id='word_1_124' title='bbox 639 1308 726 1359; x_wconf 74' lang='lat' dir='ltr'><strong>eaquae</strong></span> <span class='ocrx_word' id='word_1_125' title='bbox 742 1297 854 1350; x_wconf 87' lang='lat' dir='ltr'><strong>deiciunt</strong></span> 
     </span>
    </p>
   </div>
   <div class='ocr_carea' id='block_1_3' title="bbox 49 1356 948 1427">
    <p class='ocr_par' dir='ltr' id='par_1_4' title="bbox 49 1356 948 1427">
     <span class='ocr_line' id='line_1_17' title="bbox 49 1356 948 1427; baseline 0.02 -22"><span class='ocrx_word' id='word_1_126' title='bbox 49 1356 60 1405; x_wconf 85' lang='lat' dir='ltr'><strong>i</strong></span> <span class='ocrx_word' id='word_1_127' title='bbox 73 1357 165 1407; x_wconf 87' lang='lat' dir='ltr'><strong>ratione</strong></span> <span class='ocrx_word' id='word_1_128' title='bbox 183 1356 299 1421; x_wconf 82' lang='lat' dir='ltr'><strong>imaginis,</strong></span> <span class='ocrx_word' id='word_1_129' title='bbox 311 1359 335 1408; x_wconf 90' lang='lat' dir='ltr'><strong>in</strong></span> <span class='ocrx_word' id='word_1_130' title='bbox 347 1364 456 1423; x_wconf 90' lang='lat' dir='ltr'><strong>quantum</strong></span> <span class='ocrx_word' id='word_1_131' title='bbox 469 1364 547 1414; x_wconf 88' lang='lat' dir='ltr'><strong>tamen</strong></span> <span class='ocrx_word' id='word_1_132' title='bbox 561 1364 682 1427; x_wconf 86' lang='lat' dir='ltr'><strong>aliqualem</strong></span> <span class='ocrx_word' id='word_1_133' title='bbox 693 1366 734 1418; x_wconf 80' lang='lat' dir='ltr'><strong>[tei</strong></span> <span class='ocrx_word' id='word_1_134' title='bbox 747 1369 853 1421; x_wconf 77' lang='lat' dir='ltr'><strong>similitu·</strong></span> <span class='ocrx_word' id='word_1_135' title='bbox 944 1383 948 1391; x_wconf 90' lang='lat'>·</span> 
     </span>
    </p>
   </div>
   <div class='ocr_carea' id='block_1_4' title="bbox 44 1428 854 3007">
    <p class='ocr_par' dir='ltr' id='par_1_5' title="bbox 46 1428 854 1711">
     <span class='ocr_line' id='line_1_18' title="bbox 48 1428 853 1501; baseline 0.02 -24"><span class='ocrx_word' id='word_1_136' title='bbox 48 1428 124 1479; x_wconf 86' lang='lat' dir='ltr'><strong>dinem</strong></span> <span class='ocrx_word' id='word_1_137' title='bbox 137 1429 240 1492; x_wconf 86' lang='lat' dir='ltr'><strong>habeut,</strong></span> <span class='ocrx_word' id='word_1_138' title='bbox 254 1429 390 1495; x_wconf 84' lang='lat' dir='ltr'><strong>participant</strong></span> <span class='ocrx_word' id='word_1_139' title='bbox 399 1430 483 1497; x_wconf 91' lang='lat' dir='ltr'><strong>aliquid</strong></span> <span class='ocrx_word' id='word_1_140' title='bbox 491 1436 520 1485; x_wconf 90' lang='lat' dir='ltr'><strong>de</strong></span> <span class='ocrx_word' id='word_1_141' title='bbox 529 1435 617 1485; x_wconf 89' lang='lat' dir='ltr'><strong>ratione</strong></span> <span class='ocrx_word' id='word_1_142' title='bbox 630 1436 746 1501; x_wconf 75' lang='lat' dir='ltr'><strong>imaginis.</strong></span> <span class='ocrx_word' id='word_1_143' title='bbox 758 1441 788 1491; x_wconf 87' lang='lat' dir='ltr'><strong>Et</strong></span> <span class='ocrx_word' id='word_1_144' title='bbox 800 1441 853 1493; x_wconf 90' lang='lat' dir='ltr'><strong>ideo</strong></span> 
     </span>
     <span class='ocr_line' id='line_1_19' title="bbox 49 1500 854 1574; baseline 0.021 -25"><span class='ocrx_word' id='word_1_145' title='bbox 49 1500 174 1565; x_wconf 75' lang='lat' dir='ltr'><strong>dionysius</strong></span> <span class='ocrx_word' id='word_1_146' title='bbox 187 1500 255 1563; x_wconf 89' lang='lat' dir='ltr'><strong>dicit,</strong></span> <span class='ocrx_word' id='word_1_147' title='bbox 266 1500 327 1566; x_wconf 76' lang='lat' dir='ltr'><strong>quod</strong></span> <span class='ocrx_word' id='word_1_148' title='bbox 337 1518 352 1549; x_wconf 88' lang='lat'>«</span> <span class='ocrx_word' id='word_1_149' title='bbox 362 1508 452 1553; x_wconf 91' lang='lat' dir='ltr'><strong>causata</strong></span> <span class='ocrx_word' id='word_1_150' title='bbox 466 1506 552 1555; x_wconf 86' lang='lat' dir='ltr'><strong>habent</strong></span> <span class='ocrx_word' id='word_1_151' title='bbox 565 1520 684 1559; x_wconf 90' lang='lat' dir='ltr'><strong>causarum</strong></span> <span class='ocrx_word' id='word_1_152' title='bbox 695 1510 854 1574; x_wconf 87' lang='lat' dir='ltr'><strong>contingentes</strong></span> 
     </span>
     <span class='ocr_line' id='line_1_20' title="bbox 46 1572 853 1649; baseline 0.021 -29"><span class='ocrx_word' id='word_1_153' title='bbox 46 1572 177 1637; x_wconf 82' lang='lat' dir='ltr'><strong>imagines,</strong></span> <span class='ocrx_word' id='word_1_154' title='bbox 197 1588 211 1618; x_wconf 84' lang='lat' dir='ltr'><strong>n</strong></span> <span class='ocrx_word' id='word_1_155' title='bbox 236 1572 260 1624; x_wconf 91' lang='lat' dir='ltr'><strong>id</strong></span> <span class='ocrx_word' id='word_1_156' title='bbox 280 1578 331 1638; x_wconf 84' lang='lat' dir='ltr'><strong>est,</strong></span> <span class='ocrx_word' id='word_1_157' title='bbox 347 1578 455 1638; x_wconf 89' lang='lat' dir='ltr'><strong>quantum</strong></span> <span class='ocrx_word' id='word_1_158' title='bbox 473 1578 586 1641; x_wconf 87' lang='lat' dir='ltr'><strong>contingit</strong></span> <span class='ocrx_word' id='word_1_159' title='bbox 602 1592 630 1629; x_wconf 90' lang='lat' dir='ltr'><strong>ea</strong></span> <span class='ocrx_word' id='word_1_160' title='bbox 648 1582 746 1649; x_wconf 83' lang='lat' dir='ltr'><strong>habene,</strong></span> <span class='ocrx_word' id='word_1_161' title='bbox 765 1588 788 1635; x_wconf 88' lang='lat' dir='ltr'><strong>ct</strong></span> <span class='ocrx_word' id='word_1_162' title='bbox 807 1599 853 1638; x_wconf 90' lang='lat' dir='ltr'><strong>nou</strong></span> 
     </span>
     <span class='ocr_line' id='line_1_21' title="bbox 46 1642 411 1711; baseline 0.005 -16"><span class='ocrx_word' id='word_1_163' title='bbox 46 1644 192 1711; x_wconf 83' lang='lat' dir='ltr'><strong>simpliciter.</strong></span> <span class='ocrx_word' id='word_1_164' title='bbox 283 1642 286 1649; x_wconf 83' lang='lat'>&#39;</span> <span class='ocrx_word' id='word_1_165' title='bbox 409 1696 411 1703; x_wconf 78' lang='grc'>,</span> 
     </span>
    </p>

    <p class='ocr_par' dir='ltr' id='par_1_6' title="bbox 45 1717 852 1935">
     <span class='ocr_line' id='line_1_22' title="bbox 74 1717 851 1788; baseline 0.015 -21"><span class='ocrx_word' id='word_1_166' title='bbox 74 1718 108 1768; x_wconf 76' lang='lat' dir='ltr'><strong>id</strong></span> <span class='ocrx_word' id='word_1_167' title='bbox 128 1717 258 1768; x_wconf 89' lang='lat' dir='ltr'><strong>secundum</strong></span> <span class='ocrx_word' id='word_1_168' title='bbox 273 1718 406 1784; x_wconf 87' lang='lat' dir='ltr'><strong>dicendum,</strong></span> <span class='ocrx_word' id='word_1_169' title='bbox 420 1720 480 1786; x_wconf 81' lang='lat' dir='ltr'><strong>quoa</strong></span> <span class='ocrx_word' id='word_1_170' title='bbox 498 1722 619 1788; x_wconf 76' lang='lat' dir='ltr'><strong>Dionysius</strong></span> <span class='ocrx_word' id='word_1_171' title='bbox 637 1726 748 1783; x_wconf 84' lang='lat' dir='ltr'><strong>assimilat</strong></span> <span class='ocrx_word' id='word_1_172' title='bbox 762 1728 851 1779; x_wconf 85' lang='lat' dir='ltr'><strong>radium</strong></span> 
     </span>
     <span class='ocr_line' id='line_1_23' title="bbox 45 1789 852 1860; baseline 0.014 -20"><span class='ocrx_word' id='word_1_173' title='bbox 45 1790 141 1841; x_wconf 84' lang='lat' dir='ltr'><strong>solarem</strong></span> <span class='ocrx_word' id='word_1_174' title='bbox 159 1789 247 1842; x_wconf 85' lang='lat' dir='ltr'><strong>divinae</strong></span> <span class='ocrx_word' id='word_1_175' title='bbox 260 1792 357 1842; x_wconf 84' lang='lat' dir='ltr'><strong>bonitati</strong></span> <span class='ocrx_word' id='word_1_176' title='bbox 368 1796 478 1857; x_wconf 89' lang='lat' dir='ltr'><strong>quantum</strong></span> <span class='ocrx_word' id='word_1_177' title='bbox 491 1796 521 1845; x_wconf 91' lang='lat' dir='ltr'><strong>ad</strong></span> <span class='ocrx_word' id='word_1_178' title='bbox 534 1797 698 1860; x_wconf 82' lang='lat' dir='ltr'><strong>causalitatem,</strong></span> <span class='ocrx_word' id='word_1_179' title='bbox 713 1814 758 1851; x_wconf 92' lang='lat' dir='ltr'><strong>non</strong></span> <span class='ocrx_word' id='word_1_180' title='bbox 770 1814 852 1851; x_wconf 89' lang='lat' dir='ltr'><strong>secun·</strong></span> 
     </span>
     <span class='ocr_line' id='line_1_24' title="bbox 46 1861 849 1935; baseline 0.015 -24"><span class='ocrx_word' id='word_1_181' title='bbox 46 1861 97 1912; x_wconf 86' lang='lat' dir='ltr'><strong>dim</strong></span> <span class='ocrx_word' id='word_1_182' title='bbox 110 1862 253 1927; x_wconf 88' lang='lat' dir='ltr'><strong>dignitatem</strong></span> <span class='ocrx_word' id='word_1_183' title='bbox 265 1867 352 1915; x_wconf 81' lang='lat' dir='ltr'><strong>natura</strong></span> <span class='ocrx_word' id='word_1_184' title='bbox 362 1903 368 1925; x_wconf 92' lang='lat'><strong>,</strong></span> <span class='ocrx_word' id='word_1_185' title='bbox 380 1879 430 1929; x_wconf 81' lang='lat' dir='ltr'><strong>quae</strong></span> <span class='ocrx_word' id='word_1_186' title='bbox 439 1866 562 1930; x_wconf 80' lang='lat' dir='ltr'><strong>requiritur</strong></span> <span class='ocrx_word' id='word_1_187' title='bbox 575 1868 724 1921; x_wconf 78' lang='lat' dir='ltr'><strong>adactionem</strong></span> <span class='ocrx_word' id='word_1_188' title='bbox 735 1870 849 1935; x_wconf 90' lang='lat' dir='ltr'><strong>imaginis.</strong></span> 
     </span>
    </p>

    <p class='ocr_par' dir='ltr' id='par_1_7' title="bbox 44 1934 853 2573">
     <span class='ocr_line' id='line_1_25' title="bbox 74 1934 851 2005; baseline 0.012 -20"><span class='ocrx_word' id='word_1_189' title='bbox 74 1936 107 1986; x_wconf 78' lang='lat' dir='ltr'><strong>td</strong></span> <span class='ocrx_word' id='word_1_190' title='bbox 123 1934 223 1986; x_wconf 87' lang='lat' dir='ltr'><strong>tertiam</strong></span> <span class='ocrx_word' id='word_1_191' title='bbox 246 1935 380 1999; x_wconf 89' lang='lat' dir='ltr'><strong>dicendum,</strong></span> <span class='ocrx_word' id='word_1_192' title='bbox 400 1936 459 2001; x_wconf 85' lang='lat' dir='ltr'><strong>qndd</strong></span> <span class='ocrx_word' id='word_1_193' title='bbox 477 1938 611 1991; x_wconf 82' lang='lat' dir='ltr'><strong>universum</strong></span> <span class='ocrx_word' id='word_1_194' title='bbox 630 1945 666 1991; x_wconf 88' lang='lat' dir='ltr'><strong>est</strong></span> <span class='ocrx_word' id='word_1_195' title='bbox 682 1942 807 2005; x_wconf 81' lang='lat' dir='ltr'><strong>perfectius</strong></span> <span class='ocrx_word' id='word_1_196' title='bbox 827 1944 851 1994; x_wconf 93' lang='lat' dir='ltr'><strong>in</strong></span> 
     </span>
     <span class='ocr_line' id='line_1_26' title="bbox 45 2006 850 2079; baseline 0.009 -22"><span class='ocrx_word' id='word_1_197' title='bbox 45 2007 146 2058; x_wconf 84' lang='lat' dir='ltr'><strong>bonitate</strong></span> <span class='ocrx_word' id='word_1_198' title='bbox 159 2006 232 2072; x_wconf 80' lang='lat' dir='ltr'><strong>quim</strong></span> <span class='ocrx_word' id='word_1_199' title='bbox 248 2006 411 2059; x_wconf 87' lang='lat' dir='ltr'><strong>intellectualis</strong></span> <span class='ocrx_word' id='word_1_200' title='bbox 424 2014 541 2074; x_wconf 83' lang='lat' dir='ltr'><strong>creatura,</strong></span> <span class='ocrx_word' id='word_1_201' title='bbox 558 2011 676 2062; x_wconf 72' lang='lat' dir='ltr'><strong>extensive</strong></span> <span class='ocrx_word' id='word_1_202' title='bbox 693 2016 716 2062; x_wconf 90' lang='lat' dir='ltr'><strong>et</strong></span> <span class='ocrx_word' id='word_1_203' title='bbox 731 2014 850 2079; x_wconf 79' lang='lat' dir='ltr'><strong>diiiusive3</strong></span> 
     </span>
     <span class='ocr_line' id='line_1_27' title="bbox 45 2078 852 2150; baseline 0.012 -23"><span class='ocrx_word' id='word_1_204' title='bbox 45 2080 82 2129; x_wconf 81' lang='lat' dir='ltr'><strong>sed</strong></span> <span class='ocrx_word' id='word_1_205' title='bbox 97 2078 219 2129; x_wconf 78' lang='lat' dir='ltr'><strong>intensive</strong></span> <span class='ocrx_word' id='word_1_206' title='bbox 230 2082 254 2128; x_wconf 90' lang='lat' dir='ltr'><strong>et</strong></span> <span class='ocrx_word' id='word_1_207' title='bbox 265 2078 383 2131; x_wconf 80' lang='lat' dir='ltr'><strong>collectivi</strong></span> <span class='ocrx_word' id='word_1_208' title='bbox 394 2079 517 2133; x_wconf 87' lang='lat' dir='ltr'><strong>similitudo</strong></span> <span class='ocrx_word' id='word_1_209' title='bbox 527 2082 612 2134; x_wconf 81' lang='lat' dir='ltr'><strong>divine</strong></span> <span class='ocrx_word' id='word_1_210' title='bbox 620 2083 768 2147; x_wconf 83' lang='lat' dir='ltr'><strong>perfectionis</strong></span> <span class='ocrx_word' id='word_1_211' title='bbox 778 2086 852 2150; x_wconf 89' lang='lat' dir='ltr'><strong>magis</strong></span> 
     </span>
     <span class='ocr_line' id='line_1_28' title="bbox 44 2148 849 2219; baseline 0.011 -20"><span class='ocrx_word' id='word_1_212' title='bbox 44 2149 161 2201; x_wconf 79' lang='lat' dir='ltr'><strong>inuenitur</strong></span> <span class='ocrx_word' id='word_1_213' title='bbox 174 2149 201 2199; x_wconf 89' lang='lat' dir='ltr'><strong>in</strong></span> <span class='ocrx_word' id='word_1_214' title='bbox 215 2148 365 2217; x_wconf 79' lang='lat' dir='ltr'><strong>intellectuali</strong></span> <span class='ocrx_word' id='word_1_215' title='bbox 375 2152 492 2215; x_wconf 86' lang='lat' dir='ltr'><strong>creatura,</strong></span> <span class='ocrx_word' id='word_1_216' title='bbox 501 2167 552 2217; x_wconf 81' lang='lat' dir='ltr'><strong>qua</strong></span> <span class='ocrx_word' id='word_1_217' title='bbox 563 2156 599 2203; x_wconf 86' lang='lat' dir='ltr'><strong>est</strong></span> <span class='ocrx_word' id='word_1_218' title='bbox 609 2167 682 2219; x_wconf 80' lang='lat' dir='ltr'><strong>capax</strong></span> <span class='ocrx_word' id='word_1_219' title='bbox 694 2155 779 2204; x_wconf 90' lang='lat' dir='ltr'><strong>summi</strong></span> <span class='ocrx_word' id='word_1_220' title='bbox 787 2158 849 2207; x_wconf 90' lang='lat' dir='ltr'><strong>beni.</strong></span> 
     </span>
     <span class='ocr_line' id='line_1_29' title="bbox 44 2220 852 2288; baseline 0.014 -20"><span class='ocrx_word' id='word_1_221' title='bbox 44 2221 84 2271; x_wconf 85' lang='lat' dir='ltr'><strong>Vel</strong></span> <span class='ocrx_word' id='word_1_222' title='bbox 95 2221 224 2275; x_wconf 89' lang='lat' dir='ltr'><strong>dicendum</strong></span> <span class='ocrx_word' id='word_1_223' title='bbox 235 2220 297 2284; x_wconf 87' lang='lat' dir='ltr'><strong>qudd</strong></span> <span class='ocrx_word' id='word_1_224' title='bbox 307 2235 360 2285; x_wconf 89' lang='lat' dir='ltr'><strong>pars</strong></span> <span class='ocrx_word' id='word_1_225' title='bbox 374 2235 419 2273; x_wconf 89' lang='lat' dir='ltr'><strong>non</strong></span> <span class='ocrx_word' id='word_1_226' title='bbox 429 2222 621 2275; x_wconf 85' lang='lat' dir='ltr'><strong>dividiturcontna</strong></span> <span class='ocrx_word' id='word_1_227' title='bbox 632 2228 714 2288; x_wconf 87' lang='lat' dir='ltr'><strong>totum,</strong></span> <span class='ocrx_word' id='word_1_228' title='bbox 723 2226 762 2277; x_wconf 86' lang='lat' dir='ltr'><strong>sed</strong></span> <span class='ocrx_word' id='word_1_229' title='bbox 775 2231 852 2280; x_wconf 81' lang='lat' dir='ltr'><strong>contm</strong></span> 
     </span>
     <span class='ocr_line' id='line_1_30' title="bbox 44 2290 853 2359; baseline 0.012 -17"><span class='ocrx_word' id='word_1_230' title='bbox 44 2292 108 2343; x_wconf 87' lang='lat' dir='ltr'><strong>aliam</strong></span> <span class='ocrx_word' id='word_1_231' title='bbox 123 2296 226 2359; x_wconf 85' lang='lat' dir='ltr'><strong>partem.</strong></span> <span class='ocrx_word' id='word_1_232' title='bbox 239 2292 305 2342; x_wconf 89' lang='lat' dir='ltr'><strong>Unde</strong></span> <span class='ocrx_word' id='word_1_233' title='bbox 315 2290 367 2343; x_wconf 86' lang='lat' dir='ltr'><strong>cim</strong></span> <span class='ocrx_word' id='word_1_234' title='bbox 379 2292 461 2343; x_wconf 86' lang='lat' dir='ltr'><strong>dicitnr</strong></span> <span class='ocrx_word' id='word_1_235' title='bbox 473 2294 534 2358; x_wconf 78' lang='lat' dir='ltr'><strong>quod</strong></span> <span class='ocrx_word' id='word_1_236' title='bbox 542 2296 591 2346; x_wconf 91' lang='lat' dir='ltr'><strong>sela</strong></span> <span class='ocrx_word' id='word_1_237' title='bbox 602 2299 684 2346; x_wconf 82' lang='lat' dir='ltr'><strong>natura</strong></span> <span class='ocrx_word' id='word_1_238' title='bbox 692 2295 853 2352; x_wconf 84' lang='lat' dir='ltr'><strong>intellectualis</strong></span> 
     </span>
     <span class='ocr_line' id='line_1_31' title="bbox 45 2364 852 2431; baseline 0.011 -18"><span class='ocrx_word' id='word_1_239' title='bbox 45 2368 79 2413; x_wconf 87' lang='lat' dir='ltr'><strong>est</strong></span> <span class='ocrx_word' id='word_1_240' title='bbox 86 2366 113 2416; x_wconf 89' lang='lat' dir='ltr'><strong>ad</strong></span> <span class='ocrx_word' id='word_1_241' title='bbox 125 2364 255 2428; x_wconf 88' lang='lat' dir='ltr'><strong>imaginem</strong></span> <span class='ocrx_word' id='word_1_242' title='bbox 264 2364 314 2425; x_wconf 80' lang='lat' dir='ltr'><strong>liei,</strong></span> <span class='ocrx_word' id='word_1_243' title='bbox 323 2370 370 2414; x_wconf 89' lang='lat' dir='ltr'><strong>non</strong></span> <span class='ocrx_word' id='word_1_244' title='bbox 380 2365 507 2415; x_wconf 80' lang='lat' dir='ltr'><strong>excluditur</strong></span> <span class='ocrx_word' id='word_1_245' title='bbox 517 2368 572 2431; x_wconf 89' lang='lat' dir='ltr'><strong>quin</strong></span> <span class='ocrx_word' id='word_1_246' title='bbox 583 2367 715 2418; x_wconf 84' lang='lat' dir='ltr'><strong>universnm</strong></span> <span class='ocrx_word' id='word_1_247' title='bbox 725 2371 852 2423; x_wconf 84' lang='lat' dir='ltr'><strong>secunddm</strong></span> 
     </span>
     <span class='ocr_line' id='line_1_32' title="bbox 44 2435 852 2501; baseline 0.01 -16"><span class='ocrx_word' id='word_1_248' title='bbox 44 2436 142 2501; x_wconf 87' lang='lat' dir='ltr'><strong>aliquam</strong></span> <span class='ocrx_word' id='word_1_249' title='bbox 163 2436 201 2487; x_wconf 91' lang='lat' dir='ltr'><strong>sui</strong></span> <span class='ocrx_word' id='word_1_250' title='bbox 218 2438 307 2499; x_wconf 84' lang='lat' dir='ltr'><strong>partem</strong></span> <span class='ocrx_word' id='word_1_251' title='bbox 327 2436 358 2485; x_wconf 91' lang='lat' dir='ltr'><strong>sit</strong></span> <span class='ocrx_word' id='word_1_252' title='bbox 374 2437 402 2485; x_wconf 88' lang='lat' dir='ltr'><strong>ad</strong></span> <span class='ocrx_word' id='word_1_253' title='bbox 423 2435 545 2501; x_wconf 87' lang='lat' dir='ltr'><strong>imaginem</strong></span> <span class='ocrx_word' id='word_1_254' title='bbox 564 2438 619 2500; x_wconf 75' lang='lat' dir='ltr'><strong>liei,</strong></span> <span class='ocrx_word' id='word_1_255' title='bbox 640 2440 681 2490; x_wconf 88' lang='lat' dir='ltr'><strong>scd</strong></span> <span class='ocrx_word' id='word_1_256' title='bbox 701 2441 852 2493; x_wconf 82' lang='lat' dir='ltr'><strong>excluduntur</strong></span> 
     </span>
     <span class='ocr_line' id='line_1_33' title="bbox 44 2506 312 2573; baseline 0.007 -18"><span class='ocrx_word' id='word_1_257' title='bbox 44 2508 89 2560; x_wconf 83' lang='lat' dir='ltr'><strong>alia</strong></span> <span class='ocrx_word' id='word_1_258' title='bbox 102 2512 183 2573; x_wconf 87' lang='lat' dir='ltr'><strong>pantes</strong></span> <span class='ocrx_word' id='word_1_259' title='bbox 198 2506 312 2557; x_wconf 80' lang='lat' dir='ltr'><strong>uniuersi.</strong></span> 
     </span>
    </p>

    <p class='ocr_par' dir='ltr' id='par_1_8' title="bbox 44 2578 851 3007">
     <span class='ocr_line' id='line_1_34' title="bbox 72 2578 851 2646; baseline 0.008 -16"><span class='ocrx_word' id='word_1_260' title='bbox 72 2581 105 2631; x_wconf 80' lang='lat' dir='ltr'><strong>nd</strong></span> <span class='ocrx_word' id='word_1_261' title='bbox 115 2582 224 2643; x_wconf 74' lang='lat' dir='ltr'><strong>quaestum</strong></span> <span class='ocrx_word' id='word_1_262' title='bbox 235 2578 364 2642; x_wconf 86' lang='lat' dir='ltr'><strong>dicendum,</strong></span> <span class='ocrx_word' id='word_1_263' title='bbox 375 2579 434 2643; x_wconf 90' lang='lat' dir='ltr'><strong>qu&#39;od</strong></span> <span class='ocrx_word' id='word_1_264' title='bbox 446 2582 531 2646; x_wconf 66' lang='lat' dir='ltr'><strong>imago</strong></span> <span class='ocrx_word' id='word_1_265' title='bbox 543 2582 759 2645; x_wconf 83' lang='lat' dir='ltr'><strong>accipitunchetio</strong></span> <span class='ocrx_word' id='word_1_266' title='bbox 770 2598 851 2636; x_wconf 89' lang='lat' dir='ltr'><strong>secuu-</strong></span> 
     </span>
     <span class='ocr_line' id='line_1_35' title="bbox 45 2649 851 2721; baseline 0.01 -22"><span class='ocrx_word' id='word_1_267' title='bbox 45 2650 94 2701; x_wconf 84' lang='lat' dir='ltr'><strong>dim</strong></span> <span class='ocrx_word' id='word_1_268' title='bbox 109 2651 226 2701; x_wconf 87' lang='lat' dir='ltr'><strong>nationem</strong></span> <span class='ocrx_word' id='word_1_269' title='bbox 238 2649 408 2714; x_wconf 86' lang='lat' dir='ltr'><strong>similitudinis,</strong></span> <span class='ocrx_word' id='word_1_270' title='bbox 423 2666 467 2717; x_wconf 91' lang='lat' dir='ltr'><strong>qua</strong></span> <span class='ocrx_word' id='word_1_271' title='bbox 479 2652 622 2704; x_wconf 85' lang='lat' dir='ltr'><strong>artiieiatum</strong></span> <span class='ocrx_word' id='word_1_272' title='bbox 634 2654 736 2704; x_wconf 87' lang='lat' dir='ltr'><strong>imitatur</strong></span> <span class='ocrx_word' id='word_1_273' title='bbox 751 2656 851 2721; x_wconf 87' lang='lat' dir='ltr'><strong>speciem</strong></span> 
     </span>
     <span class='ocr_line' id='line_1_36' title="bbox 44 2721 851 2789; baseline 0.005 -18"><span class='ocrx_word' id='word_1_274' title='bbox 44 2724 96 2774; x_wconf 86' lang='lat' dir='ltr'><strong>artis</strong></span> <span class='ocrx_word' id='word_1_275' title='bbox 112 2737 165 2787; x_wconf 77' lang='lat' dir='ltr'><strong>quae</strong></span> <span class='ocrx_word' id='word_1_276' title='bbox 181 2727 217 2773; x_wconf 89' lang='lat' dir='ltr'><strong>est</strong></span> <span class='ocrx_word' id='word_1_277' title='bbox 231 2721 257 2771; x_wconf 91' lang='lat' dir='ltr'><strong>in</strong></span> <span class='ocrx_word' id='word_1_278' title='bbox 272 2725 349 2773; x_wconf 86' lang='lat' dir='ltr'><strong>mente</strong></span> <span class='ocrx_word' id='word_1_279' title='bbox 365 2723 464 2774; x_wconf 82' lang='lat' dir='ltr'><strong>artificis.</strong></span> <span class='ocrx_word' id='word_1_280' title='bbox 479 2724 518 2774; x_wconf 88' lang='lat' dir='ltr'><strong>Sic</strong></span> <span class='ocrx_word' id='word_1_281' title='bbox 534 2729 610 2775; x_wconf 87' lang='lat' dir='ltr'><strong>autem</strong></span> <span class='ocrx_word' id='word_1_282' title='bbox 624 2726 731 2789; x_wconf 78' lang='lat' dir='ltr'><strong>quaelihet</strong></span> <span class='ocrx_word' id='word_1_283' title='bbox 749 2731 851 2777; x_wconf 81' lang='lat' dir='ltr'><strong>creatura</strong></span> 
     </span>
     <span class='ocr_line' id='line_1_37' title="bbox 45 2795 850 2861; baseline 0.004 -18"><span class='ocrx_word' id='word_1_284' title='bbox 45 2801 77 2845; x_wconf 86' lang='lat' dir='ltr'><strong>est</strong></span> <span class='ocrx_word' id='word_1_285' title='bbox 89 2797 167 2859; x_wconf 85' lang='lat' dir='ltr'><strong>imago</strong></span> <span class='ocrx_word' id='word_1_286' title='bbox 179 2795 279 2847; x_wconf 82' lang='lat' dir='ltr'><strong>rationis</strong></span> <span class='ocrx_word' id='word_1_287' title='bbox 293 2796 442 2861; x_wconf 77' lang='lat' dir='ltr'><strong>exemplaris,</strong></span> <span class='ocrx_word' id='word_1_288' title='bbox 460 2810 530 2861; x_wconf 85' lang='lat' dir='ltr'><strong>quam</strong></span> <span class='ocrx_word' id='word_1_289' title='bbox 543 2798 612 2848; x_wconf 80' lang='lat' dir='ltr'><strong>naum</strong></span> <span class='ocrx_word' id='word_1_290' title='bbox 629 2798 653 2847; x_wconf 90' lang='lat' dir='ltr'><strong>in</strong></span> <span class='ocrx_word' id='word_1_291' title='bbox 671 2803 750 2849; x_wconf 89' lang='lat' dir='ltr'><strong>mente</strong></span> <span class='ocrx_word' id='word_1_292' title='bbox 764 2797 850 2847; x_wconf 86' lang='lat' dir='ltr'><strong>divina.</strong></span> 
     </span>
     <span class='ocr_line' id='line_1_38' title="bbox 45 2865 850 2933; baseline 0.002 -18"><span class='ocrx_word' id='word_1_293' title='bbox 45 2868 79 2916; x_wconf 82' lang='lat' dir='ltr'><strong>Sic</strong></span> <span class='ocrx_word' id='word_1_294' title='bbox 90 2871 170 2919; x_wconf 66' lang='lat' dir='ltr'><strong>aumm</strong></span> <span class='ocrx_word' id='word_1_295' title='bbox 180 2880 229 2918; x_wconf 87' lang='lat' dir='ltr'><strong>non</strong></span> <span class='ocrx_word' id='word_1_296' title='bbox 240 2865 357 2929; x_wconf 85' lang='lat' dir='ltr'><strong>loquimur</strong></span> <span class='ocrx_word' id='word_1_297' title='bbox 366 2880 427 2918; x_wconf 89' lang='lat' dir='ltr'><strong>nunc</strong></span> <span class='ocrx_word' id='word_1_298' title='bbox 439 2870 468 2919; x_wconf 90' lang='lat' dir='ltr'><strong>de</strong></span> <span class='ocrx_word' id='word_1_299' title='bbox 479 2868 592 2933; x_wconf 73' lang='lat' dir='ltr'><strong>imagine,</strong></span> <span class='ocrx_word' id='word_1_300' title='bbox 602 2870 643 2922; x_wconf 86' lang='lat' dir='ltr'><strong>sod</strong></span> <span class='ocrx_word' id='word_1_301' title='bbox 654 2868 780 2920; x_wconf 77' lang='lat' dir='ltr'><strong>secundum</strong></span> <span class='ocrx_word' id='word_1_302' title='bbox 789 2866 850 2931; x_wconf 81' lang='lat' dir='ltr'><strong>quod</strong></span> 
     </span>
     <span class='ocr_line' id='line_1_39' title="bbox 47 2936 851 3007; baseline 0.004 -21"><span class='ocrx_word' id='word_1_303' title='bbox 47 2938 169 2989; x_wconf 79' lang='lat' dir='ltr'><strong>attenditur</strong></span> <span class='ocrx_word' id='word_1_304' title='bbox 178 2936 305 2990; x_wconf 79' lang='lat' dir='ltr'><strong>secundum</strong></span> <span class='ocrx_word' id='word_1_305' title='bbox 316 2938 488 2991; x_wconf 87' lang='lat' dir='ltr'><strong>similitudinem</strong></span> <span class='ocrx_word' id='word_1_306' title='bbox 496 2943 595 3005; x_wconf 75' lang='lat' dir='ltr'><strong>nature,</strong></span> <span class='ocrx_word' id='word_1_307' title='bbox 603 2945 671 3007; x_wconf 87' lang='lat' dir='ltr'><strong>pmnt</strong></span> <span class='ocrx_word' id='word_1_308' title='bbox 679 2939 768 2991; x_wconf 85' lang='lat' dir='ltr'><strong>scilieet</strong></span> <span class='ocrx_word' id='word_1_309' title='bbox 776 2938 851 3002; x_wconf 82' lang='lat' dir='ltr'><strong>primo</strong></span> 
     </span>
    </p>
   </div>
   <div class='ocr_carea' id='block_1_5' title="bbox 0 0 996 3309">
    <p class='ocr_par' dir='ltr' id='par_1_9' title="bbox 0 0 996 3309">
     <span class='ocr_line' id='line_1_40' title="bbox 0 0 996 3309; baseline 0 2"><span class='ocrx_word' id='word_1_310' title='bbox 0 0 996 3309; x_wconf 95' lang='lat' dir='ltr'><strong> </strong></span> 
     </span>
    </p>
   </div>
  </div>
 </body>
</html>
