1984 3309
176 148 207 184 nn
223 144 361 199 cotosmor,
375 146 418 193 om
432 148 476 187 ssu
491 146 567 187 lorus
582 146 741 189 renuardum.
813 139 859 189 tat

53 220 212 285 sententiam,
224 225 250 275 tlt
263 224 351 277 electio.
373 224 424 275 Non
436 238 490 289 ergo
503 238 629 279 censensus
642 229 678 278 est
694 226 767 277 soldnr
780 227 809 279 de
822 227 860 278 iris

53 308 108 358 que
121 297 177 344 sunt
190 294 219 345 ad
235 295 312 345 finem.

88 364 136 425 Sed
146 368 225 416 contra
235 368 280 427 est,-
288 367 347 431 quod
355 367 509 419 damascenus
519 368 603 421 ibidem
612 368 677 432 dicit,
687 369 748 433 quod
758 383 861 423 «sensus

55 438 64 500 t
78 436 130 487 sire
143 436 274 500 sententia)
286 441 322 489 est
340 440 430 503 qnando
440 441 510 492 homo
524 440 623 505 disponit
634 445 658 492 ει
671 445 743 503 amat,
757 442 818 507 quod
831 456 876 522 ex.

55 506 155 558 consilio
172 507 299 571 judicatum
321 512 364 559 est.
381 510 455 561 »Sed
472 510 592 563 consilinm
606 525 652 563 non
669 515 707 563 est
718 511 764 563 uisi
781 513 810 565 de
825 515 862 565 lus

54 593 109 643 qne
124 580 220 631 suntad
234 580 311 631 linem.
325 582 384 644 mro
397 595 441 632 nec
452 596 584 634 cousensus.

94 652 256 714 (Conclusio.
272 679 303 689 -
315 650 371 703 Cirm
389 666 515 715 consensus
532 654 625 719 proprie
639 654 753 719 loquendo
770 656 863 709 nonsit

55 722 105 773 nisi
117 721 240 789 applicatio
254 726 328 775 motus
341 724 461 788 appetitiri
471 726 501 775 ad
512 724 535 775 id
545 726 606 789 quod
623 739 652 777 ex
666 727 761 777 consilio
773 728 862 793 judica-

59 796 171 857 tumeat,
186 798 209 845 et
222 794 341 845 musillnm
354 808 401 847 non
417 796 447 846 sit
459 796 551 857 niside
560 796 597 846 his
609 811 660 861 qua
676 801 731 847 sunt
744 798 860 862 adfinem,

56 871 151 919 constat
161 880 295 919 consensum
304 868 373 920 etiam
385 866 476 934 proprit
487 881 533 920 non
542 882 593 919 esse
604 868 650 919 nisi
661 870 689 919 de
698 869 736 919 iris
744 884 795 934 qna
807 874 861 921 sunt

56 942 85 991 ad
97 939 193 1003 finem.)

89 1010 229 1075 {despondeo
246 1010 379 1075 dicendum,
394 1011 455 1077 quod
473 1028 603 1064 consensus
615 1012 717 1064 nominat
729 1013 863 1078 applicatio·

57 1097 114 1135 nem
124 1080 248 1148 appetitiri
257 1087 334 1133 motus
342 1084 371 1134 ad
380 1083 463 1148 aliquid
474 1086 624 1149 praeexistens
631 1084 656 1135 in
665 1088 778 1149 potestate
789 1087 862 1151 appll-

56 1155 143 1207 cantis.
153 1156 180 1205 In
187 1154 267 1205 ordine
275 1158 351 1205 autem
358 1154 484 1219 agibilium,
493 1156 566 1220 primo
574 1156 667 1220 quidem
675 1160 765 1221 oportet
773 1170 862 1209 sumere

56 1226 266 1292 apprehensionem
280 1226 347 1288 linis,
361 1225 442 1277 deinde
462 1228 587 1291 appetitum
603 1240 681 1279 eorum
693 1241 744 1291 quer
763 1232 817 1281 sunt
834 1230 863 1278 ad

57 1300 144 1361 finemr
160 1300 274 1365 appetitus
291 1302 368 1350 antem
388 1297 414 1349 in
427 1298 532 1349 ultimum
550 1299 619 1349 duem
631 1300 705 1351 tendit
720 1300 861 1351 naturaliter.

57 1372 124 1423 Unde
145 1375 169 1422 et
187 1370 309 1436 applicatio
327 1374 402 1421 motus
419 1370 540 1434 appetitiri
556 1370 581 1419 in
599 1370 668 1420 tinem
681 1372 861 1435 apprehensum,

57 1443 190 1493 nonhabet
204 1441 319 1495 rationem
328 1440 466 1503 consensis,
482 1441 523 1491 sed
535 1440 646 1503 simplicis
655 1440 788 1492 uoluntatis.
806 1443 860 1501 Quae

58 1518 137 1565 autem
152 1516 205 1565 sunt
220 1516 273 1578 post
288 1510 393 1563 ultimum
403 1513 485 1574 linem,
499 1512 524 1561 in
542 1514 652 1575 quantum
668 1515 721 1561 sunt
736 1512 862 1577 adfinem,

58 1586 103 1637 sub
116 1584 212 1639 consilio
227 1585 308 1635 cadunt
323 1599 330 1632 t
344 1587 367 1635 et
383 1585 417 1635 sic
429 1586 506 1649 potest
521 1596 574 1634 esse
589 1583 618 1633 de
632 1582 665 1634 eis
684 1596 824 1647 consensus,
837 1584 863 1636 in

60 1661 172 1721 qnantum
185 1658 260 1708 motus
278 1654 416 1720 appetitirns
426 1652 557 1720 applicatur
572 1654 636 1705 adid
650 1655 710 1719 qnod
726 1667 756 1705 ex
770 1654 864 1705 consiliu

57 1729 187 1792 judicatum
207 1730 249 1779 εει.
267 1726 340 1777 Motus
359 1725 413 1778 rard
432 1723 572 1791 appetitirus
588 1726 613 1776 in
628 1726 712 1790 tinem,
726 1740 773 1777 non
790 1726 864 1790 appli-

60 1804 125 1851 catur
136 1800 248 1863 consilio,
259 1798 298 1849 sed
314 1798 386 1863 magis
399 1798 519 1849 consilium
530 1798 589 1864 ipsi3
604 1798 657 1863 quia
670 1797 789 1849 consilinm
801 1812 863 1862 prae-

60 1872 170 1937 supponit
193 1870 319 1937 appetitum
335 1870 400 1936 finis3
416 1872 455 1923 sed
469 1871 585 1935 appetitus
602 1882 681 1921 eorum
697 1884 748 1934 que
766 1870 863 1921 suntad

59 1945 143 2009 linem,
158 1940 316 2009 praesupponit
334 1940 543 1993 determinationem
561 1939 658 1993 consilii.
671 1942 700 1991 Et
717 1940 769 1991 ideo
787 1940 861 2005 appli-

58 2018 120 2068 catio
132 2015 253 2081 appetitiri
263 2010 338 2067 motus
353 2014 382 2065 ad
394 2012 605 2065 determinationem
620 2012 709 2064 consilii
723 2012 814 2077 proprie
827 2017 863 2063 est

60 2102 195 2141 consensus.
210 2088 274 2139 Unde
287 2086 339 2137 cum
352 2086 471 2138 consdinm
485 2099 532 2137 nen
550 2083 638 2136 sitnisi
653 2084 681 2134 de
693 2082 731 2133 his
743 2096 796 2147 qum
810 2087 863 2134 sunt

60 2162 88 2211 ed
106 2161 191 2223 finem,
212 2172 348 2221 consensus,
362 2158 452 2224 proprie
465 2158 595 2223 loquendo,
609 2167 656 2207 non
671 2157 706 2207 est
724 2153 771 2205 nisi
781 2154 809 2205 de
825 2154 863 2206 uis

61 2246 111 2295 quar
124 2234 180 2283 sunt
193 2230 222 2282 ad
231 2232 309 2283 finem.
657 2279 661 2286 ,

90 2304 236 2369 ltprimum
248 2316 301 2367 ergo
315 2302 448 2366 dicendum,
462 2300 522 2366 qued
534 2302 594 2352 sicut
607 2297 766 2351 conclusiones
777 2297 862 2350 scimus

60 2390 101 2441 per
117 2374 245 2441 principia,
258 2377 340 2427 horum
349 2378 485 2429 tamennon
502 2372 654 2435 estscientia,
668 2372 708 2423 sed
718 2371 779 2436 quod
788 2371 864 2435 maius

61 2454 96 2499 est
102 2486 110 2513 ,
122 2448 212 2499 scilicet
224 2446 366 2511 intellectum
377 2448 409 2498 ita
417 2446 571 2497 consentimus
582 2446 619 2495 iris
630 2458 682 2509 una
693 2444 783 2493 suntad
796 2443 863 2493 tinem

60 2522 246 2586 propterlinenm
255 2518 323 2583 'cnjus
332 2522 409 2571 lamen
417 2522 508 2571 nonest
518 2530 653 2579 consensus,
667 2516 708 2567 sed
717 2514 778 2580 quod
789 2514 864 2578 majus

63 2598 112 2655 est,
126 2592 217 2643 scilicet
235 2592 348 2651 uoluntas.

92 2665 126 2714 ld
140 2664 268 2715 secundnm
281 2660 414 2725 dicendum,
429 2660 489 2725 quod
503 2660 664 2725 intemperatus
679 2659 749 2709 habet
766 2669 808 2721 pro
819 2655 864 2707 tine

63 2734 238 2800 delectationem
251 2732 342 2797 operis,
356 2738 449 2797 propter
462 2746 532 2796 quarn
544 2732 659 2783 consentit
671 2729 696 2779 in
706 2742 777 2791 opus,
792 2728 865 2789 magis

63 2806 129 2869 quarn
142 2808 168 2857 in
179 2806 255 2871 ipsam
267 2805 431 2869 operationem.
455 2832 457 2836 ·

93 2881 126 2933 al
139 2880 233 2933 tertium
247 2879 383 2943 dicendum,
394 2876 459 2942 ,quod
472 2876 554 2938 electio
570 2877 633 2931 addit
649 2885 719 2941 supra
730 2883 864 2924 musenanm
