1984 3309
248 192 278 228 DE
293 185 454 226 olutufflonu
469 178 624 222 ARGELORUU·
789 162 833 208 521

41 279 71 325 cst
84 275 169 339 sporta
181 270 211 320 ad
227 264 395 331 susupteudun
404 261 522 312 sedentem
540 273 545 306 :
558 256 591 306 ita
605 257 629 305 et
642 252 682 303 isti
694 249 771 314 augeli
783 250 836 298 suut

40 361 73 410 per
88 339 295 410 promptitudinem
312 337 385 400 aperti
403 335 431 384 ad
446 329 616 394 suscipiendum
634 325 705 374 Deum
724 325 747 372 et
765 321 837 370 fumu-

42 419 129 469 tandum
140 413 197 478 ipsi.

327 511 491 567 ARTIGULUS
505 511 544 558 Vi.

105 651 196 696 Utrum
206 645 371 692 crrnuertienter
380 640 470 698 produc
483 635 595 682 ordinum
609 631 770 687 ussipnentrrr.

69 782 102 831 sd
126 780 220 830 sextum
240 775 274 824 sic
295 770 433 836 proceditur.
456 765 551 816 Videtur
572 760 633 826 quud
655 757 841 810 inconvenienter

43 854 120 914 gradus
134 847 245 900 ordinum
261 844 416 906 assignentur.
436 837 496 888 Grdo
515 836 578 886 enim
595 833 738 896 prelatorum
753 829 843 878 ridetur

44 939 89 976 esse
106 933 239 986 supremus.
256 918 302 967 Sed
319 912 501 968 nominationes,
518 905 696 970 principatuset
713 903 843 952 potestates

45 1011 70 1046 er
81 996 139 1062 ipsis
157 990 290 1042 nominibus
304 985 461 1052 pretationem
476 982 599 1046 quamdam
616 977 710 1027 tratrem.
729 975 788 1036 Ergo
804 972 844 1022 isti

45 1068 133 1118 ordines
147 1065 233 1114 debent
244 1073 295 1111 esse
308 1059 367 1108 iuter
381 1068 461 1106 omnes
474 1051 582 1116 supremi.

74 1146 96 1189 n.
113 1141 243 1196 preterca,
253 1130 339 1196 quanto
349 1128 433 1192 atiqus
441 1127 497 1177 ordo
508 1127 543 1176 est
554 1125 601 1172 Gso
612 1118 770 1185 propinquior,
782 1115 844 1166 tantu

48 1217 79 1261 cst
87 1209 200 1274 superior.
212 1205 258 1256 Sed
267 1204 322 1254 ordo
331 1203 473 1251 Turonorum
484 1196 575 1248 ridetur
582 1205 633 1243 esse
644 1193 690 1241 lteo
700 1187 846 1254 propinquis·

47 1285 128 1347 simus3
143 1280 203 1331 nihil
217 1277 278 1328 eninr
296 1272 442 1338 conjungitur
455 1265 606 1334 propinquius
623 1262 710 1314 sedenti
723 1257 791 1324 qrrim
805 1269 846 1308 sua

49 1357 120 1405 sedes.
135 1355 195 1415 Ergo
208 1348 264 1400 ordo
277 1348 418 1397 Turonorum
429 1345 464 1393 cst
478 1338 611 1390 attissimus.

80 1433 101 1476 3.
116 1427 241 1484 practerea,
255 1419 351 1471 scientia
371 1420 406 1466 est
419 1414 482 1478 prior
500 1411 660 1475 coercemur,
680 1409 703 1454 et
720 1403 848 1453 intellectus

51 1500 137 1548 ridetur
153 1507 206 1546 esse
225 1490 293 1542 altior
310 1488 378 1554 quium
400 1487 513 1538 voluntas.
535 1484 593 1544 Ergo
611 1481 635 1528 ct
650 1477 705 1528 ordo
725 1470 848 1523 Cherubim

51 1571 138 1620 ridetur
152 1579 203 1617 csse
222 1564 290 1613 altior
305 1560 374 1624 quam
387 1561 442 1610 ordo
455 1553 584 1618 seraphim.

85 1645 106 1690 t.
120 1642 247 1696 prumien,
258 1633 380 1696 Gregorius
395 1629 461 1694 pouit
473 1625 618 1688 principatus
633 1632 701 1684 super
711 1617 848 1668 potestates.

54 1716 103 1764 Nou
117 1719 172 1774 ergo
188 1708 330 1759 collocantur
346 1699 479 1752 immediate
490 1709 563 1762 ‘snper
577 1691 741 1755 Archangelum
758 1691 784 1737 ut
797 1686 849 1736 Dio·

56 1785 132 1848 nysius
150 1781 212 1832 dicit

86 1857 129 1907 Sed
141 1857 220 1905 contra
230 1855 279 1913 est,
293 1847 355 1912 quod
365 1845 486 1910 Dionysius
498 1841 563 1906 ponit
577 1839 601 1888 in
614 1837 686 1901 prima
698 1833 790 1897 quidem
803 1831 852 1880 hie·

58 1928 141 1978 rarctrin
151 1923 288 1988 Seraphim
300 1919 434 1983 cuprinos,
450 1913 586 1967 Cherubim
599 1913 626 1959 ut
635 1907 733 1967 medios,
747 1905 853 1954 Turonos

59 1999 193 2060 uiuitimos3
205 1995 230 2045 iu
240 1993 315 2042 media
324 1989 387 2051 rerd,
397 1987 587 2039 Duoriuutiorres
597 1979 729 2044 erpuinus,
741 1976 854 2025 Virtutes

59 2073 83 2120 ut
92 2069 192 2131 medios,
203 2067 342 2116 Potestutes
356 2060 499 2120 diuidimus,
512 2055 535 2106 in
547 2054 639 2113 ultima,
653 2047 814 2109 Principutus
829 2045 855 2092 ut

61 2143 151 2205 primos,
167 2135 336 2200 Arctuugelos
349 2137 376 2183 nt
386 2131 488 2190 medios,
503 2125 609 2190 inpetus
620 2125 645 2171 ut
659 2118 760 2168 rdtimos.

89 2215 246 2275 (Concnusro.
256 2233 288 2244 -
299 2208 343 2256 pro
359 2202 492 2254 diuersitate
504 2192 654 2260 expositionis
669 2187 786 2240 nominum
794 2185 856 2249 ipso·

62 2281 254 2336 mmordinumiu
266 2278 366 2342 anguiis,
378 2289 425 2325 non
438 2270 498 2323 malt
508 2268 576 2319 etiarn
586 2261 710 2315 secundnm
719 2257 855 2320 Scripturas,
883 2295 905 2316 M

63 2358 192 2409 differentes
202 2351 287 2416 gradm
299 2346 447 2413 quorumdam
457 2341 570 2393 ordinum.
577 2337 590 2387 d
598 2332 708 2398 Dionysio
718 2333 742 2380 ct
750 2327 857 2390 Gregorio

63 2424 230 2490 assignantur.)
413 2459 416 2466 .

90 2497 225 2563 despondeo
243 2492 377 2553 dicendum,
394 2487 454 2550 quod
474 2484 557 2548 gradus
580 2477 733 2542 angelicorum
754 2473 859 2523 ordinum

65 2570 176 2633 assignant
192 2571 216 2617 et
232 2562 390 2626 Gregorius—et
407 2559 529 2620 Dionysius
542 2554 650 2617 qnantum
664 2548 692 2597 ad
709 2546 754 2596 alia
769 2543 859 2606 quidem

66 2635 290 2700 conuenienter,sed
300 2636 409 2697 quantum
423 2630 452 2679 ad
462 2627 627 2689 principatus
638 2623 661 2670 et
675 2617 789 2668 Virtutes
797 2612 861 2662 dide·

66 2716 144 2762 rentes.
161 2713 221 2761 Nam
233 2705 355 2769 Dionysius
367 2702 469 2752 coiiocat
487 2699 598 2748 Virtutes
612 2693 653 2752 sub
667 2684 862 2741 nominationibus

67 2786 169 2848 utsupra
188 2781 328 2839 potestates,
345 2773 507 2836 principatus
527 2771 601 2818 aretem
616 2765 657 2815 sub
674 2756 826 2812 potestatibus
839 2755 862 2802 et

68 2866 131 2916 supra
144 2854 253 2916 Angelos.
269 2845 390 2910 Gregorius
405 2847 480 2894 nutem
494 2838 560 2904 punit
580 2836 740 2898 prr'ucr'putus
754 2829 778 2877 iu
788 2823 863 2875 medio

71 2924 281 2976 pominationurnet
291 2920 444 2979 potestatum,
463 2915 577 2966 Virtutes
590 2907 644 2960 rerd
658 2907 683 2956 in
696 2899 770 2953 medio
785 2897 864 2946 potes·
