1984 3309
134 154 181 203 111
309 163 372 201 rius
387 164 410 212 i,
423 162 515 208 omnm.
530 162 628 208 lxxvii,
644 160 699 199 aar.
716 158 762 199 vm.

165 240 200 289 lo
218 239 317 303 orimum
329 252 385 302 ergo
399 238 533 301 litonum,
546 236 606 302 quod
620 238 649 287 ali
662 250 709 287 uno
724 236 830 301 aimulioi
852 251 972 304 pomum

133 311 267 361 naturaliter
279 310 349 361 multa
360 310 485 375 procedere
498 308 577 363 ordine
587 310 697 373 quodam3
707 311 730 358 el
740 308 841 371 iteruin,
858 308 984 379 propter*

133 381 289 431 diversitatem
306 382 474 447 recipientium.
488 380 527 431 eie
545 380 615 443 igitur
628 381 656 431 ei
676 392 723 429 uus
743 381 856 432 essentia
871 376 984 439 anime?

134 454 261 517 procedunt
272 454 350 504 mullo
367 457 391 503 et
404 453 500 503 diuerso
519 452 644 516 potentio,
660 456 710 501 tum
728 454 824 515 propter
842 457 984 525 ordinem}

133 525 299 589 potentiarum,
308 529 355 575 tum
366 525 622 590 propterdiiersitatam
630 536 765 587 organorum
774 528 969 587 corporalium,
983 526 984 573 ἶ

166 597 201 647 llil
217 598 341 647 secundum
351 596 476 646 uiuendum
483 633 492 660 ,
505 594 564 659 quod
577 596 707 657 subjeetum
721 596 758 643 eet
771 606 846 647 caiisa
863 598 970 665 proprii
983 614 984 651 3

135 667 268 731 tondentis,
277 670 301 717 et
314 666 397 730 finalis,
409 670 434 717 et
445 668 609 730 quodammodo
616 666 701 727 activa,
714 665 821 715 atellam
835 672 866 717 ut
879 676 969 723 mate.

135 738 207 800 umis,
215 739 240 790 iu
250 742 360 803 quantum
372 742 408 789 est
417 738 573 802 numantinum
582 737 716 789 accidentis.
729 738 758 787 m
767 748 796 786 ex
805 738 859 789 hoe
869 746 969 805 potest

135 810 209 875 aooiqii
216 810 276 875 quod
285 810 386 861 essentia
394 810 475 859 animae
481 812 519 861 est
527 822 596 859 eausa
606 808 707 859 omnium
715 807 882 873 potentiarum
893 814 967 865 siem

134 880 203 943 inin,
218 885 243 931 et
260 881 323 932 nient
340 880 478 946 principium
490 880 604 944 aelirum3
617 880 765 943 quarumdam
785 880 872 931 intem
892 885 965 936 siout
983 892 984 897 ’

134 952 299 1017 susceptivam.

166 1024 200 1074 ld
216 1023 310 1074 tertium
323 1023 443 1074 dioondum
449 1022 531 1087 ‚quod
545 1020 658 1073 emanatio
674 982 816 1085 propriorum
834 1024 962 1078 nunidem-

134 1094 193 1145 tlum
203 1094 328 1158 ambiente
338 1108 384 1145 non
397 1097 434 1145 est
443 1106 484 1158 per
496 1094 595 1158 aliquam
608 1090 832 1153 transmutationem,
849 1097 899 1146 sed
914 1112 965 1162 per

135 1165 233 1229 aliquam
241 1167 369 1217 naturalem
378 1165 558 1217 resultationem.
570 1166 633 1215 Siout
641 1170 671 1217 ex
681 1178 727 1215 uno
734 1162 875 1217 naturaliter
886 1169 962 1220 aliud

134 1238 239 1298 resultat,
254 1238 282 1286 ιιι
291 1251 321 1288 ex
331 1238 385 1287 luce
398 1238 469 1289 color.

428 1360 593 1413 tilliclitlts
608 1359 658 1410 llll.

255 1477 341 1522 Utra'em
349 1485 399 1521 terto
406 1476 512 1533 potentio
522 1476 608 1520 animm
617 1475 714 1520 ortator
723 1476 752 1519 ab
761 1476 820 1521 alio.

168 1588 203 1637 nr
217 1587 339 1651 septimum
354 1585 387 1635 sis
401 1583 583 1650 peremtum).
599 1581 694 1635 vitetis
706 1583 767 1647 quod
779 1596 826 1633 ura
837 1555 958 1648 uomens

137 1659 219 1710 aalma
229 1671 276 1708 uon
291 1658 376 1708 oriatur
386 1656 415 1707 ali
432 1656 485 1706 alia.
505 1657 589 1707 iliorum
603 1655 663 1706 enirn
676 1670 728 1718 qum
740 1654 808 1705 simul
818 1669 872 1707 esse
888 1656 960 1711 inci-
983 1702 984 1709 ,

137 1730 222 1795 quiunt,
235 1742 306 1778 uuum
324 1741 370 1778 nou
383 1726 455 1777 oritur
467 1727 496 1776 ab
512 1728 564 1777 alio.
576 1728 620 1778 Sed
636 1740 719 1779 omnen
727 1726 838 1791 potentie
857 1730 956 1782 animae
983 1738 984 1741 ’

139 1805 195 1851 suut
204 1800 262 1854 smul
272 1798 353 1849 animm
362 1800 496 1849 oonereatae.
505 1798 563 1861 Ergo
571 1811 616 1847 una
625 1811 703 1849 earum
712 1797 740 1847 ab
750 1797 795 1847 alia
803 1810 852 1847 nom
859 1798 955 1853 oritur.

168 1877 194 1924 1.
202 1874 322 1931 Proterea
339 1868 442 1933 potentia
451 1870 532 1925 amimae
544 1870 617 1923 oritur
625 1870 652 1921 ab
662 1869 746 1930 anima,
760 1868 822 1918 siout
835 1870 958 1924 arridens

139 1943 153 1995 l
164 1943 279 2007 subjecto.
289 1941 336 1991 Sed
343 1955 390 1991 una
399 1940 504 2005 potentia
513 1941 593 1991 animae
603 1954 648 1989 non
660 1942 799 2003 potestesse
809 1939 957 2004 subjeetum

137 2014 247 2078 altariue;
257 2012 315 2078 ‚quis
327 2030 341 2060 o
351 2012 477 2065 aooidentie
493 2026 540 2064 non
552 2015 591 2079 ost
602 2011 715 2063 aooideno.
733 2028 747 2059 ιι
760 2010 820 2075 Ergo
839 2027 890 2063 iana
902 2028 956 2078 po-
983 2026 984 2029 ¹

139 2086 214 2139 tentia
225 2100 272 2137 non
285 2084 357 2137 oritur
370 2084 398 2135 ab
409 2086 463 2136 alia.

171 2163 194 2209 3.
212 2160 340 2218 Praeterea,
355 2174 370 2205 u
387 2157 518 2222 oppositum
536 2170 583 2207 non
596 2154 693 2206 orituri
709 2168 750 2208 suo
764 2153 889 2219 opposito,
903 2158 954 2208 sed
983 2220 984 2223 Ἴ

137 2230 313 2295 unumquodque
326 2227 398 2279 oritur
408 2242 438 2279 ex
450 2228 519 2281 simli
535 2228 658 2279 samnitum
671 2226 779 2290 speeiem.
796 2242 810 2273 ri
825 2228 953 2279 Potentiae

138 2304 216 2353 autem
230 2300 310 2351 anima
322 2313 352 2351 en
364 2300 469 2365 opposito
486 2300 632 2360 illinuntur,
647 2298 709 2349 siout
726 2298 820 2351 diversae
839 2300 950 2361 species.

139 2373 199 2435 Ergo
211 2385 259 2423 uua
269 2384 347 2421 earnm
360 2385 407 2421 non
416 2371 519 2436 procedit
530 2373 558 2421 ab
572 2368 624 2419 alia.

170 2443 215 2493 Seu
224 2446 310 2505 contra,
319 2444 428 2506 potentiae
436 2444 604 2505 cognoscuntur
612 2453 653 2505 per
662 2443 735 2491 aetus.
744 2440 791 2489 Setl
800 2444 865 2491 aetus
874 2442 951 2492 unius

139 2515 248 2579 potentia
258 2517 364 2563 causatur
373 2515 401 2565 alr
412 2516 466 2575 alio,
476 2514 534 2563 siout
544 2515 607 2563 aetus
614 2512 740 2573 phantasia
750 2510 778 2561 ali
788 2514 840 2561 aetii
851 2525 948 2563 seusus.

140 2586 198 2648 llrgo
210 2598 257 2635 una
269 2586 373 2649 potentia
386 2584 466 2635 animae
478 2584 585 2633 causatur
598 2580 626 2629 ab
639 2580 694 2631 alia.

172 2691 206 2755 ll)
219 2695 413 2753 Doliiaetiarnl‚
424 2690 503 2743 Sunt„
513 2692 567 2737 dist.
580 2690 595 2735 3
603 2698 703 2749 ,,ᾳιιωιι
720 2689 750 2748 1,
764 2696 808 2737 art.
821 2690 851 2745 3;
844 2692 943 2749 ·,etn

139 2757 218 2806 Seno,
230 2757 284 2803 (liat.
301 2757 331 2801 at
340 2755 485 2815 ,11111111
498 2760 541 2800 art.
561 2753 588 2806 1;
605 2757 724 2810 etquaest
744 2724 786 2812 lt,
802 2752 837 2799 De
855 2754 946 2801 verit,

141 2825 186 2864 art
207 2818 238 2878 5,
253 2826 278 2865 et
291 2826 372 2875 quaest.
387 2818 431 2876 25,
446 2823 491 2863 art.
506 2816 566 2864 flod
589 2812 615 2868 1;
632 2816 691 2861 etin
705 2820 787 2873 quaest.
803 2814 893 2873 disput.
909 2816 946 2859 lle
983 2854 984 2873 ἶ

139 2882 234 2933 auimo,
248 2888 291 2927 art.
307 2878 526 2928 1311111118.
983 2894 984 2907 ι
