1984 3309
180 156 213 191 nrr
229 154 321 199 omnm
338 152 480 203 ennnrronrs
496 155 529 193 ao
542 156 734 198 nusumcsrom.
830 150 860 199 tn

61 230 173 295 accipiunt
183 230 366 293 informitatem,
379 244 425 281 non
444 230 567 283 seeundum
583 232 645 296 qudd
658 234 758 285 excludit
770 248 861 288 omnem

61 304 165 365 formam,
182 302 223 353 sed
239 300 368 352 seecundum
385 300 445 365 qndd
465 303 563 352 excludit
576 303 644 353 istam
662 304 824 357 formositatem
838 312 862 359 et

61 376 170 439 decorem,
186 373 227 437 qui
241 386 305 423 nuno
319 377 416 437 apparet
426 372 451 421 in
461 386 568 436 corporea
575 379 686 425 ereatura.
701 377 729 425 lit
739 377 861 429 secundum

61 446 103 495 hoo
115 446 194 495 dieunt
207 442 269 508 qnod
282 443 414 494 informitas
424 443 524 494 materie
535 445 657 509 corporatis
672 446 790 498 duratione
805 463 863 513 prae·

63 516 125 567 cessit
135 517 187 566 forn
197 515 298 567 ationem
313 508 428 579 ejrrsdem.
444 516 471 564 Et
487 515 533 579 sic,
545 516 740 580 secundinum,
752 524 861 583 qnantum

65 590 88 637 ad
96 588 180 651 atiquid
190 602 242 637 cnm
254 586 288 637 eis
296 586 437 649 Augustinus
445 588 577 651 coneordat,
588 592 612 638 et
620 593 727 652 quantum
740 590 768 639 ad
777 590 863 657 aliquid
919 629 923 637 .

63 659 184 723 discordat,
204 664 230 709 nt
249 658 311 708 infui
324 656 414 721 patebit
428 658 480 723 (qu.
497 663 539 721 69,
551 663 593 709 art.
614 659 651 723 t).
666 662 693 710 Et
708 664 818 724 quantum
834 676 863 714 ex

60 733 130 783 littera
139 732 238 783 Genesis
250 730 325 794 accipi
335 734 424 793 potest,
436 730 519 795 triplex
530 732 657 783 formositas
670 733 760 795 deerat,
771 739 863 799 propter

62 805 117 868 quod
133 804 255 856 dicebatur
270 807 376 853 creatura
394 803 516 865 corporalis
531 804 658 866 fusor-mis.
674 804 756 855 Deerat
769 805 832 856 eninr
849 806 863 858 i

61 880 104 927 toto
112 888 210 941 corpore
220 876 337 940 diaphano
352 874 414 936 qnod
422 873 504 923 dicitnr
511 875 602 938 omium,
610 874 778 937 pulchritudo
787 877 861 929 tucis.

64 949 121 999 Unde
131 947 216 998 dicitnr
225 945 286 1011 quod
297 946 417 995 «tenebras
427 947 490 995 erant
497 958 564 1010 snper
573 946 654 996 faciem
662 946 746 1011 abyssi.
757 964 770 994 u
782 950 864 1005 Deerat

65 1023 133 1069 autem
148 1023 217 1071 terrm
231 1018 318 1081 duplex
339 1016 483 1081 pulchritudo
502 1030 583 1076 :nna‚
599 1030 668 1080 qoam
688 1019 757 1069 hahet
775 1033 803 1069 er
820 1022 864 1071 hoo

65 1090 117 1153 qu'od
128 1096 162 1142 est
171 1088 239 1155 aquis
247 1088 391 1153 discooperta
399 1105 406 1151 ;
413 1092 436 1137 et
443 1092 551 1151 qnantum
560 1087 640 1137 adhoc
647 1087 730 1138 dieitur
737 1090 798 1153 quod
805 1094 864 1141 terra

64 1166 108 1212 erat
127 1164 213 1212 innuis
228 1160 279 1211 sive
299 1156 452 1220 invisitatis,
466 1157 518 1223 quio
536 1159 648 1222 corporali
667 1161 768 1224 aspectui
786 1166 863 1227 patere

65 1249 105 1286 non
114 1236 308 1299 poteratpropter
316 1244 387 1295 aquas
397 1230 496 1294 undique
504 1231 554 1281 cam
562 1231 727 1295 cooperientes.
738 1234 787 1283 Alia
798 1234 862 1297 rerd,

64 1321 127 1371 qnam
136 1307 206 1356 habet
216 1318 247 1355 ex
257 1305 301 1354 hoc
318 1301 379 1366 qndd
392 1305 429 1353 est
440 1306 518 1352 ornata
533 1303 610 1353 herbis
624 1307 648 1353 ct
662 1304 758 1368 pleutis3
773 1310 796 1357 et
812 1306 864 1357 ideo

64 1378 139 1429 dicium
149 1376 212 1441 qndd
226 1381 277 1427 erat
294 1390 374 1425 ooeuo
388 1387 429 1425 seu
447 1374 623 1439 incomposito,
635 1374 658 1425 id
670 1381 761 1427 estnon
774 1381 863 1442 ornata,

65 1450 183 1501 secondum
205 1448 276 1501 etiarn
291 1447 400 1497 litteram.
416 1446 445 1495 Et
460 1446 506 1508 sio,
520 1446 574 1496 eiam
591 1448 736 1512 promisisset
751 1449 807 1501 duas
820 1463 866 1501 na-

66 1526 124 1572 turas
144 1525 249 1582 creatas,
271 1518 359 1569 scilicet
376 1518 457 1569 coelum
474 1522 497 1567 et
517 1522 616 1580 terram,
636 1518 796 1571 informitatem
813 1522 865 1572 eoeli

69 1593 173 1657 expressit
187 1607 229 1659 per
243 1594 288 1643 troo
308 1590 369 1655 quod
379 1589 437 1639 dixit
451 1605 457 1639 z
474 1608 488 1638 u
501 1590 611 1642 Tenebras
622 1595 688 1641 eraut
703 1606 770 1657 super
783 1592 865 1643 faeiem

67 1665 149 1729 adspui,
164 1683 178 1713 u
196 1662 326 1715 seeundum
339 1660 403 1724 quud
412 1660 456 1731 ¹sub
472 1662 529 1711 coelo
542 1661 613 1712 etiam
628 1675 667 1713 aer
679 1662 816 1726 includitur;
830 1663 867 1715 iu·

65 1736 198 1788 formitatem
213 1734 269 1788 vend
280 1739 349 1785 terrae
355 1770 364 1797 ,
378 1746 420 1799 per
435 1734 479 1785 troc
492 1734 552 1797 qnod
567 1732 640 1808 dixit:
653 1736 744 1786 «Terra
755 1738 804 1785 erat
817 1735 867 1786 ina·

66 1808 100 1859 nis
111 1813 133 1859 et
145 1822 229 1859 rauna.
242 1824 256 1854 u

94 1880 128 1939 Ad
136 1880 235 1943 primum
246 1892 302 1943 ergo
312 1876 433 1928 dicendum
440 1913 448 1939 ,
455 1876 514 1941 dudd
523 1882 583 1929 terra
592 1878 657 1928 aliter
666 1873 776 1943 accipitur
782 1878 807 1929 in
815 1878 865 1929 loto

64 1950 104 2001 isto
119 1953 148 2002 nh
169 1950 299 2015 Augustino
316 1954 339 2001 et
359 1949 388 1999 ab
409 1948 458 1999 aliis
472 1950 564 2001 sanetis.
582 1950 719 2013 Augustinus
735 1951 796 2001 enim
816 1950 866 2001 ruit

66 2021 113 2087 (nbi
121 2022 198 2087 sopri)
211 2021 273 2086 qudd
284 2022 379 2073 nomine
391 2024 459 2072 terrae
470 2024 494 2073 et
503 2035 567 2085 aqua
576 2021 716 2085 significetur
727 2020 752 2071 in
762 2023 807 2072 hoe
817 2021 867 2072 loco

65 2092 112 2155 ipsa
127 2095 222 2147 matoria
235 2094 320 2159 prima.
333 2094 386 2145 Non
397 2092 458 2143 enim
469 2096 559 2157 poterat
569 2094 658 2158 Moyses
669 2092 719 2143 rodi
728 2093 811 2157 populo
822 2092 871 2157 pri·

67 2178 124 2217 mam
135 2165 253 2217 materiam
267 2164 415 2232 exprimere,
426 2163 469 2214 nisi
483 2166 525 2215 suh
535 2165 682 2215 similitudine
693 2178 768 2215 rerum
779 2164 813 2215 eis
827 2179 868 2215 no-

69 2240 145 2289 tarum.
161 2238 226 2291 Unde
239 2242 264 2290 et
279 2238 323 2289 suto
339 2234 461 2299 multiplici
472 2235 620 2287 similitudine
631 2250 681 2287 eam
691 2235 810 2301 exprimit,
822 2249 868 2286 non

70 2322 211 2363 recenseam
223 2310 315 2363 tantiam
328 2324 432 2374 uquam,
448 2309 485 2359 ret
500 2308 588 2370 tautim
603 2312 708 2371 ferrum,
723 2323 752 2359 ne
764 2308 869 2358 rideatur

73 2383 189 2435 eundum
198 2384 233 2434 rei
243 2380 366 2433 uerit-atem
376 2379 470 2431 materia
479 2380 552 2445 prima
559 2394 618 2441 esse,
626 2380 665 2430 rei
673 2383 741 2441 terra,
751 2379 789 2431 ret
799 2392 866 2443 aqna.

74 2452 140 2506 flatu
156 2460 234 2507 tamen
250 2452 425 2505 similitudinem
446 2466 497 2501 oum
512 2454 587 2514 terra,
603 2451 749 2515 inquantum
769 2449 871 2501 subsidet

72 2524 157 2589 fumis,
169 2530 191 2577 et
203 2540 255 2577 enm
265 2539 340 2591 aqua,
352 2524 495 2587 inquantum
506 2526 540 2574 est
553 2527 606 2587 apta
617 2521 707 2576 formari
717 2522 811 2573 diuersis
824 2521 870 2572 for-

72 2596 120 2647 mis.
135 2598 265 2648 Secundum
280 2600 326 2647 lroo
343 2608 398 2657 ergo
416 2593 499 2645 dicitur
512 2611 526 2642 n
537 2597 598 2644 terra
610 2592 684 2643 inanis
696 2596 818 2653 straena,
832 2593 870 2642 roi

72 2666 186 2721 inuisibilis
206 2676 229 2720 ct
248 2666 416 2731 incomposita,
437 2682 450 2713 u
471 2664 525 2729 quia
545 2666 640 2717 materia
657 2678 699 2727 per
718 2664 812 2714 immam
832 2677 871 2713 eo·

73 2741 191 2803 guoseitur.
201 2741 297 2794 Undeiu
307 2737 572 2791 seeonsideratadioitur
582 2734 764 2786 invier'dftisvei
774 2737 868 2797 inante,

73 2815 95 2860 et
104 2813 151 2877 ejus
161 2814 262 2878 potentio
275 2825 318 2877 per
334 2811 430 2861 formam
441 2809 550 2874 repletur.
565 2808 629 2859 Unde
640 2810 664 2857 et
678 2806 742 2858 Plato
753 2806 870 2857 materiam

76 2882 125 2935 dicit
137 2885 281 2938 essetecum.
299 2882 344 2935 dlii
358 2880 412 2935 vend
422 2881 495 2934 sancti
503 2893 544 2945 per
555 2883 640 2931 terram
655 2877 786 2940 intelligunt
798 2877 874 2939 ipsum
