<?xml version="1.0" encoding="UTF-8"?>
<!DOCTYPE html PUBLIC "-//W3C//DTD XHTML 1.0 Transitional//EN"
    "http://www.w3.org/TR/xhtml1/DTD/xhtml1-transitional.dtd">
<html xmlns="http://www.w3.org/1999/xhtml" xml:lang="en" lang="en">
 <head>
  <title>
</title>
<meta http-equiv="Content-Type" content="text/html;charset=utf-8" />
  <meta name='ocr-system' content='tesseract 3.04.00' />
  <meta name='ocr-capabilities' content='ocr_page ocr_carea ocr_par ocr_line ocrx_word'/>
</head>
<body>
  <div class='ocr_page' id='page_1' title='image "./summatheologica00nicogoog_0395.png"; bbox 0 0 1984 3309; ppageno 0'>
   <div class='ocr_carea' id='block_1_1' title="bbox 149 146 758 204">
    <p class='ocr_par' dir='ltr' id='par_1_1' title="bbox 149 146 758 204">
     <span class='ocr_line' id='line_1_1' title="bbox 149 146 758 204; baseline -0.008 -10"><span class='ocrx_word' id='word_1_1' title='bbox 149 146 195 198; x_wconf 74' lang='lat' dir='ltr'>tta</span> <span class='ocrx_word' id='word_1_2' title='bbox 341 154 403 196; x_wconf 74' lang='lat' dir='ltr'>am</span> <span class='ocrx_word' id='word_1_3' title='bbox 418 155 442 204; x_wconf 82' lang='grc' dir='ltr'>ι,</span> <span class='ocrx_word' id='word_1_4' title='bbox 453 154 547 202; x_wconf 66' lang='lat' dir='ltr'>onear.</span> <span class='ocrx_word' id='word_1_5' title='bbox 564 153 635 204; x_wconf 72' lang='lat' dir='ltr'>auru,</span> <span class='ocrx_word' id='word_1_6' title='bbox 647 152 704 193; x_wconf 73' lang='lat' dir='ltr'>aar.</span> <span class='ocrx_word' id='word_1_7' title='bbox 722 153 758 194; x_wconf 88' lang='grc' dir='ltr'>ιιι.</span> 
     </span>
    </p>
   </div>
   <div class='ocr_carea' id='block_1_2' title="bbox 440 313 654 367">
    <p class='ocr_par' dir='ltr' id='par_1_2' title="bbox 440 313 654 367">
     <span class='ocr_line' id='line_1_2' title="bbox 440 313 654 367; baseline -0.009 -1"><span class='ocrx_word' id='word_1_8' title='bbox 440 313 598 367; x_wconf 73' lang='lat' dir='ltr'>ARTICULUS</span> <span class='ocrx_word' id='word_1_9' title='bbox 612 313 654 364; x_wconf 88' lang='lat' dir='ltr'>iii.</span> 
     </span>
    </p>
   </div>
   <div class='ocr_carea' id='block_1_3' title="bbox 220 429 972 490">
    <p class='ocr_par' dir='ltr' id='par_1_3' title="bbox 220 429 972 490">
     <span class='ocr_line' id='line_1_3' title="bbox 220 429 972 490; baseline 0.001 -15"><span class='ocrx_word' id='word_1_10' title='bbox 220 430 305 476; x_wconf 75' lang='lat' dir='ltr'>Utrum</span> <span class='ocrx_word' id='word_1_11' title='bbox 316 429 410 490; x_wconf 75' lang='grc' dir='ltr'>ρήηιιιι</span> <span class='ocrx_word' id='word_1_12' title='bbox 423 430 491 474; x_wconf 78' lang='lat' dir='ltr'>tomo</span> <span class='ocrx_word' id='word_1_13' title='bbox 506 429 615 480; x_wconf 79' lang='lat' dir='ltr'>tabuerit</span> <span class='ocrx_word' id='word_1_14' title='bbox 629 430 754 477; x_wconf 71' lang='lat' dir='ltr'>caterniano</span> <span class='ocrx_word' id='word_1_15' title='bbox 768 431 888 478; x_wconf 72' lang='lat' dir='ltr'>umectum.</span> <span class='ocrx_word' id='word_1_16' title='bbox 971 471 972 490; x_wconf 63' lang='lat'>,</span> 
     </span>
    </p>
   </div>
   <div class='ocr_carea' id='block_1_4' title="bbox 150 539 972 1912">
    <p class='ocr_par' dir='ltr' id='par_1_4' title="bbox 150 539 972 1408">
     <span class='ocr_line' id='line_1_4' title="bbox 182 539 953 616; baseline -0.006 -15"><span class='ocrx_word' id='word_1_17' title='bbox 182 552 216 601; x_wconf 72' lang='lat' dir='ltr'>td</span> <span class='ocrx_word' id='word_1_18' title='bbox 232 551 324 602; x_wconf 66' lang='lat' dir='ltr'>metium</span> <span class='ocrx_word' id='word_1_19' title='bbox 339 539 372 600; x_wconf 81' lang='lat' dir='ltr'>sic</span> <span class='ocrx_word' id='word_1_20' title='bbox 386 547 516 613; x_wconf 73' lang='lat' dir='ltr'><strong>proceditur</strong></span> <span class='ocrx_word' id='word_1_21' title='bbox 530 547 573 614; x_wconf 85' lang='lat'><strong>(1).</strong></span> <span class='ocrx_word' id='word_1_22' title='bbox 588 549 682 600; x_wconf 86' lang='lat' dir='ltr'>Videtur</span> <span class='ocrx_word' id='word_1_23' title='bbox 695 549 755 614; x_wconf 86' lang='lat' dir='ltr'>qudd</span> <span class='ocrx_word' id='word_1_24' title='bbox 776 549 868 616; x_wconf 85' lang='lat' dir='ltr'>primus</span> <span class='ocrx_word' id='word_1_25' title='bbox 889 549 953 598; x_wconf 90' lang='lat' dir='ltr'>hono</span> 
     </span>
     <span class='ocr_line' id='line_1_5' title="bbox 150 619 972 674; baseline -0.01 0"><span class='ocrx_word' id='word_1_26' title='bbox 150 636 197 674; x_wconf 86' lang='lat' dir='ltr'>nen</span> <span class='ocrx_word' id='word_1_27' title='bbox 207 622 312 673; x_wconf 84' lang='lat' dir='ltr'>habuerit</span> <span class='ocrx_word' id='word_1_28' title='bbox 320 622 439 672; x_wconf 85' lang='lat' dir='ltr'>scientiam</span> <span class='ocrx_word' id='word_1_29' title='bbox 452 621 563 671; x_wconf 83' lang='lat' dir='ltr'>omniurn.</span> <span class='ocrx_word' id='word_1_30' title='bbox 577 621 622 670; x_wconf 75' lang='lat' dir='ltr'>Aut</span> <span class='ocrx_word' id='word_1_31' title='bbox 633 619 694 671; x_wconf 88' lang='lat' dir='ltr'>enirn</span> <span class='ocrx_word' id='word_1_32' title='bbox 704 621 785 672; x_wconf 87' lang='lat' dir='ltr'>habuit</span> <span class='ocrx_word' id='word_1_33' title='bbox 797 623 871 672; x_wconf 88' lang='lat' dir='ltr'>talem</span> <span class='ocrx_word' id='word_1_34' title='bbox 884 621 953 671; x_wconf 88' lang='lat' dir='ltr'>scien·</span> <span class='ocrx_word' id='word_1_35' title='bbox 971 643 972 666; x_wconf 74' lang='grc' dir='ltr'>ι</span> 
     </span>
     <span class='ocr_line' id='line_1_6' title="bbox 150 667 972 761; baseline -0.009 -15"><span class='ocrx_word' id='word_1_36' title='bbox 150 696 206 746; x_wconf 88' lang='lat' dir='ltr'>tiam</span> <span class='ocrx_word' id='word_1_37' title='bbox 218 709 260 761; x_wconf 88' lang='grc' dir='ltr'>ρει</span> <span class='ocrx_word' id='word_1_38' title='bbox 271 696 360 760; x_wconf 71' lang='lat' dir='ltr'>suades</span> <span class='ocrx_word' id='word_1_39' title='bbox 373 691 508 758; x_wconf 67' lang='lat' dir='ltr'>anamotus,</span> <span class='ocrx_word' id='word_1_40' title='bbox 522 695 560 742; x_wconf 90' lang='lat' dir='ltr'>aut</span> <span class='ocrx_word' id='word_1_41' title='bbox 574 707 615 757; x_wconf 84' lang='grc' dir='ltr'>ρει</span> <span class='ocrx_word' id='word_1_42' title='bbox 626 694 717 757; x_wconf 83' lang='lat' dir='ltr'>species</span> <span class='ocrx_word' id='word_1_43' title='bbox 726 693 908 756; x_wconf 77' lang='lat' dir='ltr'>connaturales,</span> <span class='ocrx_word' id='word_1_44' title='bbox 919 695 954 742; x_wconf 89' lang='lat' dir='ltr'>aut</span> <span class='ocrx_word' id='word_1_45' title='bbox 971 667 972 730; x_wconf 59' lang='lat' dir='ltr'>i</span> 
     </span>
     <span class='ocr_line' id='line_1_7' title="bbox 150 749 972 834; baseline -0.009 -15"><span class='ocrx_word' id='word_1_46' title='bbox 150 782 193 833; x_wconf 81' lang='lat' dir='ltr'>per</span> <span class='ocrx_word' id='word_1_47' title='bbox 205 767 293 834; x_wconf 83' lang='lat' dir='ltr'>species</span> <span class='ocrx_word' id='word_1_48' title='bbox 302 767 399 817; x_wconf 73' lang='lat' dir='ltr'>infusas.</span> <span class='ocrx_word' id='word_1_49' title='bbox 411 767 462 816; x_wconf 81' lang='lat' dir='ltr'>non</span> <span class='ocrx_word' id='word_1_50' title='bbox 472 769 549 815; x_wconf 88' lang='lat' dir='ltr'>autem</span> <span class='ocrx_word' id='word_1_51' title='bbox 560 777 601 830; x_wconf 85' lang='lat' dir='ltr'>per</span> <span class='ocrx_word' id='word_1_52' title='bbox 613 765 700 830; x_wconf 83' lang='lat' dir='ltr'>species</span> <span class='ocrx_word' id='word_1_53' title='bbox 713 765 837 829; x_wconf 87' lang='lat' dir='ltr'>acquisitas</span> <span class='ocrx_word' id='word_1_54' title='bbox 859 780 866 814; x_wconf 77' lang='lat' dir='ltr'>r</span> <span class='ocrx_word' id='word_1_55' title='bbox 879 766 954 828; x_wconf 88' lang='lat' dir='ltr'>hujus·</span> <span class='ocrx_word' id='word_1_56' title='bbox 971 749 972 833; x_wconf 61' lang='lat' dir='ltr'>t</span> 
     </span>
     <span class='ocr_line' id='line_1_8' title="bbox 151 835 952 903; baseline -0.01 -11"><span class='ocrx_word' id='word_1_57' title='bbox 151 839 215 892; x_wconf 84' lang='lat' dir='ltr'>modi</span> <span class='ocrx_word' id='word_1_58' title='bbox 231 839 292 890; x_wconf 85' lang='lat' dir='ltr'>enirn</span> <span class='ocrx_word' id='word_1_59' title='bbox 309 837 409 903; x_wconf 73' lang='lat' dir='ltr'><strong>cognitio</strong></span> <span class='ocrx_word' id='word_1_60' title='bbox 423 836 451 889; x_wconf 78' lang='lat' dir='ltr'>at</span> <span class='ocrx_word' id='word_1_61' title='bbox 464 837 605 901; x_wconf 65' lang='lat' dir='ltr'>experientia</span> <span class='ocrx_word' id='word_1_62' title='bbox 621 841 740 900; x_wconf 72' lang='lat' dir='ltr'>muratus,</span> <span class='ocrx_word' id='word_1_63' title='bbox 753 841 780 886; x_wconf 87' lang='lat' dir='ltr'>ut</span> <span class='ocrx_word' id='word_1_64' title='bbox 799 835 887 888; x_wconf 87' lang='lat' dir='ltr'>dicitur</span> <span class='ocrx_word' id='word_1_65' title='bbox 900 839 924 887; x_wconf 89' lang='lat' dir='ltr'>in</span> <span class='ocrx_word' id='word_1_66' title='bbox 937 837 952 884; x_wconf 92' lang='lat' dir='ltr'>l.</span> 
     </span>
     <span class='ocr_line' id='line_1_9' title="bbox 151 907 955 976; baseline -0.006 -14"><span class='ocrx_word' id='word_1_67' title='bbox 151 912 290 976; x_wconf 78' lang='grc' dir='ltr'>Μειεριρι.</span> <span class='ocrx_word' id='word_1_68' title='bbox 306 912 358 974; x_wconf 84' lang='lat' dir='ltr'>ipse</span> <span class='ocrx_word' id='word_1_69' title='bbox 371 913 508 959; x_wconf 89' lang='lat' dir='ltr'>autemnon</span> <span class='ocrx_word' id='word_1_70' title='bbox 525 909 599 958; x_wconf 84' lang='lat' dir='ltr'>iuerat</span> <span class='ocrx_word' id='word_1_71' title='bbox 614 911 671 958; x_wconf 85' lang='lat' dir='ltr'>tunc</span> <span class='ocrx_word' id='word_1_72' title='bbox 682 907 760 958; x_wconf 88' lang='lat' dir='ltr'>omnia</span> <span class='ocrx_word' id='word_1_73' title='bbox 779 913 901 974; x_wconf 84' lang='lat' dir='ltr'>expertus.</span> <span class='ocrx_word' id='word_1_74' title='bbox 917 909 955 958; x_wconf 86' lang='lat' dir='ltr'>si-</span> 
     </span>
     <span class='ocr_line' id='line_1_10' title="bbox 152 980 955 1046; baseline -0.009 -12"><span class='ocrx_word' id='word_1_75' title='bbox 152 984 236 1034; x_wconf 80' lang='lat' dir='ltr'>militer</span> <span class='ocrx_word' id='word_1_76' title='bbox 244 982 312 1033; x_wconf 85' lang='lat' dir='ltr'>etiarn</span> <span class='ocrx_word' id='word_1_77' title='bbox 323 995 366 1031; x_wconf 89' lang='lat' dir='ltr'>nce</span> <span class='ocrx_word' id='word_1_78' title='bbox 379 994 422 1045; x_wconf 85' lang='lat' dir='ltr'>per</span> <span class='ocrx_word' id='word_1_79' title='bbox 432 980 520 1044; x_wconf 73' lang='lat' dir='ltr'>soenes</span> <span class='ocrx_word' id='word_1_80' title='bbox 531 981 705 1044; x_wconf 77' lang='lat' dir='ltr'>connaturales,</span> <span class='ocrx_word' id='word_1_81' title='bbox 717 980 770 1046; x_wconf 84' lang='lat' dir='ltr'>quia</span> <span class='ocrx_word' id='word_1_82' title='bbox 783 985 835 1031; x_wconf 88' lang='lat' dir='ltr'>erat</span> <span class='ocrx_word' id='word_1_83' title='bbox 849 982 955 1046; x_wconf 83' lang='lat' dir='ltr'>ejusden</span> 
     </span>
     <span class='ocr_line' id='line_1_11' title="bbox 152 1051 954 1115; baseline -0.006 -10"><span class='ocrx_word' id='word_1_84' title='bbox 152 1057 239 1105; x_wconf 80' lang='lat' dir='ltr'>natura</span> <span class='ocrx_word' id='word_1_85' title='bbox 252 1053 387 1115; x_wconf 67' lang='lat' dir='ltr'>nobiscnm</span> <span class='ocrx_word' id='word_1_86' title='bbox 403 1051 478 1101; x_wconf 88' lang='lat' dir='ltr'>anima</span> <span class='ocrx_word' id='word_1_87' title='bbox 502 1056 578 1103; x_wconf 87' lang='lat' dir='ltr'>antem</span> <span class='ocrx_word' id='word_1_88' title='bbox 595 1057 673 1102; x_wconf 82' lang='lat' dir='ltr'>nostra</span> <span class='ocrx_word' id='word_1_89' title='bbox 691 1057 727 1102; x_wconf 84' lang='lat' dir='ltr'>est</span> <span class='ocrx_word' id='word_1_90' title='bbox 745 1053 805 1103; x_wconf 86' lang='lat' dir='ltr'>sicut</span> <span class='ocrx_word' id='word_1_91' title='bbox 818 1070 834 1101; x_wconf 81' lang='lat' dir='ltr'>n</span> <span class='ocrx_word' id='word_1_92' title='bbox 845 1055 924 1104; x_wconf 88' lang='lat' dir='ltr'>tabula</span> <span class='ocrx_word' id='word_1_93' title='bbox 934 1052 954 1100; x_wconf 89' lang='lat' dir='ltr'>iu</span> 
     </span>
     <span class='ocr_line' id='line_1_12' title="bbox 153 1124 955 1191; baseline -0.002 -15"><span class='ocrx_word' id='word_1_94' title='bbox 153 1140 198 1191; x_wconf 83' lang='lat' dir='ltr'>qua</span> <span class='ocrx_word' id='word_1_95' title='bbox 206 1126 264 1177; x_wconf 80' lang='lat' dir='ltr'>ninii</span> <span class='ocrx_word' id='word_1_96' title='bbox 273 1128 308 1176; x_wconf 88' lang='lat' dir='ltr'>est</span> <span class='ocrx_word' id='word_1_97' title='bbox 319 1124 437 1188; x_wconf 80' lang='lat' dir='ltr'>scripturn,</span> <span class='ocrx_word' id='word_1_98' title='bbox 448 1139 462 1171; x_wconf 83' lang='lat' dir='ltr'>u</span> <span class='ocrx_word' id='word_1_99' title='bbox 472 1129 498 1174; x_wconf 91' lang='lat' dir='ltr'>ut</span> <span class='ocrx_word' id='word_1_100' title='bbox 509 1125 591 1175; x_wconf 86' lang='lat' dir='ltr'>dieitur</span> <span class='ocrx_word' id='word_1_101' title='bbox 599 1125 622 1175; x_wconf 91' lang='lat' dir='ltr'>in</span> <span class='ocrx_word' id='word_1_102' title='bbox 630 1125 670 1175; x_wconf 83' lang='grc' dir='ltr'><strong>ΙΙΙ.</strong></span> <span class='ocrx_word' id='word_1_103' title='bbox 682 1125 718 1174; x_wconf 84' lang='lat' dir='ltr'>De</span> <span class='ocrx_word' id='word_1_104' title='bbox 729 1124 827 1176; x_wconf 83' lang='lat' dir='ltr'>anima.</span> <span class='ocrx_word' id='word_1_105' title='bbox 843 1125 871 1175; x_wconf 88' lang='lat' dir='ltr'>Si</span> <span class='ocrx_word' id='word_1_106' title='bbox 884 1129 955 1174; x_wconf 89' lang='lat' dir='ltr'>autem</span> 
     </span>
     <span class='ocr_line' id='line_1_13' title="bbox 152 1195 954 1264; baseline -0.002 -16"><span class='ocrx_word' id='word_1_107' title='bbox 152 1212 195 1264; x_wconf 86' lang='grc' dir='ltr'>ρει</span> <span class='ocrx_word' id='word_1_108' title='bbox 206 1197 295 1263; x_wconf 83' lang='lat' dir='ltr'>species</span> <span class='ocrx_word' id='word_1_109' title='bbox 307 1196 405 1259; x_wconf 76' lang='lat' dir='ltr'>infusus,</span> <span class='ocrx_word' id='word_1_110' title='bbox 413 1209 468 1260; x_wconf 75' lang='lat' dir='ltr'>ergo</span> <span class='ocrx_word' id='word_1_111' title='bbox 478 1197 574 1248; x_wconf 83' lang='lat' dir='ltr'>scientia</span> <span class='ocrx_word' id='word_1_112' title='bbox 587 1197 647 1262; x_wconf 83' lang='lat' dir='ltr'>ejus,</span> <span class='ocrx_word' id='word_1_113' title='bbox 655 1207 723 1259; x_wconf 79' lang='lat' dir='ltr'>quam</span> <span class='ocrx_word' id='word_1_114' title='bbox 734 1195 833 1246; x_wconf 85' lang='lat' dir='ltr'>habebat</span> <span class='ocrx_word' id='word_1_115' title='bbox 841 1197 873 1248; x_wconf 88' lang='lat' dir='ltr'>de</span> <span class='ocrx_word' id='word_1_116' title='bbox 883 1198 954 1254; x_wconf 86' lang='lat' dir='ltr'>rebus,</span> 
     </span>
     <span class='ocr_line' id='line_1_14' title="bbox 153 1268 956 1334; baseline -0.006 -12"><span class='ocrx_word' id='word_1_117' title='bbox 153 1284 201 1322; x_wconf 92' lang='lat' dir='ltr'>uon</span> <span class='ocrx_word' id='word_1_118' title='bbox 215 1273 264 1320; x_wconf 87' lang='lat' dir='ltr'>erat</span> <span class='ocrx_word' id='word_1_119' title='bbox 276 1269 381 1334; x_wconf 86' lang='lat' dir='ltr'>ejusdem</span> <span class='ocrx_word' id='word_1_120' title='bbox 392 1268 486 1321; x_wconf 86' lang='lat' dir='ltr'>rationis</span> <span class='ocrx_word' id='word_1_121' title='bbox 502 1282 554 1321; x_wconf 88' lang='lat' dir='ltr'>curn</span> <span class='ocrx_word' id='word_1_122' title='bbox 569 1268 664 1320; x_wconf 84' lang='lat' dir='ltr'>scientia</span> <span class='ocrx_word' id='word_1_123' title='bbox 677 1271 754 1320; x_wconf 88' lang='lat' dir='ltr'>nostra</span> <span class='ocrx_word' id='word_1_124' title='bbox 761 1305 769 1332; x_wconf 89' lang='lat'>,</span> <span class='ocrx_word' id='word_1_125' title='bbox 782 1281 852 1333; x_wconf 79' lang='lat' dir='ltr'>quam</span> <span class='ocrx_word' id='word_1_126' title='bbox 861 1268 885 1333; x_wconf 71' lang='lat' dir='ltr'>[a</span> <span class='ocrx_word' id='word_1_127' title='bbox 896 1269 956 1321; x_wconf 83' lang='lat' dir='ltr'>retus</span> 
     </span>
     <span class='ocr_line' id='line_1_15' title="bbox 153 1357 300 1408; baseline 0 -15"><span class='ocrx_word' id='word_1_128' title='bbox 153 1357 300 1408; x_wconf 82' lang='lat' dir='ltr'>aeqmnmus.</span> 
     </span>
    </p>

    <p class='ocr_par' dir='ltr' id='par_1_5' title="bbox 154 1413 972 1767">
     <span class='ocr_line' id='line_1_16' title="bbox 185 1413 972 1481; baseline -0.005 -15"><span class='ocrx_word' id='word_1_129' title='bbox 185 1421 210 1468; x_wconf 73' lang='lat' dir='ltr'>a.</span> <span class='ocrx_word' id='word_1_130' title='bbox 227 1418 354 1481; x_wconf 78' lang='lat' dir='ltr'>Preterea,</span> <span class='ocrx_word' id='word_1_131' title='bbox 375 1417 400 1466; x_wconf 94' lang='lat' dir='ltr'>in</span> <span class='ocrx_word' id='word_1_132' title='bbox 422 1415 528 1467; x_wconf 70' lang='lat' dir='ltr'>omnmus</span> <span class='ocrx_word' id='word_1_133' title='bbox 547 1413 672 1465; x_wconf 83' lang='lat' dir='ltr'>individuis</span> <span class='ocrx_word' id='word_1_134' title='bbox 694 1413 797 1478; x_wconf 85' lang='lat' dir='ltr'>ejusdem</span> <span class='ocrx_word' id='word_1_135' title='bbox 819 1414 909 1480; x_wconf 87' lang='lat' dir='ltr'>speciei</span> <span class='ocrx_word' id='word_1_136' title='bbox 926 1417 972 1470; x_wconf 56' lang='lat' dir='ltr'>esti</span> 
     </span>
     <span class='ocr_line' id='line_1_17' title="bbox 154 1485 954 1552; baseline -0.008 -12"><span class='ocrx_word' id='word_1_137' title='bbox 154 1490 216 1540; x_wconf 87' lang='lat' dir='ltr'>idem</span> <span class='ocrx_word' id='word_1_138' title='bbox 230 1490 312 1540; x_wconf 88' lang='lat' dir='ltr'>modus</span> <span class='ocrx_word' id='word_1_139' title='bbox 326 1487 482 1552; x_wconf 86' lang='lat' dir='ltr'>consequendi</span> <span class='ocrx_word' id='word_1_140' title='bbox 491 1485 664 1552; x_wconf 78' lang='lat' dir='ltr'>perfectionem.</span> <span class='ocrx_word' id='word_1_141' title='bbox 680 1486 725 1536; x_wconf 84' lang='lat' dir='ltr'>Sed</span> <span class='ocrx_word' id='word_1_142' title='bbox 741 1485 781 1536; x_wconf 90' lang='lat' dir='ltr'>alii</span> <span class='ocrx_word' id='word_1_143' title='bbox 792 1486 903 1538; x_wconf 88' lang='lat' dir='ltr'>homiues</span> <span class='ocrx_word' id='word_1_144' title='bbox 913 1500 954 1536; x_wconf 90' lang='lat' dir='ltr'>non</span> 
     </span>
     <span class='ocr_line' id='line_1_18' title="bbox 154 1557 954 1626; baseline -0.006 -15"><span class='ocrx_word' id='word_1_145' title='bbox 154 1561 231 1611; x_wconf 75' lang='lat' dir='ltr'>matina</span> <span class='ocrx_word' id='word_1_146' title='bbox 239 1561 266 1611; x_wconf 85' lang='lat' dir='ltr'>in</span> <span class='ocrx_word' id='word_1_147' title='bbox 277 1560 432 1626; x_wconf 81' lang='lat' dir='ltr'>suiprincipio</span> <span class='ocrx_word' id='word_1_148' title='bbox 445 1559 531 1609; x_wconf 88' lang='lat' dir='ltr'>habent</span> <span class='ocrx_word' id='word_1_149' title='bbox 542 1557 642 1610; x_wconf 80' lang='lat' dir='ltr'>omnium</span> <span class='ocrx_word' id='word_1_150' title='bbox 656 1557 788 1618; x_wconf 84' lang='lat' dir='ltr'>scientiam3</span> <span class='ocrx_word' id='word_1_151' title='bbox 802 1559 845 1608; x_wconf 87' lang='lat' dir='ltr'>sed</span> <span class='ocrx_word' id='word_1_152' title='bbox 857 1571 909 1608; x_wconf 88' lang='lat' dir='ltr'>eam</span> <span class='ocrx_word' id='word_1_153' title='bbox 920 1572 954 1622; x_wconf 89' lang='grc' dir='ltr'>ρει</span> 
     </span>
     <span class='ocr_line' id='line_1_19' title="bbox 154 1627 953 1696; baseline -0.004 -14"><span class='ocrx_word' id='word_1_154' title='bbox 154 1632 263 1696; x_wconf 84' lang='lat' dir='ltr'>temporis</span> <span class='ocrx_word' id='word_1_155' title='bbox 286 1632 454 1682; x_wconf 73' lang='lat' dir='ltr'>successionem</span> <span class='ocrx_word' id='word_1_156' title='bbox 478 1629 597 1695; x_wconf 84' lang='lat' dir='ltr'>acquirunt</span> <span class='ocrx_word' id='word_1_157' title='bbox 623 1627 746 1681; x_wconf 78' lang='lat' dir='ltr'>secundum</span> <span class='ocrx_word' id='word_1_158' title='bbox 767 1643 836 1679; x_wconf 87' lang='lat' dir='ltr'>suurn</span> <span class='ocrx_word' id='word_1_159' title='bbox 856 1632 953 1682; x_wconf 88' lang='lat' dir='ltr'>modum.</span> 
     </span>
     <span class='ocr_line' id='line_1_20' title="bbox 155 1700 912 1767; baseline -0.003 -13"><span class='ocrx_word' id='word_1_160' title='bbox 155 1704 215 1767; x_wconf 79' lang='lat' dir='ltr'>Ergo</span> <span class='ocrx_word' id='word_1_161' title='bbox 229 1717 271 1754; x_wconf 89' lang='lat' dir='ltr'>nec</span> <span class='ocrx_word' id='word_1_162' title='bbox 282 1705 352 1754; x_wconf 74' lang='lat' dir='ltr'>idam</span> <span class='ocrx_word' id='word_1_163' title='bbox 365 1704 441 1754; x_wconf 64' lang='lat' dir='ltr'>metim</span> <span class='ocrx_word' id='word_1_164' title='bbox 451 1705 561 1754; x_wconf 81' lang='lat' dir='ltr'>formatus</span> <span class='ocrx_word' id='word_1_165' title='bbox 575 1701 655 1752; x_wconf 84' lang='lat' dir='ltr'>hahuit</span> <span class='ocrx_word' id='word_1_166' title='bbox 665 1700 767 1751; x_wconf 84' lang='lat' dir='ltr'>omniurn</span> <span class='ocrx_word' id='word_1_167' title='bbox 780 1700 912 1752; x_wconf 88' lang='lat' dir='ltr'>scientiam.</span> 
     </span>
    </p>

    <p class='ocr_par' dir='ltr' id='par_1_6' title="bbox 155 1773 953 1912">
     <span class='ocr_line' id='line_1_21' title="bbox 188 1773 953 1839; baseline 0 -16"><span class='ocrx_word' id='word_1_168' title='bbox 188 1779 211 1824; x_wconf 78' lang='lat'>3.</span> <span class='ocrx_word' id='word_1_169' title='bbox 229 1776 357 1837; x_wconf 82' lang='lat' dir='ltr'>Preterea,</span> <span class='ocrx_word' id='word_1_170' title='bbox 374 1780 447 1826; x_wconf 85' lang='lat' dir='ltr'>status</span> <span class='ocrx_word' id='word_1_171' title='bbox 463 1774 584 1839; x_wconf 82' lang='lat' dir='ltr'>praesentis</span> <span class='ocrx_word' id='word_1_172' title='bbox 602 1773 656 1824; x_wconf 82' lang='lat' dir='ltr'>rite</span> <span class='ocrx_word' id='word_1_173' title='bbox 666 1773 753 1824; x_wconf 87' lang='lat' dir='ltr'>homini</span> <span class='ocrx_word' id='word_1_174' title='bbox 773 1774 919 1836; x_wconf 83' lang='lat' dir='ltr'>conceditur,</span> <span class='ocrx_word' id='word_1_175' title='bbox 934 1776 953 1824; x_wconf 90' lang='lat' dir='ltr'>ut</span> 
     </span>
     <span class='ocr_line' id='line_1_22' title="bbox 155 1843 953 1912; baseline -0.001 -16"><span class='ocrx_word' id='word_1_176' title='bbox 155 1847 182 1896; x_wconf 82' lang='lat' dir='ltr'>in¹</span> <span class='ocrx_word' id='word_1_177' title='bbox 190 1859 217 1897; x_wconf 92' lang='lat' dir='ltr'>eo</span> <span class='ocrx_word' id='word_1_178' title='bbox 232 1847 336 1912; x_wconf 83' lang='lat' dir='ltr'>proficiat</span> <span class='ocrx_word' id='word_1_179' title='bbox 351 1848 427 1898; x_wconf 85' lang='lat' dir='ltr'>anina</span> <span class='ocrx_word' id='word_1_180' title='bbox 437 1886 443 1911; x_wconf 93' lang='lat'>‚</span> <span class='ocrx_word' id='word_1_181' title='bbox 454 1851 477 1898; x_wconf 92' lang='lat' dir='ltr'>et</span> <span class='ocrx_word' id='word_1_182' title='bbox 490 1848 601 1912; x_wconf 82' lang='lat' dir='ltr'>quantuni</span> <span class='ocrx_word' id='word_1_183' title='bbox 610 1847 638 1896; x_wconf 91' lang='lat' dir='ltr'>ad</span> <span class='ocrx_word' id='word_1_184' title='bbox 650 1843 802 1910; x_wconf 80' lang='lat' dir='ltr'>cognitionem</span> <span class='ocrx_word' id='word_1_185' title='bbox 814 1850 839 1896; x_wconf 87' lang='lat' dir='ltr'>et</span> <span class='ocrx_word' id='word_1_186' title='bbox 850 1851 953 1910; x_wconf 88' lang='lat' dir='ltr'>quantun</span> 
     </span>
    </p>
   </div>
   <div class='ocr_carea' id='block_1_5' title="bbox 73 1917 953 1984">
    <p class='ocr_par' dir='ltr' id='par_1_7' title="bbox 73 1917 953 1984">
     <span class='ocr_line' id='line_1_23' title="bbox 73 1917 953 1984; baseline -0.002 -15"><span class='ocrx_word' id='word_1_187' title='bbox 73 1923 76 1932; x_wconf 92' lang='lat'>&#39;</span> <span class='ocrx_word' id='word_1_188' title='bbox 157 1920 185 1969; x_wconf 92' lang='lat' dir='ltr'>ad</span> <span class='ocrx_word' id='word_1_189' title='bbox 202 1919 323 1982; x_wconf 82' lang='lat' dir='ltr'>meritum3</span> <span class='ocrx_word' id='word_1_190' title='bbox 338 1923 432 1984; x_wconf 86' lang='lat' dir='ltr'>propter</span> <span class='ocrx_word' id='word_1_191' title='bbox 448 1921 491 1969; x_wconf 89' lang='lat' dir='ltr'>hoc</span> <span class='ocrx_word' id='word_1_192' title='bbox 513 1919 576 1970; x_wconf 89' lang='lat' dir='ltr'>enim</span> <span class='ocrx_word' id='word_1_193' title='bbox 595 1917 670 1969; x_wconf 87' lang='lat' dir='ltr'>anima</span> <span class='ocrx_word' id='word_1_194' title='bbox 686 1917 775 1982; x_wconf 81' lang='lat' dir='ltr'>corpori</span> <span class='ocrx_word' id='word_1_195' title='bbox 798 1917 891 1968; x_wconf 85' lang='lat' dir='ltr'>videtur</span> <span class='ocrx_word' id='word_1_196' title='bbox 909 1933 953 1970; x_wconf 88' lang='lat' dir='ltr'>esse</span> 
     </span>
    </p>
   </div>
   <div class='ocr_carea' id='block_1_6' title="bbox 156 1989 972 2356">
    <p class='ocr_par' dir='ltr' id='par_1_8' title="bbox 156 1989 972 2201">
     <span class='ocr_line' id='line_1_24' title="bbox 156 1989 952 2056; baseline -0.004 -14"><span class='ocrx_word' id='word_1_197' title='bbox 156 1991 228 2044; x_wconf 88' lang='lat' dir='ltr'>uuita.</span> <span class='ocrx_word' id='word_1_198' title='bbox 239 1991 285 2043; x_wconf 88' lang='lat' dir='ltr'>Sed</span> <span class='ocrx_word' id='word_1_199' title='bbox 294 1994 363 2043; x_wconf 88' lang='lat' dir='ltr'>homo</span> <span class='ocrx_word' id='word_1_200' title='bbox 376 1992 402 2041; x_wconf 92' lang='lat' dir='ltr'>in</span> <span class='ocrx_word' id='word_1_201' title='bbox 412 1994 474 2042; x_wconf 87' lang='lat' dir='ltr'>statu</span> <span class='ocrx_word' id='word_1_202' title='bbox 485 1990 525 2041; x_wconf 89' lang='lat' dir='ltr'>iilo</span> <span class='ocrx_word' id='word_1_203' title='bbox 536 1990 673 2056; x_wconf 81' lang='lat' dir='ltr'>profecisset</span> <span class='ocrx_word' id='word_1_204' title='bbox 685 1991 794 2053; x_wconf 87' lang='lat' dir='ltr'>quantum</span> <span class='ocrx_word' id='word_1_205' title='bbox 804 1989 833 2040; x_wconf 92' lang='lat' dir='ltr'>ad</span> <span class='ocrx_word' id='word_1_206' title='bbox 844 1991 952 2041; x_wconf 86' lang='lat' dir='ltr'>meritum.</span> 
     </span>
     <span class='ocr_line' id='line_1_25' title="bbox 157 2061 972 2130; baseline -0.005 -14"><span class='ocrx_word' id='word_1_207' title='bbox 157 2065 215 2130; x_wconf 79' lang='lat' dir='ltr'>Ergo</span> <span class='ocrx_word' id='word_1_208' title='bbox 233 2064 302 2116; x_wconf 85' lang='lat' dir='ltr'>ettam</span> <span class='ocrx_word' id='word_1_209' title='bbox 318 2065 452 2130; x_wconf 82' lang='lat' dir='ltr'>profecisset</span> <span class='ocrx_word' id='word_1_210' title='bbox 469 2067 578 2128; x_wconf 83' lang='lat' dir='ltr'>quantum</span> <span class='ocrx_word' id='word_1_211' title='bbox 596 2064 625 2113; x_wconf 92' lang='lat' dir='ltr'>ad</span> <span class='ocrx_word' id='word_1_212' title='bbox 637 2061 790 2126; x_wconf 83' lang='lat' dir='ltr'>cognitionem</span> <span class='ocrx_word' id='word_1_213' title='bbox 805 2071 890 2114; x_wconf 86' lang='lat' dir='ltr'>rernm.</span> <span class='ocrx_word' id='word_1_214' title='bbox 908 2065 952 2115; x_wconf 89' lang='lat' dir='ltr'>Non</span> <span class='ocrx_word' id='word_1_215' title='bbox 971 2119 972 2124; x_wconf 7' lang='grc' dir='ltr'>ἵ</span> 
     </span>
     <span class='ocr_line' id='line_1_26' title="bbox 157 2134 813 2201; baseline -0.006 -14"><span class='ocrx_word' id='word_1_216' title='bbox 157 2151 211 2201; x_wconf 83' lang='lat' dir='ltr'>ergo</span> <span class='ocrx_word' id='word_1_217' title='bbox 223 2135 304 2187; x_wconf 90' lang='lat' dir='ltr'>habuit</span> <span class='ocrx_word' id='word_1_218' title='bbox 321 2135 421 2186; x_wconf 89' lang='lat' dir='ltr'>omnium</span> <span class='ocrx_word' id='word_1_219' title='bbox 432 2149 508 2186; x_wconf 88' lang='lat' dir='ltr'>rernm</span> <span class='ocrx_word' id='word_1_220' title='bbox 519 2134 645 2185; x_wconf 88' lang='lat' dir='ltr'>scientiam.</span> <span class='ocrx_word' id='word_1_221' title='bbox 809 2135 813 2142; x_wconf 83' lang='grc'><strong>“</strong></span> 
     </span>
    </p>

    <p class='ocr_par' dir='ltr' id='par_1_9' title="bbox 158 2206 972 2356">
     <span class='ocr_line' id='line_1_27' title="bbox 188 2206 972 2274; baseline -0.003 -15"><span class='ocrx_word' id='word_1_222' title='bbox 188 2209 234 2260; x_wconf 90' lang='lat' dir='ltr'>Sed</span> <span class='ocrx_word' id='word_1_223' title='bbox 246 2212 323 2261; x_wconf 87' lang='lat' dir='ltr'>contra</span> <span class='ocrx_word' id='word_1_224' title='bbox 339 2213 389 2270; x_wconf 88' lang='lat' dir='ltr'>est,</span> <span class='ocrx_word' id='word_1_225' title='bbox 402 2209 462 2272; x_wconf 76' lang='lat' dir='ltr'>quod</span> <span class='ocrx_word' id='word_1_226' title='bbox 477 2207 527 2272; x_wconf 86' lang='lat' dir='ltr'>ipse</span> <span class='ocrx_word' id='word_1_227' title='bbox 542 2207 651 2272; x_wconf 86' lang='lat' dir='ltr'>imposuit</span> <span class='ocrx_word' id='word_1_228' title='bbox 668 2207 759 2257; x_wconf 86' lang='lat' dir='ltr'>nomina</span> <span class='ocrx_word' id='word_1_229' title='bbox 772 2206 920 2274; x_wconf 83' lang='lat' dir='ltr'>animalibus,</span> <span class='ocrx_word' id='word_1_230' title='bbox 932 2213 953 2258; x_wconf 93' lang='lat' dir='ltr'>ut</span> <span class='ocrx_word' id='word_1_231' title='bbox 971 2229 972 2274; x_wconf 55' lang='grc' dir='ltr'>ι</span> 
     </span>
     <span class='ocr_line' id='line_1_28' title="bbox 158 2278 972 2356; baseline 0.001 -26"><span class='ocrx_word' id='word_1_232' title='bbox 158 2280 516 2346; x_wconf 75' lang='lat' dir='ltr'>diciturGeu.,11(t).Ncrnina</span> <span class='ocrx_word' id='word_1_233' title='bbox 529 2281 606 2332; x_wconf 85' lang='lat' dir='ltr'>autom</span> <span class='ocrx_word' id='word_1_234' title='bbox 619 2279 703 2331; x_wconf 87' lang='lat' dir='ltr'>debent</span> <span class='ocrx_word' id='word_1_235' title='bbox 714 2278 802 2330; x_wconf 84' lang='lat' dir='ltr'>naturis</span> <span class='ocrx_word' id='word_1_236' title='bbox 815 2293 891 2331; x_wconf 84' lang='lat' dir='ltr'>rernm</span> <span class='ocrx_word' id='word_1_237' title='bbox 906 2295 953 2332; x_wconf 85' lang='lat' dir='ltr'>con·</span> <span class='ocrx_word' id='word_1_238' title='bbox 971 2281 972 2356; x_wconf 62' lang='lat' dir='ltr'>t</span> 
     </span>
    </p>
   </div>
   <div class='ocr_carea' id='block_1_7' title="bbox 161 2407 972 2570">
    <p class='ocr_par' dir='ltr' id='par_1_10' title="bbox 161 2407 972 2570">
     <span class='ocr_line' id='line_1_29' title="bbox 193 2407 972 2510; baseline -0.001 -15"><span class='ocrx_word' id='word_1_239' title='bbox 193 2443 224 2510; x_wconf 86' lang='grc'>(1)</span> <span class='ocrx_word' id='word_1_240' title='bbox 240 2450 272 2494; x_wconf 87' lang='lat' dir='ltr'>De</span> <span class='ocrx_word' id='word_1_241' title='bbox 290 2449 325 2493; x_wconf 84' lang='lat' dir='ltr'>iiis</span> <span class='ocrx_word' id='word_1_242' title='bbox 340 2449 410 2494; x_wconf 82' lang='lat' dir='ltr'>etiarn</span> <span class='ocrx_word' id='word_1_243' title='bbox 423 2448 447 2492; x_wconf 91' lang='lat' dir='ltr'>in</span> <span class='ocrx_word' id='word_1_244' title='bbox 460 2449 497 2507; x_wconf 89' lang='lat'>11,</span> <span class='ocrx_word' id='word_1_245' title='bbox 509 2447 587 2498; x_wconf 65' lang='lat' dir='ltr'>Serui„</span> <span class='ocrx_word' id='word_1_246' title='bbox 601 2447 653 2494; x_wconf 90' lang='lat' dir='ltr'>dist.</span> <span class='ocrx_word' id='word_1_247' title='bbox 670 2447 714 2507; x_wconf 74' lang='lat'>23,</span> <span class='ocrx_word' id='word_1_248' title='bbox 729 2459 768 2504; x_wconf 84' lang='lat' dir='ltr'>qu.</span> <span class='ocrx_word' id='word_1_249' title='bbox 785 2447 816 2507; x_wconf 63' lang='grc' dir='ltr'>ι,</span> <span class='ocrx_word' id='word_1_250' title='bbox 834 2455 878 2496; x_wconf 88' lang='lat' dir='ltr'>art.</span> <span class='ocrx_word' id='word_1_251' title='bbox 893 2450 919 2504; x_wconf 58' lang='grc' dir='ltr'>ιι</span> <span class='ocrx_word' id='word_1_252' title='bbox 933 2455 953 2494; x_wconf 87' lang='grc' dir='ltr'>ει</span> <span class='ocrx_word' id='word_1_253' title='bbox 971 2407 972 2432; x_wconf 28' lang='lat'>¹</span> 
     </span>
     <span class='ocr_line' id='line_1_30' title="bbox 161 2509 604 2570; baseline -0.007 -12"><span class='ocrx_word' id='word_1_254' title='bbox 161 2522 201 2568; x_wconf 83' lang='lat' dir='ltr'>qu.</span> <span class='ocrx_word' id='word_1_255' title='bbox 212 2510 252 2570; x_wconf 82' lang='lat'>18,</span> <span class='ocrx_word' id='word_1_256' title='bbox 264 2511 292 2555; x_wconf 88' lang='lat' dir='ltr'>de</span> <span class='ocrx_word' id='word_1_257' title='bbox 307 2511 384 2570; x_wconf 75' lang='lat' dir='ltr'>verit,</span> <span class='ocrx_word' id='word_1_258' title='bbox 401 2516 445 2556; x_wconf 85' lang='lat' dir='ltr'>art.</span> <span class='ocrx_word' id='word_1_259' title='bbox 458 2509 473 2554; x_wconf 72' lang='lat'><em>2</em></span> <span class='ocrx_word' id='word_1_260' title='bbox 484 2517 509 2555; x_wconf 90' lang='grc' dir='ltr'>ει</span> <span class='ocrx_word' id='word_1_261' title='bbox 522 2515 565 2556; x_wconf 85' lang='lat' dir='ltr'>art.</span> <span class='ocrx_word' id='word_1_262' title='bbox 581 2509 604 2555; x_wconf 75' lang='lat' dir='ltr'>i.</span> 
     </span>
    </p>
   </div>
   <div class='ocr_carea' id='block_1_8' title="bbox 159 2581 952 2958">
    <p class='ocr_par' dir='ltr' id='par_1_11' title="bbox 159 2581 952 2958">
     <span class='ocr_line' id='line_1_31' title="bbox 195 2581 951 2644; baseline 0.001 -17"><span class='ocrx_word' id='word_1_263' title='bbox 195 2581 226 2644; x_wconf 64' lang='grc' dir='ltr'>(ἱ)</span> <span class='ocrx_word' id='word_1_264' title='bbox 241 2584 289 2629; x_wconf 85' lang='grc' dir='ltr'>Νεε</span> <span class='ocrx_word' id='word_1_265' title='bbox 298 2583 398 2643; x_wconf 81' lang='lat' dir='ltr'>tautum,</span> <span class='ocrx_word' id='word_1_266' title='bbox 409 2584 450 2629; x_wconf 88' lang='lat' dir='ltr'>sed</span> <span class='ocrx_word' id='word_1_267' title='bbox 461 2589 485 2628; x_wconf 88' lang='lat' dir='ltr'>et</span> <span class='ocrx_word' id='word_1_268' title='bbox 499 2583 561 2640; x_wconf 85' lang='lat' dir='ltr'>qutd</span> <span class='ocrx_word' id='word_1_269' title='bbox 575 2583 613 2628; x_wconf 91' lang='lat' dir='ltr'>iiia</span> <span class='ocrx_word' id='word_1_270' title='bbox 625 2585 686 2630; x_wconf 83' lang='lat' dir='ltr'>Deus</span> <span class='ocrx_word' id='word_1_271' title='bbox 698 2583 790 2630; x_wconf 87' lang='lat' dir='ltr'>adeum</span> <span class='ocrx_word' id='word_1_272' title='bbox 802 2585 920 2632; x_wconf 81' lang='lat' dir='ltr'>adduxerit</span> <span class='ocrx_word' id='word_1_273' title='bbox 931 2591 951 2630; x_wconf 91' lang='lat' dir='ltr'>ut</span> 
     </span>
     <span class='ocr_line' id='line_1_32' title="bbox 159 2642 950 2765; baseline 0.004 -11"><span class='ocrx_word' id='word_1_274' title='bbox 159 2642 818 2765; x_wconf 33' lang='lat' dir='ltr'>‘astiterat*tartacitaecrta</span> <span class='ocrx_word' id='word_1_275' title='bbox 838 2647 950 2757; x_wconf 40' lang='lat'>3⁰⁸5*</span> 
     </span>
     <span class='ocr_line' id='line_1_33' title="bbox 160 2721 951 2832; baseline 0.001 -15"><span class='ocrx_word' id='word_1_276' title='bbox 160 2723 242 2830; x_wconf 58' lang='grc' dir='ltr'>ἓριιιιιι</span> <span class='ocrx_word' id='word_1_277' title='bbox 253 2777 287 2816; x_wconf 79' lang='lat' dir='ltr'>eat</span> <span class='ocrx_word' id='word_1_278' title='bbox 300 2783 388 2816; x_wconf 70' lang='lat' dir='ltr'>comm</span> <span class='ocrx_word' id='word_1_279' title='bbox 401 2721 469 2830; x_wconf 50' lang='lat' dir='ltr'>effug,-</span> <span class='ocrx_word' id='word_1_280' title='bbox 482 2772 541 2818; x_wconf 85' lang='lat' dir='ltr'>uudc</span> <span class='ocrx_word' id='word_1_281' title='bbox 553 2772 657 2818; x_wconf 83' lang='lat' dir='ltr'>subditur</span> <span class='ocrx_word' id='word_1_282' title='bbox 673 2773 734 2832; x_wconf 77' lang='lat' dir='ltr'>quod</span> <span class='ocrx_word' id='word_1_283' title='bbox 748 2725 951 2820; x_wconf 41' lang='lat' dir='ltr'>mimidensis</span> 
     </span>
     <span class='ocr_line' id='line_1_34' title="bbox 159 2834 952 2894; baseline 0.001 -13"><span class='ocrx_word' id='word_1_284' title='bbox 159 2834 294 2894; x_wconf 73' lang='grc' dir='ltr'>ερρεὶιευιι</span> <span class='ocrx_word' id='word_1_285' title='bbox 309 2838 402 2880; x_wconf 72' lang='grc' dir='ltr'>ειειιοιε</span> <span class='ocrx_word' id='word_1_286' title='bbox 415 2836 555 2882; x_wconf 66' lang='lat' dir='ltr'>manuam</span> <span class='ocrx_word' id='word_1_287' title='bbox 570 2839 593 2880; x_wconf 83' lang='lat' dir='ltr'>et</span> <span class='ocrx_word' id='word_1_288' title='bbox 608 2837 725 2882; x_wconf 75' lang='lat' dir='ltr'>uniuersa</span> <span class='ocrx_word' id='word_1_289' title='bbox 738 2837 853 2882; x_wconf 68' lang='lat' dir='ltr'>cremerae</span> <span class='ocrx_word' id='word_1_290' title='bbox 870 2839 922 2884; x_wconf 77' lang='lat' dir='ltr'>ercii</span> <span class='ocrx_word' id='word_1_291' title='bbox 934 2843 952 2883; x_wconf 78' lang='lat' dir='ltr'>et</span> 
     </span>
     <span class='ocr_line' id='line_1_35' title="bbox 161 2897 951 2958; baseline 0.009 -16"><span class='ocrx_word' id='word_1_292' title='bbox 161 2898 247 2945; x_wconf 74' lang='lat' dir='ltr'>tertiae</span> <span class='ocrx_word' id='word_1_293' title='bbox 260 2902 347 2948; x_wconf 67' lang='lat' dir='ltr'>we,</span> <span class='ocrx_word' id='word_1_294' title='bbox 360 2904 386 2943; x_wconf 89' lang='lat' dir='ltr'>nt</span> <span class='ocrx_word' id='word_1_295' title='bbox 402 2899 479 2945; x_wconf 85' lang='lat' dir='ltr'>ridere</span> <span class='ocrx_word' id='word_1_296' title='bbox 494 2903 531 2944; x_wconf 87' lang='lat' dir='ltr'>est</span> <span class='ocrx_word' id='word_1_297' title='bbox 544 2910 605 2946; x_wconf 81' lang='lat' dir='ltr'>vers,</span> <span class='ocrx_word' id='word_1_298' title='bbox 625 2897 653 2943; x_wconf 81' lang='lat' dir='ltr'>ra</span> <span class='ocrx_word' id='word_1_299' title='bbox 668 2912 695 2946; x_wconf 87' lang='lat' dir='ltr'>ae</span> <span class='ocrx_word' id='word_1_300' title='bbox 714 2899 837 2958; x_wconf 65' lang='lat' dir='ltr'>dunceres</span> <span class='ocrx_word' id='word_1_301' title='bbox 852 2901 880 2948; x_wconf 80' lang='lat' dir='ltr'>ad</span> <span class='ocrx_word' id='word_1_302' title='bbox 895 2901 951 2948; x_wconf 82' lang='lat' dir='ltr'>iudi-</span> 
     </span>
    </p>
   </div>
   <div class='ocr_carea' id='block_1_9' title="bbox 0 0 1009 3309">
    <p class='ocr_par' dir='ltr' id='par_1_12' title="bbox 0 0 1009 3309">
     <span class='ocr_line' id='line_1_36' title="bbox 0 0 1009 3309; baseline 0 0"><span class='ocrx_word' id='word_1_303' title='bbox 0 0 1009 3309; x_wconf 95' lang='lat' dir='ltr'> </span> 
     </span>
    </p>
   </div>
  </div>
 </body>
</html>
