1984 3309
135 251 166 288 nn
179 248 256 289 sntnu
268 249 297 288 m
310 247 454 288 consuamus
466 247 534 288 natm
548 248 660 300 nomios,
674 251 728 290 nnc.
788 241 832 291 385

71 333 90 376 3.
104 328 229 392 hemico,
240 327 299 378 visio
310 328 352 379 bei
368 341 408 392 per
420 327 545 378 essentiam
556 331 606 390 est,
615 341 660 391 qua
670 328 761 379 videtur
773 329 835 380 bens

45 397 86 449 sine
98 401 172 452 medio
188 405 213 452 ει
225 400 275 452 siue
291 401 422 464 enigmate.
437 401 482 452 Sed
495 403 563 452 homo
577 400 602 450 in
619 403 679 452 statu
696 400 834 454 innocentis

45 470 171 523 tillitlleum
182 473 233 524 siue
243 474 327 536 melio,
339 476 366 522 ut
376 473 483 535 llagisten
492 472 578 524 dicitin
587 474 606 523 l.
620 473 672 523 dist.
687 477 710 537 t,
722 473 762 528 lib.
776 475 835 524 Sen-

45 546 95 593 teot.
106 545 168 596 vidit
179 546 252 596 etium
266 546 316 596 sine
330 545 464 609 enigmate,
473 545 527 609 quia
537 563 552 592 «
561 544 659 608 enigma
675 545 837 598 obscuuitatem

44 614 182 681 importet,»
201 621 228 666 ut
251 617 391 682 Augustinus
408 617 464 666 dicit
481 617 531 666 XV.
546 617 584 666 De
598 617 690 668 Trinit.
708 617 774 683 (cap.
795 619 835 684 9).

44 688 163 740 bbsmritas
174 692 253 740 numm
266 689 395 746 introducta
408 694 444 740 est
456 703 498 753 per
512 692 640 754 peccalum.
652 689 711 753 Ergo
730 691 797 742 homo
811 691 836 741 in

44 760 106 820 urimo
118 765 181 812 statu
196 761 255 812 vidit
268 753 340 812 belim
352 775 395 825 per
408 761 542 812 essentiam.

70 832 109 882 Sed
119 836 197 883 contra
206 838 260 893 est,
276 834 336 896 quod
346 834 468 897 Apostolus
478 833 535 884 ‹lioit
551 835 570 884 l.
583 834 618 884 od
629 836 697 889 Com,
712 835 761 896 XV,
776 833 836 900 qnod

47 917 103 954 omn
108 905 173 968 prius
178 905 243 969 quod
252 905 369 969 spirituale
377 909 421 968 est,
430 907 469 955 sel
477 906 538 970 quod
546 905 674 957 animale.»
684 907 729 958 Sed
738 907 836 958 memmi

46 976 148 1037 spirituale
159 981 198 1029 est
211 977 291 1027 uidere
304 978 376 1027 iteum
385 991 427 1041 peu
439 976 572 1027 essentiam.
584 979 643 1041 lingo
654 979 741 1043 ptimus
751 981 835 1044 bomo,

46 1044 66 1093 in
76 1049 139 1111 ntimo
148 1053 212 1101 stetu
224 1049 330 1098 animalis
338 1048 406 1113 uite,
417 1050 495 1099 Deum*
501 1063 541 1113 peu
555 1049 680 1100 essentiam
693 1064 739 1101 non
753 1049 818 1102 violo

71 1120 222 1184 (Conmnsso.
237 1147 269 1158 -
280 1121 387 1180 Quamuis
399 1120 487 1185 primns
501 1123 570 1172 bomo
582 1121 606 1171 in
625 1125 685 1172 statu
698 1121 834 1174 innocentie

47 1190 107 1242 altiori
119 1195 220 1258 quodam
234 1191 365 1257 cognitione
378 1194 449 1242 Deum
463 1192 596 1256 cognouerit
609 1191 676 1258 quim
689 1207 731 1244 nos
742 1209 837 1259 cognos-

46 1262 118 1330 cimus,
129 1269 264 1317 nontamen
272 1265 344 1314 Mum
352 1277 393 1329 per
405 1264 529 1315 essentiam
539 1263 610 1327 uidit,
618 1265 671 1315 cium
681 1265 834 1332 peccaverit.)

70 1336 201 1402 Respondeo
219 1337 354 1401 dicendum,
366 1335 427 1400 quod
439 1339 527 1400 pomus
539 1339 608 1388 bomo
621 1339 692 1388 boum
704 1351 745 1402 pen
756 1351 837 1389 essen·

47 1406 90 1458 bom
102 1424 147 1461 naon
160 1411 223 1461 vidit
236 1408 360 1460 smundbm
371 1422 515 1459 communem
533 1412 617 1459 statum
631 1408 693 1458 illins
705 1408 775 1474 vitae,
791 1410 835 1460 nisi

46 1480 93 1532 lorti
103 1483 191 1534 iimtuu
200 1481 352 1548 quoduitlerit
362 1495 414 1532 eum
425 1481 450 1531 in
459 1485 540 1546 raptu,
550 1481 639 1545 quaudo
649 1499 663 1529 «
671 1483 736 1531 Deus
743 1481 837 1533 immisit

45 1557 175 1616 mmmmm
191 1555 278 1616 binni,
294 1572 308 1601 n
323 1557 349 1602 nt
360 1553 443 1604 dieitur
456 1555 529 1614 Gom,
546 1554 575 1603 ΙΙ.
593 1553 621 1603 Ει
636 1553 705 1618 hujus
720 1553 777 1604 ratio
788 1557 836 1616 est,

45 1626 148 1685 uniamus
160 1627 244 1679 (livino
255 1625 355 1676 εεεειιιίε
365 1625 396 1675 sit
403 1626 453 1689 ipsa
465 1625 591 1689 beatitudo,
601 1626 645 1676 boc
653 1625 720 1676 modo
734 1625 838 1676 sehabet

45 1694 161 1751 intellectus
171 1699 275 1749 videntis
286 1695 388 1746 divinam
396 1697 518 1747 essentiam
528 1697 556 1747 ai
566 1697 649 1754 Deum,
661 1697 719 1748 siout
730 1710 755 1748 se
770 1697 837 1748 nabot

45 1768 128 1828 ιιίιιιιει
143 1773 215 1821 bomo
234 1770 264 1819 ed
275 1768 447 1820 beatitudinem.
467 1769 613 1820 Manifestum
630 1772 665 1820 ost
682 1771 758 1819 autem
777 1769 838 1834 quod

45 1840 109 1891 nulus
117 1844 189 1894 bomo
197 1845 273 1906 potest
284 1854 326 1905 peu
338 1841 479 1890 uoluntatem
492 1840 506 1890 i
519 1839 660 1891 beatitudine
669 1839 755 1903 averti3
769 1844 836 1890 natu-

46 1910 110 1962 raliter
120 1913 185 1965 enim
196 1916 259 1964 etex
268 1912 404 1963 netaessitate
417 1913 487 1962 bomo
497 1911 546 1961 vult
557 1911 730 1973 beatitudinem,
742 1915 766 1961 et
779 1911 838 1974 iugit

45 1980 157 2036 molam.
172 1986 243 2036 conoe
265 1985 342 2035 nullus
361 1983 441 2034 uidem
460 1985 533 2033 Mum
549 1997 591 2047 per
608 1983 747 2048 essentiam,
761 1985 837 2046 potest

45 2055 147 2109 votnumte
157 2057 234 2108 aveni
245 2056 329 2122 ilico,
338 2057 400 2121 quod
411 2059 445 2106 est
453 2069 556 2120 peccare.
566 2057 594 2106 Et
602 2059 695 2120 propter
703 2055 748 2105 hoo
758 2067 837 2106 omnes

45 2124 136 2180 umentes
150 2132 225 2181 ileum
240 2143 281 2195 per
295 2128 433 2192 essentum,
449 2128 482 2178 sic
500 2129 525 2178 in
542 2141 617 2178 amone
636 2127 677 2178 liei
694 2125 839 2177 stabiliuntur

46 2199 95 2257 suoi
106 2201 131 2250 iu
143 2206 258 2254 eternum
267 2212 361 2266 peceare
371 2213 417 2250 nou
425 2197 599 2264 possunt.Cb1n
610 2211 663 2262 ergo
677 2197 749 2248 Adam
757 2211 838 2263 pecca·

45 2271 108 2334 teob,
121 2274 271 2324 menifestum
282 2275 317 2323 est
330 2271 392 2336 quod
406 2273 479 2322 Deum
489 2285 531 2336 peu
543 2270 662 2321 essentiam
677 2283 723 2320 non
734 2270 835 2322 videbat.

46 2340 193 2404 Cognouoebat
205 2349 284 2395 mmcn
292 2347 364 2394 mum
374 2343 470 2407 quadum
486 2343 562 2394 altiori
576 2341 706 2406 cognitione
718 2341 785 2407 quim
797 2357 839 2394 nos

47 2427 97 2467 nuno
111 2431 284 2482 cognoscamus.
303 2419 332 2467 lit
349 2417 383 2466 sic
401 2417 565 2480 quodammodo
580 2416 630 2479 ejus
647 2415 745 2479 cognitio
764 2415 838 2477 media

47 2492 87 2536 emt
95 2488 156 2540 intel·
166 2489 322 2552 cognitionem
331 2487 448 2553 presentis
458 2491 541 2548 statue,
552 2491 574 2538 et
586 2486 737 2551 cognitionem
747 2487 840 2551 patmos,

47 2572 84 2618 uua
95 2561 160 2612 bens
168 2573 211 2625 peu
221 2560 345 2612 essentiam
355 2560 453 2610 uidetur.
465 2559 499 2610 td
508 2561 574 2623 cujus
584 2557 721 2610 evidentiam
733 2561 838 2610 conside·

48 2633 133 2682 randum
145 2638 183 2684 est
196 2633 258 2696 qood
271 2632 330 2682 nisio
341 2631 381 2681 liei
391 2645 434 2695 peu
445 2631 566 2681 mentium
587 2629 696 2681 diuiditur
709 2635 788 2682 contro
801 2631 840 2681 vi*

48 2698 124 2752 sionem
141 2705 188 2754 liei
201 2715 244 2768 per
257 2707 390 2754 creaturam.
405 2702 493 2762 Quanto
510 2705 585 2753 autem
604 2701 679 2766 aliqua
693 2707 795 2753 creatum
806 2705 841 2753 est

49 2771 104 2822 altior
114 2779 137 2825 ει
146 2777 193 2826 lieo
204 2775 309 2839 similior,
320 2773 436 2838 lentipes
447 2787 497 2825 eam
508 2775 568 2824 licus
577 2773 660 2825 clariis
671 2774 770 2833 videtum
780 2774 839 2824 siout

49 2840 107 2894 luomo
120 2846 243 2911 genestinis
254 2846 343 2897 violetur
352 2859 392 2911 per
405 2846 523 2910 speculum
531 2845 555 2894 in
565 2859 609 2912 quo
624 2845 754 2910 expressius
765 2847 842 2908 imago

50 2912 93 2972 ojus
102 2918 202 2969 resultat.
212 2919 242 2968 lit
253 2918 287 2968 sio
297 2921 369 2982 patet,
378 2917 439 2982 quod
448 2917 521 2969 multo
530 2917 668 2968 eminentius
685 2917 772 2968 videtur
781 2918 847 2972 lione

50 2996 84 3043 ltu
92 2987 246 3053 intelligibiles
257 2989 364 3053 enectus,
375 2990 442 3053 quim
457 3001 498 3053 per
513 2981 632 3040 sensibiles
646 2992 669 3041 et
681 2999 809 3052 corporeos.
822 2988 841 3038 b

689 3088 731 3137 Μ’
