1984 3309
158 172 275 217 cuonone
288 171 372 215 sarua,
380 174 558 222 nemnem
571 176 687 229 saum,
699 181 750 219 ure.
810 173 857 221 tet

58 251 97 302 art.
107 250 120 299 l
129 247 146 313 l,
157 254 221 303 actus
232 252 358 303 voluntatis
366 253 424 306 nihil
433 254 494 306 aliud
504 258 541 307 esi
549 254 745 319 punctuate
754 258 858 322 quadani

59 335 193 387 εοιιεεειιειιε
206 324 305 375 turmam
322 323 475 391 intellectam
495 326 557 377 sicut
574 329 689 393 appetitus
700 330 810 381 naturalis
821 332 860 381 est

57 393 165 446 inclinatio
185 409 330 459 consequens
340 397 437 449 sormam
446 400 582 453 naturalem.
596 400 718 453 Inoinatlo
728 405 805 452 anum
817 416 859 451 cu·

57 464 143 529 jnsliiet
158 467 193 518 rei
206 471 242 519 est
255 467 281 517 in
298 466 350 532 ipsa
366 482 390 519 re
404 483 445 533 per
461 472 554 524 mudum
572 470 645 534 cjns:
661 473 723 523 unde
738 471 858 524 inclinatio

59 538 161 589 naturalis
179 542 214 589 εει
228 538 362 590 naturaliter
376 540 401 591 iu
419 555 444 591 re
457 542 567 606 naturali,
582 547 606 593 et
628 543 811 606 inclinatisque
824 548 861 595 est

61 610 169 674 appetitus
181 610 312 676 sedebilis,
330 615 365 662 est
379 612 517 663 sensibiliter
531 614 558 664 iu
570 614 696 679 sentiente3
712 617 736 665 et
755 615 860 665 similitu

58 680 168 735 inclinatio
183 682 350 748 intelligibilis,
361 700 412 749 quae
425 689 460 736 εει
473 690 537 737 actus
551 686 688 750 voluntatis,
702 691 738 737 est
748 685 857 748 intelligi-

57 754 125 805 biliter
134 755 159 805 in
170 756 317 820 intelligente
327 795 334 821 ‚
344 757 404 807 sicut
412 757 437 807 in
448 758 561 822 principio
574 762 598 809 et
605 759 631 807 in
640 758 732 822 proprio
745 757 856 822 subjecto.

58 824 141 879 Undeet
148 828 308 891 Philosophus
315 828 358 879 hnc
367 830 434 879 modo
444 829 553 893 loquendi
563 829 636 879 utitur
646 831 671 879 in
679 830 719 879 111.
728 830 765 879 De
771 830 859 879 animo

58 896 121 961 (text.
133 900 194 964 ta),
213 899 278 964 quod
297 917 311 948 ιι
322 900 429 951 uoluntas
437 900 463 951 in
474 901 561 952 ratione
577 906 613 951 est
625 900 692 966 (1).»
705 900 769 961 Quod
783 904 859 950 auteur

59 968 222 1035 intelligibiliter
237 976 274 1023 εει
287 971 313 1021 io
325 972 400 1035 aliquo
415 972 571 1037 intelligente,
584 986 726 1037 εοεεεειιειιε
740 976 777 1023 εει
788 976 816 1022 ut
830 972 859 1023 aa

61 1054 85 1091 eo
96 1043 241 1109 uteligatur.
256 1044 324 1097 Unde
332 1048 398 1095 actus
410 1046 537 1095 voluntatis
547 1044 682 1109 intelligitur
693 1045 721 1094 ab
730 1043 857 1106 intellectu,

59 1115 80 1161 et
91 1113 232 1180 inquantum
246 1114 330 1179 aliquis
344 1116 442 1180 percipit
455 1130 480 1168 se
492 1116 567 1181 velle,
581 1117 641 1167 etin
654 1118 765 1179 quantum
775 1114 860 1180 aliquis

58 1188 161 1249 ωειεεειι
182 1190 294 1239 naturam
314 1188 384 1253 hujus
401 1189 479 1253 actds,
495 1191 519 1239 ει
539 1201 581 1253 per
600 1200 742 1252 consequens
755 1189 859 1237 naturam

58 1257 100 1321 ejus
111 1259 233 1326 principii,
248 1259 312 1323 quod
326 1262 361 1309 esi
376 1260 468 1311 habitus
479 1261 518 1312 uel
531 1260 642 1326 potentia.

83 1332 229 1396 ltprimum
247 1341 303 1393 ergo
320 1330 454 1394 dicendum,
472 1331 533 1397 qnid
546 1332 606 1382 ratio
621 1330 661 1380 illa
674 1330 823 1394 procederet,
842 1329 862 1379 si

57 1402 153 1455 volumtas
169 1407 194 1455 ει
205 1402 355 1466 intellectus,
367 1402 425 1453 sicut
440 1406 493 1453 sunt
508 1404 604 1454 (ιιιειεε
619 1401 741 1467 potentia,
751 1401 783 1449 ita
794 1400 862 1449 etiarn

58 1476 151 1540 subjecto
161 1477 289 1528 differrent
300 1489 306 1524 :
318 1474 351 1525 sic
358 1474 421 1525 enirn
428 1476 488 1539 qnod
497 1475 699 1537 estinrnluutate,
707 1475 768 1523 esset
777 1472 862 1522 absem

57 1546 216 1601 ιιιειειιεειιι.
227 1548 296 1598 Nune
307 1550 384 1597 auum
395 1547 577 1610 olusatrumque
593 1545 706 1595 radicetur
713 1543 738 1594 in
753 1556 799 1592 ana
809 1543 864 1593 solu

58 1621 133 1671 sunda
144 1621 248 1681 auimae,
261 1622 286 1669 et
295 1632 368 1669 unum
381 1617 410 1669 sit
421 1618 589 1684 quodammodo
601 1617 741 1683 principium
755 1614 862 1677 ειιειίιιε,

58 1702 194 1757 annuens
206 1694 282 1743 estut
294 1690 355 1757 quod
365 1694 401 1744 est
413 1690 573 1753 inuoluptate,
582 1690 612 1742 sit
622 1689 690 1742 etiam
698 1686 864 1753 quodammodo

57 1759 212 1816 uintellectu.
556 1787 558 1790 ·

83 1837 115 1885 ad
132 1837 265 1888 secuudum
274 1834 410 1899 dicendum,
420 1836 481 1900 quid
494 1836 588 1885 donum
598 1837 622 1885 ει
631 1848 733 1890 wem,
746 1846 796 1896 quae
810 1834 865 1881 sunt

58 1905 137 1970 nijeola
150 1907 284 1959 voluntatis
295 1910 319 1957 et
332 1906 473 1971 intellectis,
484 1908 594 1957 dilierunt
602 1903 694 1969 qudem
707 1903 810 1965 ratione3
825 1914 865 1951 ue·

58 1984 179 2033 rnmtamen
192 1994 269 2031 unum
288 1992 368 2031 eorum
382 1980 512 2031 continetur
524 1979 567 2030 sub
581 1978 642 2042 alio,
656 1974 765 2039 utsupra
780 1974 865 2024 dictum

59 2052 137 2117 cella).
146 2054 208 2105 Nam
224 2066 316 2102 verum
328 2054 365 2101 est
378 2052 491 2121 quoddam
503 2052 597 2112 bonum,
608 2052 631 2100 et
642 2048 733 2099 bonam
747 2049 784 2095 est
794 2045 865 2109 quod·¹

58 2122 102 2174 darn
112 2138 204 2176 rerum.
215 2126 246 2175 Ει
255 2124 307 2175 ideo
319 2136 371 2189 quae
382 2127 434 2173 sunl
442 2122 581 2184 voluntatis,
593 2121 676 2186 cadunt
686 2119 728 2170 sub
738 2116 865 2179 intedectug

58 2198 77 2246 ct
87 2210 136 2260 qnae
151 2199 209 2249 snut
223 2194 371 2259 intellectis,
385 2198 480 2261 possunt
496 2195 577 2246 cadere
592 2194 634 2244 sub
643 2192 771 2242 voluntate.
830 2259 836 2270 .

84 2269 117 2321 ld
127 2268 227 2323 tertium
245 2267 367 2334 dicendum
373 2304 383 2333 ,
394 2264 455 2335 qudd
466 2268 562 2320 allectus
573 2262 655 2317 anima
670 2276 718 2315 non
727 2264 781 2314 suut
791 2259 816 2311 in
829 2272 866 2311 ru-

87 2404 118 2470 (1)
134 2410 180 2455 Seu
190 2410 217 2455 iu
231 2406 342 2453 rationali
355 2402 405 2477 (τῷ
416 2402 559 2479 λογιστικῷ)
575 2407 643 2462 prout
656 2400 723 2447 ratio
741 2404 813 2445 totam
829 2411 868 2481 an-

60 2481 169 2533 pedorem
188 2481 275 2527 animoa
291 2484 384 2537 partem
401 2476 576 2534 comprehendit
589 2476 660 2522 ueluti
676 2472 743 2518 radix
762 2475 785 2516 ει
803 2480 867 2526 origo

60 2545 180 2599 superioris
198 2542 318 2602 appetitis
337 2542 376 2598 qut
393 2547 428 2587 est
439 2542 560 2599 voluntas,
571 2546 618 2584 etc.
632 2536 726 2592 ulloqui
740 2536 806 2607 ratio
820 2532 867 2577 tor-

60 2606 147 2653 naliter
166 2612 194 2653 ut
213 2608 244 2652 ad
257 2606 401 2652 intellectum
417 2599 550 2661 pertincus3
560 2600 695 2647 'voluntatis
709 2608 827 2669 proprruna
844 2598 868 2638 el

61 2670 185 2721 proximum
206 2670 342 2726 subjectum
354 2678 405 2713 esse
420 2679 467 2712 non
482 2669 573 2722 potest,
589 2664 630 2712 sed
643 2663 762 2718 utriusque
776 2660 868 2713 subrec-

63 2734 104 2776 tum
115 2740 151 2779 est
162 2733 255 2791 anima,
270 2736 296 2777 ut
307 2742 364 2777 mcx
375 2730 593 2786 etiamexpliealur.

91 2799 120 2863 (Ξ)
135 2806 189 2851 Neu
208 2816 249 2861 qu.
271 2802 317 2861 82,
331 2806 376 2849 art.
398 2802 426 2860 Ξ,
445 2802 474 2849 ad
487 2802 516 2860 ἢ,
532 2800 592 2845 sicut
608 2798 671 2856 pride
684 2794 829 2841 indicabatur
840 2789 868 2835 ad

63 2867 198 2927 maginem,
215 2866 258 2913 sed
273 2862 319 2911 a'rt.
335 2863 365 2923 3,
381 2865 408 2911 ad
424 2864 449 2911 t.
467 2867 530 2912 Bene
543 2869 622 2911 auum
635 2860 781 2907 indicabam
794 2854 868 2901 adduc

64 2938 89 2971 ιι
99 2936 183 2987 uuest.
196 2928 243 2991 16,
254 2934 299 2977 art.
321 2926 346 2990 t,
364 2927 394 2975 ad
406 2926 428 2973 1.
