1984 3309
146 198 149 213 .
184 151 215 187 nl!
231 149 294 189 ΜΟ
310 149 339 190 ΕΤ
355 148 420 188 ΜΟ
432 149 458 189 l!
470 148 554 190 ΔΚΜ
566 148 731 189 &mmmm
811 140 858 187 935

51 242 128 291 num;
144 227 205 291 quod
219 227 318 291 pertinet
331 228 360 277 ad
369 226 498 290 passionem
511 226 606 289 amoris,
619 226 658 276 cui
668 239 711 289 per
721 225 858 277 contrarium

49 300 180 364 respondet
194 298 282 363 odium,
298 312 327 349 ex
340 304 405 362 parte
417 298 479 349 mali.
494 298 609 362 Modo,
623 290 742 349 sibonum
757 299 788 348 sit
799 312 859 349 non·

50 375 110 423 dum
124 370 241 432 habitum,
254 371 292 421 dat
305 370 327 420 ei
338 373 423 421 motum
437 371 465 421 ad
475 372 642 435 assequendum
653 370 737 420 bouum
748 373 855 433 amatum,

50 448 75 493 et
88 445 135 493 boc
149 440 249 505 pertinet
260 442 288 491 ad
299 441 428 505 passionem
442 442 548 492 desiderii
559 442 597 492 vel
607 441 812 505 concupiscentiae3
834 446 858 493 et

50 530 82 566 ex
102 512 227 578 opposito,
240 517 345 577 exparte
360 513 414 564 mali
432 518 469 565 ost
481 514 535 576 iuga
547 514 584 565 vel
599 513 745 565 abominatio.
764 512 857 578 lertio,

50 600 108 637 cuim
120 586 229 647 adeptum
240 584 308 635 luerit
322 585 405 635 bonum
412 623 421 649 ,
434 586 473 635 dat
485 584 595 648 appetitui
607 585 770 647 quietationem
780 599 859 649 qnam·

50 658 151 709 damin
171 656 221 721 ipso
238 656 298 707 bono
313 659 409 721 adepto,
430 661 453 709 et
469 658 514 706 boc
529 656 629 719 pertinet
646 657 672 706 ad
687 658 859 710 delectationem
913 704 917 710 .

51 728 228 791 rotgaudum,
245 728 280 777 cui
301 728 424 793 opponitur
440 730 546 791 exparte
562 726 615 777 mali
629 727 692 776 dolor
707 728 744 777 vel
756 726 856 777 tristitia.

49 802 78 851 ln
93 798 241 865 passionibus
252 801 327 849 autem
335 798 454 848 irascibilis
463 797 645 863 praesupponitur
654 798 746 862 paridem
755 798 858 863 aptitudo
930 802 934 805 ’

51 873 91 923 rel
106 870 227 921 inclinatio
241 871 268 919 ad
282 872 464 935 prosequendum
475 870 559 921 bonam
568 908 575 929 ,
585 869 622 918 vel
633 868 762 932 tumendum
773 871 859 920 malum

50 960 82 996 cx
97 941 286 1005 concupiscibili,
298 955 349 1006 qnae
363 942 466 994 absolute
477 941 571 1005 respicit
579 941 663 991 bonum
675 942 710 990 uel
725 941 809 992 malum
818 955 826 1003 ;
836 947 858 992 et

50 1018 165 1079 respectu
176 1014 230 1063 boni
244 1014 345 1063 nondum
358 1013 434 1077 adepti
447 1016 482 1065 est
497 1026 551 1077 spes
564 1016 588 1063 et
597 1013 740 1077 desperatio,
751 1018 858 1077 respectu

50 1090 134 1137 autem
148 1083 203 1133 mali
216 1084 316 1134 nondum
329 1084 450 1149 injacentis
464 1088 500 1135 est
512 1085 580 1135 timor
591 1089 614 1135 et
627 1084 735 1149 audacia,
752 1083 858 1149 respectu

50 1163 133 1211 autem
152 1156 207 1205 boui
220 1156 296 1221 adepti
310 1170 355 1206 uon
365 1159 401 1206 est
417 1157 492 1220 aliqua
501 1157 575 1221 passio
585 1157 609 1207 in
620 1156 737 1221 irascibili,
748 1156 858 1221 quiajam

50 1244 101 1281 non
116 1226 188 1278 babet
200 1226 310 1281 rationem
329 1228 444 1292 ardui,ut
458 1227 525 1293 supr'a
539 1228 672 1278 dictumest
689 1230 739 1291 (art.
758 1229 792 1292 ³).
813 1228 858 1278 Sed

50 1316 81 1352 ex
96 1300 161 1349 malo
179 1299 227 1362 J'am
245 1298 354 1365 injacenti
372 1298 473 1365 sequitur
486 1298 562 1364 passio
574 1299 622 1350 irae·
639 1298 676 1349 Sic
697 1299 765 1363 igitur
782 1300 857 1363 patet,

50 1372 117 1439 quod
131 1370 158 1423 ln
169 1370 339 1437 concupiscibili
352 1376 404 1422 sunt
419 1375 464 1423 tres
478 1370 648 1436 conjugationes
656 1371 803 1434 passionum,
814 1371 858 1421 sci·

50 1446 108 1496 licet
119 1454 184 1496 anaor
197 1445 221 1491 et
233 1442 322 1505 odium,
335 1444 472 1494 desiderium
483 1448 507 1494 et
518 1444 587 1506 iuga,
600 1442 706 1506 gaudium
721 1445 745 1491 et
756 1442 856 1493 tristitia.

50 1514 167 1567 Similiter
184 1512 209 1561 in
228 1510 333 1564 irascibili
351 1518 403 1565 sunt
420 1518 482 1579 tres,
499 1514 585 1563 scilicet
602 1527 656 1577 spes
673 1515 696 1563 et
713 1512 855 1579 desiccatio,

50 1589 124 1638 timor
136 1588 161 1635 et
177 1584 283 1649 audacia,
294 1586 340 1647 ira¹
355 1580 391 1635 cuii
410 1586 470 1635 nuda
485 1585 561 1649 passio
580 1584 709 1649 opponitur.
729 1585 788 1634 Sunt
804 1598 858 1648 ergo

50 1670 138 1709 omues
156 1655 274 1720 passiones
289 1657 364 1721 specie
380 1654 510 1707 differentes
527 1656 647 1718 undecim,
664 1669 704 1707 sex
724 1652 814 1721 quidem
834 1657 858 1706 in

49 1726 244 1793 concupiscibili,
265 1731 288 1777 et
306 1729 407 1793 quinque
422 1728 446 1778 in
467 1727 590 1792 irascibili,
609 1728 650 1780 sub
677 1729 758 1793 quibus
779 1741 858 1780 omncs

51 1800 140 1851 anima
154 1798 271 1861 passiones
286 1799 436 1851 continentur.

83 1873 117 1923 Et
128 1883 170 1935 pcc
183 1870 226 1921 boc
238 1874 301 1935 patet
313 1872 430 1937 responsio
441 1872 468 1925 ad
480 1872 577 1939 objecta.

402 2058 515 2073 ῃ

307 2211 477 2282 QUAESTIO
495 2211 607 2282 XXIV.

86 2366 124 2410 De
144 2360 205 2408 bono
223 2365 244 2409 et
257 2362 320 2408 nocto
339 2363 369 2408 in
388 2364 476 2408 animoa
491 2360 659 2421 passionibus,
674 2362 704 2406 in
722 2357 838 2419 Μίκων’

345 2435 462 2480 articulos
476 2434 565 2480 diuiso.

83 2584 180 2668 poinde
196 2583 382 2634 considerandum
399 2586 434 2633 est
448 2583 476 2633 de
492 2583 553 2633 bono
568 2586 592 2632 et
601 2581 660 2633 malo
670 2583 728 2634 circa
739 2582 858 2647 passiones

49 2670 193 2783 anigiaecirco
204 2729 247 2781 boc
255 2730 386 2791 ommutui
393 2730 489 2790 quatuor
501 2742 508 2777 ι
521 2730 548 2778 1⁰
557 2726 636 2780 unum
646 2728 730 2782 mcum
740 2725 857 2779 nundum

49 2803 144 2855 morale
158 2800 232 2865 possit
244 2801 270 2856 in
282 2798 427 2865 passionibus
440 2797 521 2851 amma
534 2796 640 2849 inveniri.
653 2801 681 2848 2⁰
693 2796 771 2849 Utrbm
782 2797 857 2848 omnis

49 2873 133 2944 passio
149 2872 232 2923 animae
246 2871 276 2922 sit
285 2872 344 2921 mala
354 2869 475 2921 moraliter.
486 2873 513 2920 3⁰
524 2870 603 2925 Um
615 2867 773 2933 omnispmsio
789 2868 858 2918 addat
