1984 3309
207 171 238 208 or
251 169 342 212 murno
355 171 410 211 mn
422 172 524 212 nomn
533 173 560 212 ur
571 173 691 221 conoul.
803 164 849 214 etl

70 254 98 300 2.
108 250 238 310 Preterca,
248 259 314 311 agere
327 251 418 313 propte
426 250 537 301 fincmest
545 249 722 301 ordinaresrram
736 250 850 305 actionem

37 321 170 371 adfinem.
190 319 235 370 Sed
248 320 293 370 lroc
309 323 343 372 est
360 320 456 372 milonis
472 333 539 384 onus.
556 322 616 385 lirgo
632 334 677 373 non
693 322 801 373 conuenit
813 323 852 377 liis

36 405 94 456 qum
111 389 206 442 ratione
220 394 306 442 curcul.
332 409 335 416 ¹

72 469 99 516 3.
121 465 238 514 Praeterea
248 501 254 525 ,
266 463 352 514 bonum
368 467 391 515 et
407 464 460 514 linis
476 467 514 515 est
526 465 640 529 objectum
655 465 788 516 uoluntatis.
806 467 853 519 aed

35 536 158 586 uoluntas
171 535 196 584 io
217 534 304 586 rationo
322 540 369 596 εει,
386 540 412 588 ut
430 535 513 586 dicitur
530 536 554 585 iu
572 537 611 587 lll.
632 537 669 586 De
681 539 778 588 animo.
793 539 851 602 firgo

36 621 110 672 agere
128 611 225 671 propter
239 607 308 660 finem
321 622 368 660 nou
381 610 417 658 εει
428 606 473 660 nisi
486 607 601 659 rationalis
614 612 701 660 natura
715 609 761 674 (l).

70 678 222 729 Sedcontra
241 680 288 739 cst,
303 678 363 743 quod
380 677 534 742 Philosophus
552 677 632 741 prebat
648 678 672 728 io
689 680 719 729 ll.
739 680 850 740 Plocio,

36 749 102 813 qudd
117 765 134 797 u
146 761 195 798 non
212 748 285 800 solum
299 749 442 814 intellectus,
458 749 581 801 sedetiam
598 752 680 800 natura
697 750 745 814 agit
759 754 851 816 propter

37 822 122 871 linem.
133 837 149 868 ir

71 892 418 956 (Cosanum-Quanquam
433 906 500 944 omne
514 906 584 956 agens
597 895 650 954 agat
666 897 760 957 proutcr
769 894 848 956 finem,

37 961 163 1026 proprium
180 966 257 1013 tamen
273 967 309 1014 est
324 963 440 1014 rationalis
459 967 545 1014 natura
558 967 585 1012 ut
596 966 688 1028 pmpter
701 963 770 1015 finem
783 968 849 1029 agat,

37 1032 111 1097 quasi
120 1046 146 1084 se
161 1046 246 1097 agens,
258 1033 297 1084 rel
307 1035 391 1085 ducens
403 1033 430 1084 iu
439 1033 532 1098 finem.)

71 1105 215 1168 Respondeo
232 1104 433 1168 dicendum,oudd
443 1106 521 1157 omnia
529 1107 620 1170 agentia
633 1119 727 1158 necesse
738 1112 774 1158 est
783 1121 849 1172 agere

38 1181 137 1241 propter
145 1176 225 1226 finem.
238 1175 360 1226 Causarum
367 1176 429 1228 enim
440 1177 468 1227 ad
477 1176 575 1228 inuicem
585 1178 738 1228 ordinatarum
747 1179 767 1228 si
777 1180 849 1243 prima

39 1241 201 1313 subtrahitur,
224 1257 319 1298 neccsse
342 1252 376 1298 est
396 1248 452 1298 alias
472 1249 583 1300 subtrahi.
601 1248 676 1298 Prima
697 1252 772 1299 autem
789 1250 851 1301 iuter

39 1333 125 1371 omues
140 1332 222 1369 causas
235 1321 272 1369 εει
284 1332 352 1370 causa
365 1319 453 1383 finalis3
469 1319 536 1384 cnjus
548 1319 605 1370 ratio
619 1322 668 1380 est,
687 1321 740 1383 quia
754 1321 850 1372 mamria

40 1405 89 1442 nou
106 1389 258 1458 consequitur
277 1390 388 1455 formam,
408 1390 454 1442 nisi
476 1389 599 1442 secuudum
617 1391 677 1454 quod
699 1394 802 1441 moretur
823 1393 851 1442 ab

40 1469 142 1528 agente,
162 1463 221 1512 uilril
240 1462 302 1514 enim
319 1463 405 1515 reducit
421 1477 445 1514 se
465 1463 492 1514 de
511 1463 615 1527 pseudo
632 1461 656 1512 in
673 1464 757 1512 actum.
776 1464 852 1526 Agens

43 1541 123 1588 autern
136 1547 185 1584 nou
196 1538 286 1598 movet,
303 1534 349 1585 uisi
360 1548 389 1585 ex
404 1533 532 1586 intentione
542 1533 611 1597 fiuis3
621 1532 642 1584 si
652 1531 713 1584 enim
724 1545 795 1596 agens
806 1546 851 1584 nou

42 1609 107 1656 esset
124 1604 301 1656 determinatum
318 1607 345 1656 ad
365 1606 464 1670 aliquem
482 1605 606 1666 ellectum,
620 1617 668 1654 non
688 1603 761 1667 magis
774 1608 852 1667 ageret

42 1680 86 1728 hoc
107 1677 181 1740 mam
198 1676 264 1728 illud.
281 1677 315 1728 ld
336 1677 379 1728 hoc
397 1690 452 1740 crgo
468 1675 529 1742 quod
549 1677 725 1728 determinatum
742 1674 849 1727 cfiectum

42 1749 171 1812 producat,
187 1761 281 1798 necesse
298 1751 333 1798 est
349 1745 411 1812 quod
426 1748 588 1799 determinetur
603 1749 632 1798 ad
648 1747 733 1812 aliquid
748 1750 849 1810 certum,

42 1823 103 1884 quod
123 1817 194 1872 habet
210 1819 320 1870 rationem
339 1819 398 1870 finis.
413 1821 466 1872 Haec
479 1824 553 1871 autem
568 1819 741 1880 determinatio,
755 1817 814 1873 sicut
827 1820 850 1870 iu

43 1891 151 1944 rationali
166 1894 247 1943 natura
264 1904 304 1955 per
317 1891 449 1942 rationalem
464 1891 489 1942 fit
505 1891 644 1956 appetitum,
655 1891 696 1956 qui
714 1890 850 1942 diciturne

43 1966 135 2027 luntas,
147 1961 182 2012 ita
190 1961 215 2014 in
226 1961 278 2014 aliis
287 1963 312 2013 tit
320 1977 362 2028 per
372 1962 543 2015 inclinationem
557 1963 695 2026 naturalem,
705 1975 757 2026 que
765 1961 851 2017 dicitur

44 2033 164 2098 appetitus
186 2033 303 2084 naturalis.
323 2035 410 2086 Tamen
433 2034 620 2086 considerandum
639 2037 674 2082 εει
688 2031 750 2096 qudd
765 2032 850 2094 aliquid

45 2121 85 2156 sua
103 2105 196 2157 actione
211 2105 247 2156 vel
262 2110 325 2156 motu
339 2106 412 2158 tendit
429 2106 540 2156 adfinem
555 2103 693 2168 dupliciter:
709 2117 755 2154 nuo
769 2105 850 2166 modo,

44 2179 103 2228 sicut
114 2177 222 2241 seipsum
235 2177 262 2226 ad
273 2177 341 2227 finem
357 2189 466 2240 movens,
478 2181 504 2227 ut
513 2177 595 2239 homo,
610 2174 655 2225 alio
664 2175 742 2238 modo,
753 2174 813 2224 sicut
822 2175 850 2225 ab

45 2250 88 2301 alio
102 2252 194 2300 motum
212 2249 335 2312 adfinem,
350 2247 409 2301 sicul
429 2248 512 2312 sagitta
529 2247 604 2298 teudt
623 2246 653 2296 ad
673 2245 851 2298 determinatum

45 2322 127 2384 finem,
138 2333 169 2370 ex
185 2321 230 2370 lroc
245 2317 305 2383 qu'od
322 2323 427 2371 moretur
439 2318 593 2382 isagittante,
606 2317 646 2383 qui
659 2331 723 2369 suam
739 2317 851 2368 actionem

46 2393 121 2458 dirigit
134 2391 159 2441 iu
172 2390 300 2450 finemllla
313 2404 367 2454 ergo
379 2405 429 2455 quoe
441 2391 552 2441 rationem
561 2391 660 2456 hahent,
672 2390 748 2454 seipsa
757 2392 850 2440 movent

46 2467 71 2514 ad
83 2466 166 2526 finem,
182 2463 236 2527 quia
246 2462 330 2512 habent
344 2463 467 2513 dominium
486 2476 578 2514 suorum
592 2465 683 2512 ameum
699 2475 740 2526 per
752 2461 851 2511 liberum

47 2537 179 2598 arbitrium,
196 2535 257 2598 quod
270 2538 304 2585 est
318 2534 435 2584 «facultas
448 2534 574 2584 voluntatis
587 2539 610 2584 et
623 2533 717 2585 rationis
729 2533 794 2599 (2).»
811 2533 851 2582 llla

79 2689 109 2752 ll)
126 2671 181 2738 Sive
192 2690 301 2747 tepente
312 2659 572 2746 ratiocinatieo,1'uxta
581 2701 680 2747 graccum
692 2690 714 2740 ἐν
727 2691 849 2757 adsociati,

49 2766 106 2820 quod
118 2765 167 2822 ibi,
184 2767 240 2807 text.
252 2760 297 2820 ΑΞ,
314 2767 444 2819 usurpatur.

80 2834 111 2899 (2)
128 2837 193 2882 Sicut
203 2847 233 2881 ex
243 2833 364 2879 antedictis
379 2840 456 2892 patet,
472 2840 517 2879 art.
528 2832 539 2877 t
549 2867 556 2891 ,
566 2835 607 2881 ubi
616 2835 687 2880 etiarn
701 2831 757 2889 quid
765 2829 796 2873 sit
806 2827 847 2872 fia-

50 2900 101 2946 here
120 2898 251 2945 dominium
266 2903 357 2943 actuum
371 2903 476 2944 notatum
493 2901 537 2942 cst.
596 2924 599 2930 ·
