1984 3309
142 151 189 198 ost
340 155 401 194 nans
415 157 438 203 ι,
451 153 545 200 oomsr.
561 151 634 204 onor,
648 151 703 190 ιιι.
717 153 753 190 vr.
840 133 842 138 '

141 240 214 288 otoni
228 238 252 286 et
268 233 469 296 amhanpelornm.
486 232 516 282 lit
531 235 626 294 utraque
645 229 768 294 assignatio
788 229 941 281 fulcimentum

140 309 225 359 hahere
243 308 320 371 potest
341 318 371 354 ex
387 303 523 354 auctoritato
548 303 664 366 Apostoli,
686 302 726 366 ooi
747 301 835 354 medios
854 303 941 354 ordines

142 379 285 430 ascendendo
299 389 448 437 enumerans,
463 375 519 425 dicit
526 412 534 438 ,
549 375 651 439 diplas,
664 377 688 438 Ι,
703 373 764 438 qood
781 392 796 424 o
813 377 872 426 heus
891 389 942 425 con-

142 450 217 501 stituit
228 450 292 499 illum
309 447 412 512 (scihcet
425 447 558 511 Christum)
571 447 597 496 ad
610 448 725 498 dexteram
737 459 816 510 suam,
831 447 855 496 in
867 448 943 498 cceles-

144 522 204 572 tihus
219 533 287 584 supra
305 532 396 569 omnem
410 517 562 582 principatum
577 521 600 568 et
615 520 766 582 potestatem,
781 522 806 568 et
823 519 940 578 virtutem,

143 597 167 644 et
182 591 367 644 dominationem.
385 607 400 638 u
414 591 457 642 Ubi
473 592 598 640 uirtutem
616 589 680 654 ponit
697 588 758 640 inter
769 593 909 654 potestatem
924 593 943 638 et

143 663 335 725 dominationem,
352 659 479 712 seeundhm
503 660 680 724 assignationem
699 661 813 726 Dionysii,
834 663 894 726 Sed,
912 661 942 710 od

145 735 250 789 Goloso,
264 735 289 794 l,
306 746 443 784 enumerans
456 733 548 783 emero
568 731 661 782 ordinas
676 733 853 796 desponsionis,
873 733 941 784 dieii:

145 824 160 857 o
168 807 222 857 Sine
232 805 326 867 Throni,
339 804 389 858 sire
399 802 578 865 dominationes,
587 803 636 854 sive
646 803 799 869 Principatns,
809 804 860 855 sire
872 807 942 856 oute

145 882 218 941 tates,
234 877 313 929 omnia
323 890 364 941 per
382 874 458 939 ipsum
468 874 511 924 et'
504 887 529 924 m
540 874 591 938 ipso
606 879 680 926 creata
694 878 755 925 sumt.
770 891 787 922 r>
798 875 843 926 Ubi
860 877 941 927 Princi-

145 954 213 1014 patos
225 947 454 1013 ponitmediosinter
464 945 634 996 Dominahonos
644 950 669 996 et
678 947 814 1046 potestates,
823 949 942 998 secoodhn

145 1020 323 1084 assignationem
335 1017 446 1080 Gregorii

176 1090 252 1142 Primo
269 1091 339 1154 igitur
354 1089 472 1140 uideamos
485 1089 598 1140 rationem
615 1039 778 1150 astructionis
791 1091 908 1156 Dionysii
923 1093 943 1140 lo

145 1177 189 1228 qua
201 1162 394 1213 considerandum
402 1165 451 1224 est,
459 1159 593 1226 qood-sicot
604 1160 672 1224 sopri
685 1161 770 1212 dietum
783 1167 821 1212 ast
829 1165 839 1227 (
847 1167 894 1214 art.
909 1163 943 1225 tl,

144 1235 219 1298 prima
229 1233 358 1286 hierarchia
368 1233 461 1296 inspicit
472 1231 574 1284 rationes
587 1247 663 1284 rernm
675 1232 699 1282 in
712 1233 764 1298 ipso
775 1235 836 1298 lieu3
851 1236 943 1286 secunda

144 1305 198 1358 oerd
213 1306 237 1355 in
246 1305 320 1356 carreis
333 1304 512 1368 universalibus,
527 1305 594 1357 tertio
604 1303 659 1355 vend
673 1303 797 1356 mcoudhm
812 1307 944 1357 determina·

144 1378 232 1429 tionem
245 1379 273 1428 ad
285 1376 398 1441 speciales
407 1376 510 1426 edoctus.
520 1376 550 1424 Et
560 1376 614 1440 quta
627 1377 688 1426 Deos
700 1379 737 1426 est
750 1375 803 1426 linis
817 1389 867 1427 non
880 1377 944 1428 soldn

144 1449 297 1513 angehcorom
306 1447 497 1511 ministeriorum,
510 1449 549 1500 sod
559 1448 628 1498 etiam
639 1447 709 1499 totino
720 1453 845 1506 creature,
860 1451 892 1500 ad
904 1449 942 1513 pri-

144 1534 204 1571 mam
217 1520 369 1571 hierarchiam
383 1519 482 1584 pertinet
494 1518 723 1582 considerationum
739 1520 885 1572 admediana
898 1520 942 1570 reri

145 1591 267 1656 dispositio
278 1591 413 1643 universalis
423 1593 451 1642 do
461 1590 569 1656 apendis3
583 1591 610 1640 ad
621 1591 727 1642 ultimam
739 1595 816 1644 auom
825 1593 941 1658 applicatio

146 1663 303 1726 dispositionis
316 1665 343 1714 ad
356 1664 538 1727 edoctumque
554 1667 588 1715 est
602 1663 677 1727 operis
688 1665 800 1717 arnono
817 1666 875 1716 lieu
892 1665 942 1715 eninr

146 1735 189 1786 tria
209 1736 357 1787 manifestum
372 1742 409 1788 est
426 1738 450 1786 in
462 1737 563 1802 qnalibet
576 1736 708 1801 operatione
723 1737 833 1788 inveniri.
854 1740 884 1790 Et
900 1739 943 1787 idco

146 1810 270 1874 Dionysius
286 1824 315 1860 en
330 1810 460 1862 nominihus
476 1810 581 1861 ordinum
599 1811 749 1874 proprietates
764 1811 858 1862 illorum
878 1809 944 1862 nonsi-

147 1882 240 1945 deraos,
249 1882 301 1933 illos
310 1882 402 1934 ordines
407 1882 432 1931 in
440 1881 514 1945 prima
523 1882 649 1936 hierarchia
657 1883 744 1946 posuit,
752 1895 850 1946 qnorum
859 1883 944 1936 nomina

147 1953 296 2018 imponuntur
314 1967 356 2019 per
371 1957 499 2019 remeatum
520 1955 548 2004 ad
565 1956 650 2018 heom,
666 1955 755 2006 seilicet
771 1957 908 2022 Seraphim
926 1959 944 2003 et

149 2026 286 2077 Cherubim
301 2032 325 2077 et
336 2028 451 2079 Thronos.
462 2027 516 2077 illos
525 2025 580 2077 read
593 2027 683 2078 ordines
693 2027 768 2092 posuit
778 2025 803 2077 in
814 2029 891 2080 media
901 2029 944 2078 hie·

148 2099 346 2163 rarehia,ouornm
356 2099 450 2150 nomina
457 2099 578 2162 designant
584 2111 727 2152 communem
736 2101 859 2163 quamdam
869 2102 944 2166 goher·

148 2171 265 2220 malonem
274 2171 324 2221 sivo
332 2170 519 2235 dispositionem,
531 2171 614 2233 idest,
625 2172 827 2232 Dominottones,
838 2175 944 2222 Virtutes

148 2246 172 2292 et
185 2243 332 2292 Potestotes.
351 2242 468 2294 illosnerh
486 2243 578 2294 ordines
596 2242 673 2307 posuit
684 2243 788 2294 intectis
803 2243 942 2300 hierarchia,

148 2326 242 2376 quorum
257 2314 349 2364 nomino
364 2315 485 2377 designant
500 2315 576 2380 operis
589 2315 759 2378 executionem,
775 2316 864 2367 seilicet
877 2317 944 2366 Prio-

148 2386 255 2447 cipotos,
269 2386 376 2450 lapelee
385 2390 407 2436 et
418 2387 594 2452 Archoopeloe
607 2388 634 2436 ln
643 2391 746 2450 respecto
756 2391 833 2440 antem
844 2389 873 2438 ad
883 2388 942 2436 finem

148 2454 191 2503 tria
201 2455 340 2506 considerari
353 2462 458 2520 possunt.
473 2460 530 2508 Nam
540 2457 614 2522 primi
628 2458 710 2522 aliquis
727 2459 857 2510 considerat
871 2461 940 2518 tinem

149 2527 246 2578 aecundd
257 2528 313 2580 rard
324 2529 448 2593 perlectam
463 2531 515 2580 tinia
534 2530 689 2594 mensionem
702 2531 797 2596 accipit3
813 2531 881 2583 tertio
894 2528 941 2580 nero

148 2597 299 2649 intentionem
312 2613 376 2649 snam
386 2601 411 2650 in
427 2602 478 2664 ipso
488 2602 575 2665 deligit.
591 2603 691 2660 Qunam
705 2603 829 2654 secundom
845 2615 874 2655 er
884 2601 940 2652 addi-

148 2668 210 2719 tione
224 2683 249 2720 se
266 2671 336 2720 habet
349 2673 377 2720 sd
389 2673 505 2735 primum,
520 2677 543 2723 et
556 2675 648 2724 tertium
665 2675 692 2726 ad
707 2679 840 2738 utrumqne.
855 2677 884 2725 lit
895 2672 941 2736 quio

149 2741 210 2789 heus
225 2745 262 2790 est
274 2741 326 2790 finis
339 2747 507 2807 creaturarum,
527 2745 587 2794 siout
602 2745 649 2794 don
663 2749 697 2795 est
711 2745 763 2795 linis
782 2746 905 2807 exercitis,
919 2744 939 2790 ut

149 2811 233 2861 dicitnr
245 2811 270 2860 iu
282 2813 420 2875 detonsos,
436 2811 512 2879 ¹(terri.
530 2817 583 2879 52),
596 2821 674 2880 potest
690 2817 775 2882 aliquid
789 2817 864 2868 smila
880 2816 939 2879 hujus

149 2882 236 2933 odinis
250 2882 387 2935 maiduno
399 2884 425 2934 in
442 2887 510 2939 rebus
526 2889 641 2941 humanis.
661 2891 719 2941 ham
734 2889 826 2954 quidem
839 2893 892 2942 sunt
906 2883 939 2951 qui
