1984 3309
145 182 193 229 tto
317 188 379 230 esus
394 189 416 244 u,
434 188 526 239 ouum
542 189 645 239 numu,
662 187 717 229 tur.
734 188 769 229 ru.

143 266 233 333 specics
243 264 397 328 intelligibiles
409 264 434 315 io
444 266 533 317 animas
546 269 648 330 nostres,
658 268 682 319 ct
691 266 770 317 torm
784 269 925 327 smsibiles
942 276 968 327 in

145 337 264 391 materiam
279 336 425 401 corporalem.
440 336 471 387 Et
484 337 529 401 sic,
543 336 568 388 in
584 340 629 389 hoc
644 336 761 391 Amoenus
778 352 836 391 cum
858 344 969 401 Plutone

146 411 277 471 concordat,
286 409 347 475 qnod
357 409 448 473 species
459 410 617 475 intelligibiles
628 410 699 463 nostri
708 410 969 471 intellectus-effluunt

145 482 309 548 donibusdam
322 481 401 533 formis
420 482 544 546 separatis,
555 496 612 547 quas
630 485 708 533 tamm
718 482 783 533 Plato
798 483 863 537 dicit
878 502 927 552 per
941 506 969 542 se

147 555 283 620 subsistere3
305 554 420 605 tricenna
436 554 491 605 verb
509 555 574 619 ponit
590 568 633 606 eas.
646 554 671 605 in
687 553 842 617 mbetligentia
862 566 966 624 agente,

146 627 257 680 llidemut
268 626 338 679 etiam
350 630 459 691 quantum
472 628 500 679 ad
511 627 637 691 boc,quod
650 626 765 677 tricenna
781 629 853 691 ponit
865 636 969 696 speeies

146 698 303 763 intelligibiles
319 713 372 750 non
379 712 495 750 remanere
508 698 532 749 io
550 698 667 749 intellectu
681 701 762 749 nostro
769 702 904 764 postquim
923 708 968 759 de·

147 770 203 821 sinit
217 775 267 822 actu
282 771 423 835 intelligeres
440 770 482 821 sed
495 768 584 834 indiget
598 774 625 821 ut
639 769 722 824 tereto
739 783 765 820 sc
778 778 915 827 conuertit
934 782 966 831 ad

148 844 303 909 recipiendum
316 845 344 896 dc
357 857 427 895 noro.
440 844 504 895 Unde
518 857 566 893 uon
578 843 644 907 ponit
657 842 776 893 scientiam
787 843 879 897 enimc
890 855 966 901 natu·

149 916 226 965 naliter
233 916 346 979 inditam‚
362 916 421 966 sicut
431 916 510 978 Plato,
522 914 561 979 qui
572 914 636 980 pouit
649 912 837 978 participationes
851 916 965 973 idearum

149 986 293 1042 immobiliter
307 988 333 1037 in
346 988 421 1039 anima
432 1000 573 1053 permanere.
588 989 633 1039 Sed
645 988 772 1039 secundum
783 988 849 1039 banc
858 992 966 1053 positio-

150 1071 212 1122 nem,
226 1059 343 1114 sufficiens
355 1060 414 1110 ratio
427 1059 538 1122 assignari
546 1073 593 1111 oon
602 1063 692 1125 posset,
705 1058 866 1123 guarccnima
877 1069 968 1117 nostru

150 1130 238 1195 corpori
251 1129 361 1181 uniretur.
379 1132 430 1181 Nou
442 1130 506 1181 enim
516 1134 591 1195 potest
600 1130 646 1181 dici
657 1130 716 1194 gubd
727 1130 803 1181 auimo
811 1130 969 1189 intellectiva

151 1199 241 1263 corpori
261 1200 352 1251 uniatur
369 1204 460 1266 propter
473 1214 556 1265 corpus
566 1240 572 1263 ‚
584 1201 638 1264 quia
653 1214 697 1254 occ
710 1200 786 1257 ,torma
809 1204 846 1251 cst
861 1212 969 1269 propter

151 1272 282 1334 materiam,
297 1286 340 1323 nec
355 1277 429 1324 motor
440 1277 533 1338 propter
544 1272 641 1335 mobile,
654 1273 694 1325 sed
707 1270 784 1335 potitus
800 1284 814 1323 e
829 1278 965 1331 converso.

151 1342 247 1395 Marium
265 1348 341 1395 autem
353 1345 443 1395 ridetur
457 1358 539 1409 corpus
555 1358 605 1397 esse
617 1343 770 1395 necessarium
784 1342 873 1397 animm
887 1346 968 1401 iacet.

152 1417 241 1469 lectius
251 1419 280 1468 ad
293 1418 342 1483 ejus
348 1418 461 1483 propriam
470 1416 638 1481 operationem,
648 1430 698 1480 que
708 1418 743 1465 est
751 1414 897 1482 intelligere,
909 1423 969 1485 quita

153 1490 277 1543 secumdum
287 1505 337 1547 csse
350 1503 416 1541 soum
427 1489 441 1539 i
453 1502 547 1553 corporo
557 1502 603 1539 non
614 1488 735 1551 dependet.
749 1486 775 1537 Si
786 1492 868 1541 ouem
883 1493 969 1547 amima

153 1562 243 1625 species
259 1560 411 1623 intelligibiles
423 1562 548 1611 secundum
562 1572 626 1611 suem
639 1563 743 1611 naturem
760 1563 814 1623 opta
828 1566 888 1615 nata
899 1571 971 1617 essct

153 1633 253 1697 recipere
264 1646 305 1696 per
319 1632 460 1702 intuentiam
479 1632 605 1696 aliquorum
621 1634 776 1695 separatorum
790 1632 970 1698 principiorum

155 1706 257 1767 tantum,
269 1707 293 1753 et
305 1717 352 1753 uon
366 1704 479 1769 acciperet
488 1717 529 1754 aas
543 1717 572 1753 en
586 1704 705 1766 senibus,
721 1716 767 1753 nou
780 1704 901 1767 indigeret
913 1722 970 1759 cor-

154 1786 209 1839 pore
225 1774 251 1823 ad
265 1774 457 1838 intelligendumg
472 1778 531 1826 unde
545 1777 628 1827 trustra
640 1775 729 1839 corpori
744 1774 870 1831 nubetur„

186 1846 212 1895 si
228 1850 304 1897 autem
312 1846 399 1898 dicatur
409 1846 470 1911 quod
481 1848 570 1911 indiget
582 1847 657 1899 anima
672 1850 749 1900 nostru
762 1846 872 1899 sensibus
884 1852 915 1901 ad
929 1853 968 1903 in-

155 1918 317 1982 telligendum,
333 1918 415 1982 quibus
431 1920 597 1981 quodammodo
613 1918 724 1969 excitetur
742 1918 769 1968 ad
788 1919 969 1975 consideranda

155 2004 183 2041 ea
200 2004 295 2055 quorum
309 1990 395 2054 species
406 1990 562 2054 intelligibiles
574 1991 586 2043 l
600 1990 718 2055 principiis
731 1990 843 2053 separatis
858 1993 968 2059 rccipit;

156 2065 200 2114 boc
209 2075 256 2113 non
263 2063 354 2120 ridetur
364 2063 483 2115 ediliceret
495 2062 550 2127 quia
556 2061 687 2127 hujusmodi
696 2060 801 2119 excitatio
810 2076 857 2116 nou
867 2064 970 2117 uidetur

157 2136 285 2188 necessaria
300 2136 395 2200 amma,
406 2136 451 2187 nisi
468 2136 615 2199 inquantum
629 2137 664 2185 est
675 2136 803 2199 consopito
823 2137 970 2196 (secundom

156 2208 293 2274 Platonicos)
314 2209 478 2275 quodammodo
499 2211 523 2258 et
544 2207 664 2257 oblivioso
685 2210 776 2271 propter
797 2206 914 2261 amonem
938 2212 969 2263 ad

158 2271 249 2343 corpus.
258 2282 287 2331 Et
295 2281 341 2345 sic,
350 2293 431 2331 sensum
443 2293 490 2330 non
501 2278 635 2343 proficerent
650 2278 730 2329 ammae
742 2278 907 2343 intellectione,
919 2283 969 2333 nisi

158 2354 186 2402 sd
199 2352 322 2404 tollendum
335 2352 520 2417 impedimentum
534 2352 594 2415 quod
605 2350 686 2401 anime
699 2350 803 2415 provenit
817 2365 847 2401 ex
858 2355 970 2419 corporis

159 2426 251 2477 unione.
274 2426 396 2477 bermanet
409 2425 479 2489 igitur
495 2424 719 2488 quaerendumque
732 2422 761 2473 sit
778 2436 847 2476 musa
867 2425 969 2477 unionis

159 2498 241 2562 anime
251 2499 279 2547 ad
289 2510 378 2559 corpus.
393 2496 419 2545 Si
431 2499 506 2547 autem
515 2495 600 2545 dicatur
609 2494 733 2547 secundirm
745 2494 890 2551 tricenuam
900 2498 969 2561 qudd

159 2582 239 2619 sensus
252 2570 306 2617 sunt
320 2566 400 2617 animm
415 2566 551 2628 necessarii,
567 2568 618 2631 quia
633 2580 674 2631 per
688 2580 728 2617 eos
738 2566 852 2617 excitator
864 2572 895 2632 *ut
905 2583 968 2619 con-

159 2644 233 2691 uertat
246 2652 271 2689 se
285 2638 313 2688 ad
321 2638 493 2702 intelligentiam
504 2643 622 2703 egentem,
633 2638 646 2689 i
657 2652 702 2702 quia
711 2638 790 2701 recipit
799 2640 908 2703 species;
920 2642 969 2691 boc

159 2711 252 2777 quidem
263 2722 311 2760 non
324 2709 427 2761 sufficit:
442 2712 494 2774 quia
507 2710 527 2761 si
538 2712 562 2769 in
575 2715 655 2762 natura
665 2710 745 2761 ammo
755 2713 792 2759 est
805 2714 831 2760 ut
845 2712 970 2775 intelligat

160 2798 201 2849 per
212 2782 301 2846 species
316 2781 344 2831 ab
358 2780 508 2845 intelligentia
522 2785 602 2845 mente
617 2782 729 2844 cidenas,
744 2787 878 2847 sequeretur
900 2784 968 2847 quod

160 2856 293 2920 qunandoqne
305 2852 380 2904 anima
392 2855 466 2919 possit
475 2869 500 2906 se
517 2858 647 2906 conuertere
664 2857 692 2907 ad
701 2854 877 2917 indiligentiam
890 2870 970 2919 agen-

160 2931 209 2979 tem
220 2939 250 2979 cx
262 2925 405 2982 inclinatione
417 2940 465 2979 sue
478 2930 579 2993 nature,
591 2928 628 2979 vel
643 2928 712 2983 etiam
723 2926 819 2981 exoluta
831 2942 875 2994 per
889 2929 968 2983 mum
