1984 3309
158 198 189 235 ΒΕ
206 198 298 235 centnm
314 196 458 237 obsistentis
476 200 508 237 tn
525 200 715 240 msttttcrtottltx.
808 194 838 239 23

43 273 158 337 corporalis
170 278 304 339 procuratur
315 274 477 327 elemeutomm
492 277 655 341 multiplicatio.
668 278 713 331 Sed
723 277 747 329 iu
759 277 839 330 ultima

43 348 227 399 consummatione
252 348 345 411 glorie,
369 348 465 397 cessabit
483 361 600 411 corporum
619 353 693 399 motus
709 364 715 399 :
731 355 754 400 et
771 351 838 401 talem

43 410 135 479 oportuit
144 432 192 470 esse
205 420 217 469 b
230 419 346 484 principio
357 418 524 483 dispositionem
534 419 585 469 coeli
601 421 712 483 empyrei.

73 490 105 539 dd
121 493 244 542 secundum
262 492 399 552 dicendum,
410 490 467 555 qobd
478 492 533 541 salis
546 492 658 555 probabile
670 499 705 543 est
721 494 779 559 quiid
794 508 840 545 cce-

44 558 85 609 lnm
101 575 245 627 empyreum,
264 563 391 613 secuudum
406 562 528 626 quamdam,
546 561 597 612 clu
617 564 647 613 sit
664 565 789 616 ordinatum
812 568 839 616 ad

43 636 118 683 statum
138 634 232 699 glorie,
249 648 297 685 non
312 634 382 685 habet
401 632 542 686 influentiam
562 634 588 685 in
608 634 714 687 interiora
731 650 838 701 corpora,

42 718 88 766 ipre
96 708 148 755 snut
161 706 205 757 snb
218 705 265 756 alio
276 705 369 767 ordine,
380 710 456 770 utpote
470 705 572 755 ordinata
586 708 614 757 ad
627 708 750 758 naturalem
764 723 840 759 renum

41 777 168 829 discumnm.
181 777 327 829 Probabiliirs
339 782 415 828 tannen
428 778 519 829 ridetur
530 778 647 827 dicendum
657 778 717 842 qubd
729 780 788 829 sicut
801 794 838 829 sn-

41 848 106 909 premi
118 849 207 914 augeli,
222 850 264 915 qni
278 849 403 912 assistunt,
418 850 503 899 hubent
514 849 655 899 induentium
670 863 739 913 super
753 851 839 901 moulins

41 923 62 967 el
73 920 175 985 ultimos,
193 922 233 985 qui
248 922 379 979 uincuntur,
396 922 500 985 quamuis
512 922 557 985 ipsi
570 935 615 982 pou
629 923 746 972 mittantur
760 936 841 972 secuu-

42 990 90 1040 dum
98 992 229 1058 dionysium
245 993 293 1057 (lib.
306 988 406 1043 Decoel.
422 992 496 1052 diem,
512 1007 561 1057 cap.
573 993 607 1056 8),
618 994 650 1043 ita
660 994 741 1044 culum
756 1007 840 1059 empy-

42 1076 99 1113 reum
117 1066 186 1117 babet
204 1065 350 1116 inllueutiam
368 1080 436 1129 snper
454 1079 549 1130 corpora
569 1080 619 1128 que
637 1070 773 1128 mouentur,
788 1067 842 1116 lieet

42 1135 109 1198 ipsum
123 1152 169 1189 nou
185 1143 315 1189 moueatur.
330 1139 359 1188 Et
375 1142 466 1202 propter
478 1140 522 1188 boc
541 1142 617 1202 potest
636 1138 681 1187 dici
693 1136 753 1201 qubd
766 1138 843 1187 inlinit

41 1206 62 1255 in
74 1209 168 1272 pureum
178 1211 265 1261 caelum
274 1212 465 1274 commonetur,
478 1224 524 1260 non
538 1210 747 1274 amputaremus
760 1215 783 1261 ot
800 1212 839 1260 ad-

41 1281 130 1333 ueniens
147 1296 189 1347 per
206 1286 309 1346 molum,
329 1283 370 1333 sed
386 1282 474 1345 aliquid
493 1283 561 1331 buum
578 1286 601 1333 et
617 1282 709 1344 stabile3
725 1282 780 1345 puta
796 1285 842 1333 uir-

42 1354 106 1403 tutem
120 1354 253 1405 continendi
268 1358 291 1405 et
303 1352 413 1404 causandi
423 1354 476 1415 ,nel
490 1354 574 1417 aliquid
586 1354 716 1419 hujusmodi
727 1354 755 1403 ad
768 1354 841 1417 digui-

42 1423 106 1475 tutem
117 1425 245 1487 pertinens.

26 1559 27 1565 1
71 1496 102 1544 dd
114 1496 205 1547 tertium
217 1496 358 1563 mudum,
372 1494 431 1559 pudd
445 1497 507 1547 locus
520 1509 641 1560 corporeus
655 1496 776 1560 deputatur
785 1508 840 1547 con-

45 1566 193 1631 templationi,
207 1580 255 1621 unu
272 1572 367 1632 propter
383 1568 553 1630 necessitatem,
573 1569 613 1618 sed
630 1572 722 1632 propter
736 1569 842 1631 congrui-

43 1640 121 1701 tatem,
140 1642 165 1689 nt
180 1639 285 1690 exterior
297 1639 390 1689 claritas
403 1639 647 1690 luteriouicomeuiat.
662 1640 726 1689 Unde
745 1640 842 1689 Basilius

41 1708 91 1756 dicit
102 1711 199 1762 Homil.
215 1710 256 1761 ill.
271 1710 294 1759 iu
306 1710 426 1764 flexam..
440 1710 499 1775 qrrbd
513 1728 528 1759 u
537 1710 675 1762 ministrator
688 1710 780 1774 spiritus
796 1724 841 1760 uon

40 1784 124 1841 poterut
136 1783 220 1847 degere
233 1783 258 1833 iu
274 1782 389 1843 tenebris,
405 1784 445 1835 sed
459 1784 482 1833 iu
494 1782 544 1835 lore
558 1788 582 1833 et
591 1782 674 1835 letitia
687 1784 783 1847 dependi
797 1783 840 1833 sibi

41 1852 137 1903 lubitum
155 1856 296 1919 possidebat.

69 1926 103 1975 lld
117 1930 226 1989 quartum
243 1926 366 1978 dicendum
382 1931 430 1991 est,
442 1926 502 1991 qnbd
516 1926 575 1979 sieut
595 1927 625 1992 (tl
641 1926 741 1978 Basilius
752 1926 808 1975 dicit
818 1926 842 1976 iu

42 2004 145 2048 demuma
159 2015 173 2047 u
186 2002 278 2049 constat
292 1998 378 2050 lactum
388 2012 439 2049 esse
449 2001 529 2049 umtum
545 2000 680 2050 rotunditate
693 2000 842 2060 conclusum,

43 2070 124 2120 labeus
140 2083 223 2134 eorpus
242 2068 360 2135 spissum,
376 2074 399 2121 et
416 2071 466 2121 idco
482 2072 594 2132 validum,
614 2075 639 2119 ut
656 2070 728 2133 possit
744 2078 771 2119 ea
790 2080 841 2132 qnae

42 2139 179 2193 eruduseuus
192 2142 321 2204 habentur,
335 2142 365 2191 ab
379 2141 524 2193 interioribus
537 2154 648 2205 separare.
662 2141 697 2189 Ob
710 2141 753 2189 boc
764 2153 844 2189 ueces-

44 2211 99 2262 snrib
117 2218 170 2279 post
182 2226 209 2265 se
225 2214 343 2277 regionem
361 2214 459 2263 relictum
473 2213 584 2264 carentem
599 2213 647 2262 lnce
662 2211 791 2272 coustituit,
808 2215 845 2261 ut·

45 2288 94 2345 pole
107 2285 194 2349 lulgore
209 2285 250 2351 qui
263 2284 433 2350 supeumdiubat
446 2286 546 2337 excluso.
562 2301 577 2332 »
589 2286 633 2335 Sed
648 2284 699 2349 quia
713 2298 795 2348 corpus
807 2286 843 2334 dr-

48 2358 164 2419 ustemii,
177 2358 225 2409 etsi
234 2358 265 2409 sil
275 2357 374 2409 solidum
384 2394 391 2419 ‚
401 2361 436 2409 est
446 2366 521 2408 turueu
529 2358 681 2422 diaplrauum,
694 2358 754 2420 quod
768 2358 844 2406 inurent

49 2438 89 2473 nou
102 2429 198 2494 impedit
215 2429 257 2493 (ut
269 2432 333 2495 petet
346 2442 388 2494 per
400 2430 446 2483 boc
455 2430 514 2495 qtnod
527 2430 603 2479 tuum
615 2430 729 2479 stellarum
740 2428 845 2479 villermus

47 2511 88 2549 non
101 2504 246 2555 obstantibus
259 2502 343 2569 mediis
357 2504 447 2569 caelis),
461 2508 537 2569 potest
554 2504 619 2553 aliter
631 2502 686 2561 diei,
704 2503 762 2565 qnod
776 2503 845 2553 babet

78 2672 106 2736 (l)
123 2678 160 2723 Sic
169 2678 241 2724 tacite
251 2683 348 2725 revocat
360 2678 383 2723 S.
393 2677 492 2724 Thomas
502 2676 563 2734 quot
572 2689 600 2723 ea
612 2676 640 2739 de
650 2689 675 2722 re
687 2677 711 2721 iu
720 2677 754 2733 ΙΙ,
767 2676 844 2726 Seni..

47 2736 98 2783 dist.
107 2740 138 2797 Ξ,
154 2747 240 2797 quraesl.
251 2740 283 2799 2,
296 2748 341 2788 art.
354 2740 382 2799 3,
398 2740 507 2799 assertive
521 2740 626 2798 dixerat,
644 2743 694 2785 tcum
703 2752 771 2797 porse
782 2740 846 2795 poor·

46 2802 228 2849 rationabiliter
239 2806 329 2850 colom
342 2806 484 2862 empyreum
494 2804 650 2863 induentium
665 2802 749 2847 dobere
768 2810 846 2857 seper

48 2875 147 2922 corporo
157 2868 213 2912 edm
225 2870 246 2913 ct
255 2869 338 2929 ipsum
347 2862 456 2927 porcator
463 2866 596 2929 immobile.
603 2879 646 2911 nec
655 2864 762 2925 definere
770 2863 845 2921 puscit

48 2927 99 2973 riae
110 2934 185 2978 mtto.
