1984 3309
99 81 145 127 tao
313 87 373 127 rcus
390 89 412 137 r,
429 88 524 133 onnsr.
538 88 584 136 xc,
596 86 653 127 aar.
669 89 687 125 ι.

98 165 129 217 lia
145 165 199 227 osi,
218 164 363 223 manifestam
379 163 596 225 immutabilitatem
614 162 726 215 continct.
744 164 776 214 m
790 163 854 215 eninr
879 176 918 215 cx

98 238 166 288 dictis
178 240 241 302 patet
252 236 300 300 (qu.
314 240 354 297 ιθ,
365 239 409 287 art.
423 239 451 296 t,
464 239 487 286 et
500 251 540 301 qn.
555 237 600 299 at,
611 238 654 285 art.
666 236 700 299 ol,
715 235 794 287 anima
804 237 920 288 humana

99 313 134 361 aet
144 310 279 373 quandoque
288 307 419 371 intelligens
430 306 455 357 iu
462 307 605 373 potentiaet
613 307 918 371 scientiamquodarnrnodo

100 379 190 433 'erebus
200 380 297 444 acquirit
306 418 312 441 ‚
321 382 344 431 ct
351 380 420 429 habet
427 378 651 444 diuersaspolentias
661 395 667 428 :
679 394 730 442 qna
741 380 823 431 omnia
830 379 918 429 aliena

99 454 153 502 sunt
165 450 180 501 tr
190 452 232 503 llei
243 455 337 513 natura,
352 450 392 514 qui
407 452 442 501 est
458 453 524 501 actm
537 465 624 515 purus,
634 454 659 501 et
669 451 729 501 nillil
740 452 773 501 als
785 452 833 502 atio
846 452 916 501 anci-

98 524 210 588 piens,et
221 524 304 575 nullam
316 524 377 575 inse
390 522 546 574 diversitatem
554 525 657 587 habens,
670 523 775 588 utsupra
785 525 916 587 probatum

99 600 134 647 est
150 596 204 661 (qn.
219 602 247 658 3,
262 599 306 645 art.
318 601 345 658 l,
361 602 386 646 et
404 610 443 659 qn.
457 597 501 655 12,
516 597 559 645 art.
571 594 612 659 l).
627 595 672 645 Sed
684 594 724 644 hio
739 608 803 645 error
817 595 918 659 princi-

98 668 162 732 pium
184 668 292 718 habuisse
315 668 405 718 ridetur
422 680 451 717 ex
471 666 559 725 duabus
577 666 731 731 positionibus
748 667 915 730 antiquorum.

100 740 169 790 Primi
188 739 263 801 enim,
277 738 317 803 qni
328 743 421 789 naturas
434 752 510 789 rerum
524 738 667 788 considerare
679 738 831 803 inceperunt,
842 739 915 789 ima-

100 810 239 873 ginationem
256 811 416 861 transcendere
433 823 480 859 non
497 808 614 872 ualentes,
634 808 691 859 nihil
708 813 793 874 proter
809 822 917 873 corpora

100 896 151 933 esse
165 884 297 949 posueruut.
312 882 342 931 itt
353 880 404 933 ideo
418 882 490 931 Deum
509 880 613 932 dicebant
624 894 676 931 esse
687 880 801 945 quoddam
810 895 917 946 eorpus,

101 953 161 1017 qnod
179 951 274 1003 aliorum
292 966 411 1017 corporum
428 952 561 1015 judicabant
576 965 626 1003 esse
645 951 793 1016 principium.
809 954 839 1002 Et
853 954 917 1017 quia

102 1024 199 1077 animaru
210 1024 324 1089 ponebant
340 1036 391 1073 esse
405 1023 433 1073 de
448 1026 529 1075 natura
539 1023 603 1075 illius
618 1023 719 1086 corporis
728 1024 790 1087 qnod
801 1024 918 1077 dicebant

101 1108 152 1146 esse
165 1094 309 1159 principium,
321 1098 347 1144 ut
356 1094 438 1145 dicitur
448 1096 473 1145 in
487 1096 507 1145 l.
519 1096 656 1145 Deterrima
670 1094 771 1158 (tentat
787 1099 811 1147 ot
824 1110 880 1161 seq.
891 1097 914 1161 l,

101 1180 143 1232 per
162 1179 306 1230 consequeus
323 1168 459 1232 sequebatur
477 1167 538 1239 qnod
559 1167 634 1218 anima
652 1170 714 1220 esset
731 1167 760 1218 de
778 1168 917 1219 substantia

101 1238 150 1289 [tei.
165 1238 230 1287 Juxta
240 1251 307 1302 quam
317 1238 466 1303 positionem,
476 1238 545 1289 etiam
556 1240 674 1290 llanielnaei
684 1240 753 1290 Deum
763 1252 815 1290 esse
827 1254 917 1306 quam-

100 1312 152 1361 dam
169 1310 244 1361 lueem
262 1324 393 1375 corpoream
407 1311 579 1371 existimantes,
597 1300 718 1377 qnamdam
733 1315 824 1375 partem
846 1311 915 1363 illius

100 1382 158 1433 lucis
172 1382 271 1433 animam
284 1396 333 1433 esse
347 1386 471 1447 posuerunt
483 1384 573 1447 corpori
585 1382 708 1446 alligatam.
722 1382 829 1436 Seouudd
842 1383 913 1445 verd,

100 1468 232 1519 processum
249 1454 291 1504 luit
305 1456 333 1507 ad
347 1456 405 1517 hoo,
420 1454 481 1519 qndd
498 1454 568 1520 aliqui
582 1454 667 1519 aliquid
684 1456 847 1519 incorporeum
857 1470 914 1507 esse

99 1528 298 1591 apprehenderunt
310 1540 356 1577 non
372 1530 448 1577 lamen
460 1526 473 1577 a
483 1540 577 1591 corpore
591 1531 736 1591 separatum,
749 1527 790 1577 sed
804 1527 915 1594 corporis

99 1600 202 1649 formam.
218 1599 282 1649 Unde
295 1603 318 1649 et
331 1600 401 1648 Varro
415 1598 474 1649 dinil
484 1598 545 1663 qudd
558 1600 618 1649 licus
631 1602 667 1649 est
681 1616 695 1646 (ι
704 1598 781 1649 anima
795 1600 915 1649 mmrdnm

99 1669 185 1721 intuitu
195 1668 233 1721 uel
246 1674 308 1720 motu
317 1674 341 1719 et
353 1668 442 1719 ratione
454 1671 597 1739 gubernans,
607 1688 621 1718 n
631 1673 657 1719 ul
669 1669 811 1733 angustinus
821 1674 911 1735 narrat,

99 1740 149 1791 vll.
164 1746 199 1791 De
213 1742 288 1791 crore.
309 1742 358 1789 Dei
369 1740 435 1805 (cap.
452 1742 493 1806 t).
514 1742 552 1791 Sic
570 1742 640 1806 igitur
655 1740 717 1791 illins
731 1741 807 1791 totalis
822 1742 912 1794 animm

101 1815 186 1877 perlem
200 1812 270 1877 aliqui
282 1815 406 1877 posuerunt
420 1812 518 1864 animam
531 1813 633 1866 hominis
642 1852 648 1875 ‚
656 1812 715 1864 sicut
726 1815 794 1865 homo
806 1818 844 1865 est
853 1828 912 1878 pars

101 1884 172 1935 totius
187 1886 281 1948 mnndi,
298 1898 345 1935 nou
362 1885 466 1937 valentes
484 1886 604 1936 intellectu
623 1886 754 1950 perlingere
773 1886 803 1944 ad
822 1885 910 1937 distin-

100 1956 202 2021 guendos
213 1956 364 2023 spiritualium
373 1956 550 2007 substantiarum
564 1956 709 2021 grarlus,uisi
718 1954 845 2007 secundnm
860 1958 910 2009 dis-

101 2028 224 2080 tinctiones
237 2042 363 2094 oorpornm.
380 2028 434 2079 llaec
451 2034 528 2079 autem
541 2028 617 2080 omnia
633 2021 687 2079 snn't
700 2026 867 2093 impossibilia,
882 2035 911 2080 nt

101 2100 169 2165 snpri
177 2102 295 2166 probatum
304 2104 340 2152 est
352 2102 399 2165 (qu.
413 2105 436 2162 3,
447 2105 488 2151 art.
501 2104 514 2152 l
525 2105 549 2153 et
559 2100 593 2164 8).
609 2100 674 2152 Unde
688 2098 809 2152 maniieste
822 2100 910 2152 falsum

100 2177 145 2235 est,
163 2174 262 2225 animam
273 2186 323 2225 osse
337 2175 365 2225 de
376 2174 505 2224 substantia
519 2172 570 2226 llei.

133 2245 167 2297 rid
181 2245 280 2309 primum
297 2258 351 2309 ergo
366 2244 500 2309 dicendum,
515 2244 578 2309 qudd
591 2241 720 2310 {respirare
732 2258 780 2303 non
793 2249 831 2296 est
848 2246 909 2297 acei-

101 2316 208 2379 piendnm
220 2316 378 2381 corporaliter,
394 2317 434 2369 sed
447 2316 507 2368 idem
519 2320 555 2367 est
563 2318 634 2370 Mum
647 2316 772 2383 inspirare,
782 2318 846 2380 quod
861 2317 909 2383 spi-

100 2387 168 2439 ritum
179 2387 266 2451 iacere3
280 2388 386 2451 quamuis
396 2393 419 2439 et
427 2390 495 2445 homo
507 2388 654 2453 corporaliter
663 2388 752 2452 spirans
762 2401 809 2445 non
817 2390 909 2444 emittat

99 2457 184 2522 aliquid
199 2460 226 2508 de
239 2472 280 2508 sua
295 2459 433 2521 substantie,
449 2460 487 2509 scd
504 2460 532 2510 de
545 2464 626 2509 natura
639 2463 754 2510 extranea.

131 2530 165 2581 ild
180 2530 303 2591 secuudum
313 2528 444 2595 dicendum,
459 2528 520 2594 quod
530 2531 615 2593 anima,
625 2531 669 2583 etsi
681 2530 711 2582 sit
723 2530 797 2582 iorrna
808 2532 908 2598 simplex

100 2601 224 2653 secundnm
238 2616 303 2651 suam
314 2603 450 2664 essentiam,
465 2618 511 2655 uon
524 2607 602 2663 tamen
615 2609 650 2656 est
663 2618 729 2655 suum
745 2600 804 2660 esse.
818 2606 860 2656 sed
871 2609 907 2658 est

101 2687 142 2725 ens
154 2687 193 2737 per
205 2672 446 2737 participatumque
458 2688 486 2725 ex
498 2675 566 2739 snprt
575 2676 642 2726 dictis
650 2679 713 2740 patet
723 2677 771 2740 (qu.
784 2680 824 2736 75,
836 2681 906 2727 aris

100 2746 128 2800 ad
139 2746 180 2807 t).
195 2746 224 2797 El
235 2746 285 2795 ideo
299 2760 346 2796 non
355 2750 391 2797 ost
403 2750 467 2797 actus
476 2762 548 2813 purus
561 2747 620 2800 sicut
634 2749 702 2799 ltens.

131 2818 165 2869 lld
180 2818 275 2870 tertium
289 2817 426 2883 dicendum,
443 2818 504 2884 quod
521 2818 642 2883 differens
657 2818 751 2885 proprid
767 2824 903 2886 acceptum,
