1984 3309
232 176 264 216 ns
279 174 404 214 meanis
420 173 503 211 erran
519 173 545 210 nv
558 170 673 209 susurru.
796 160 841 207 tot
866 145 869 151 ’

343 312 503 365 inuentus
516 312 545 362 ll.

44 438 128 483 Utru'tm
141 433 313 480 convenienter
328 433 409 487 purteo
424 428 559 484 arepetoliooe
576 426 729 485 assequentur
734 426 845 481 ,seilicet

165 497 310 549 nutritivum,
322 494 522 547 augmentativum,
533 495 554 535 el
565 491 725 546 generativum.

69 607 242 661 tdseaundum
252 603 287 655 sie
295 600 476 667 prooeditnr(l).
486 598 649 662 videturquhd
659 598 847 649 inconvenienter

41 691 114 747 partes
125 676 267 743 vegetativaa
281 674 439 737 assignentur3
450 671 537 721 seilicet
546 670 697 733 nutritivum,
713 673 847 733 augmenta-

42 755 125 817 tivuns,
139 755 165 803 et
178 747 349 813 generativum.
363 742 498 807 liujusrnndi
511 742 573 794 enim
584 742 646 793 vires
661 741 767 791 dicuntur
779 744 847 791 uatu-

41 825 105 875 ralns.
120 823 168 874 Sed
185 817 299 884 potentie
307 816 395 867 anime
414 818 469 865 sunt
483 826 550 878 supra
569 812 630 863 vires
647 812 769 863 naturales.
787 812 848 875 drgo

42 892 172 959 hujusnrodi
185 891 253 941 vires
263 902 311 939 non
321 887 406 938 dehent
417 884 471 949 poni
483 884 592 949 potentie
603 882 694 935 animae.

72 970 97 1016 2.
108 968 242 1018 Preterea,
260 960 289 1010 ad
306 958 329 1009 id
350 957 412 1021 pund
428 960 465 1007 est
477 968 596 1007 wmarune
614 955 749 1005 virentibus
765 958 789 1006 et
801 967 848 1005 non

43 1037 186 1098 viventibus,
198 1046 249 1083 nnn
262 1028 417 1091 dehetaliqna
425 1027 525 1091 potentia
535 1025 616 1077 animai
627 1026 741 1090 deputari.
753 1026 797 1077 Sed
807 1038 847 1089 ge·

45 1108 126 1158 nereio
137 1111 177 1158 est
190 1100 324 1155 communis
336 1099 442 1150 omnihus
451 1094 619 1162 genemhilibus
630 1101 654 1148 et
662 1096 849 1161 eorrnptlhilihus

43 1184 89 1229 tans
101 1177 237 1230 viventibus
247 1186 318 1237 quarn
327 1184 376 1221 nou
388 1169 527 1221 viventibus.
539 1170 600 1233 Ergo
611 1168 649 1219 vis
659 1168 791 1233 generativa
800 1180 849 1217 non

44 1253 106 1302 dehet
116 1249 173 1316 puni
186 1244 296 1312 potentia
310 1242 402 1293 anime.

74 1328 96 1372 3.
108 1323 244 1380 Preterea,
258 1314 335 1367 anima
346 1315 382 1363 est
394 1313 425 1374 le)
436 1324 488 1376 pars
503 1310 618 1375 potentior
630 1308 698 1375 quarn
710 1312 790 1359 natura
798 1322 848 1359 eor-

45 1407 116 1456 pnree
129 1393 177 1443 Sed
197 1394 287 1440 natura
303 1396 411 1449 superea
423 1383 503 1433 eadem
515 1381 597 1432 virtute
610 1381 683 1431 activa
696 1382 735 1430 dat
748 1378 851 1443 speeiem

48 1468 70 1511 et
80 1464 174 1514 datium
186 1457 352 1524 quantitatem.
362 1455 422 1517 Ergo
433 1454 504 1515 unulto
514 1453 586 1515 magis
597 1451 741 1502 anirnallon
751 1453 788 1500 est
797 1460 851 1511 ergo

51 1533 197 1598 elhpotmtia
208 1529 296 1580 animae
309 1524 479 1590 augmentative
495 1528 519 1575 et
531 1523 672 1587 generativa.

80 1608 102 1653 t.
112 1606 242 1662 Praeterea,
255 1609 399 1660 monetque
409 1608 445 1650 res
454 1598 600 1646 wnservatur
610 1593 634 1643 in
647 1607 697 1643 esse
709 1604 750 1656 per
763 1588 786 1639 id
794 1628 801 1651 ,
810 1601 852 1653 per

48 1674 104 1737 oudd
118 1690 171 1725 esee
181 1672 255 1723 hahet
266 1687 273 1733 3
284 1670 325 1719 sed
340 1666 442 1731 potentia
456 1664 588 1729 generativa
598 1667 633 1715 est
645 1678 685 1729 per
696 1675 764 1727 qnam
774 1656 852 1723 aroni-

47 1745 99 1797 ritnr
107 1760 157 1798 esse
167 1742 287 1804 viventis3
299 1754 355 1803 ergo
365 1751 408 1803 per
417 1738 521 1790 eamdem
531 1750 568 1787 res
579 1736 631 1785 viva
641 1737 795 1786 conservatur.
805 1730 853 1781 sed

46 1820 72 1868 ad
84 1815 290 1869 conservationem
302 1811 338 1871 rei
348 1809 449 1861 viventis
463 1808 580 1860 ordinatur
594 1806 629 1857 vis
644 1804 752 1856 nutritiva
761 1841 768 1863 ,
778 1806 804 1853 nt
818 1800 853 1851 di·

47 1890 101 1941 dtur
112 1890 140 1940 in
153 1889 225 1939 llDe
234 1885 334 1946 unimo;
348 1886 384 1933 est
395 1880 456 1939 enirn
467 1896 481 1927 n
491 1878 595 1945 potentia
607 1882 691 1943 potens
702 1876 789 1927 salvare
803 1886 854 1923 sus-

47 1962 131 2027 cipiens
145 1962 233 2025 ipsam.
252 1972 268 2004 u
281 1956 334 2006 lton
353 1954 423 2005 dehet
434 1965 487 2015 ergo
504 1950 615 2014 distingui
629 1947 737 1999 nutritiva
750 1942 854 2009 potentia

47 2031 217 2097 hgenerativa.
518 2034 531 2063 ⁸⁴
829 2062 832 2068 .

74 2106 119 2156 Sed
131 2105 215 2155 contra
234 2101 285 2162 est,
300 2097 362 2161 quod
379 2095 532 2158 Philosophus
543 2094 598 2145 dicit
616 2093 640 2142 in
656 2089 849 2146 limentana,

47 2176 103 2238 quod
116 2194 132 2224 u
148 2185 221 2238 opera
233 2171 306 2235 hujus
322 2168 404 2220 aniruae
419 2169 472 2217 sunt
486 2178 594 2229 generare
611 2167 634 2214 et
647 2162 753 2213 alimento
767 2160 816 2223 uti,
831 2162 855 2208 et

46 2246 125 2297 iterum
146 2246 301 2307 augmentum
311 2240 396 2290 lasere.
410 2254 426 2285 o
890 2232 894 2243 ·

77 2320 244 2381 (Cenmosro.
253 2311 350 2361 -l'res
363 2312 418 2360 sunt
432 2307 514 2359 anime
528 2306 661 2370 vegetetive
676 2308 768 2370 partes,
782 2302 854 2353 uului·

46 2390 97 2452 hun,
111 2385 290 2451 augmentative
303 2386 328 2433 et
337 2380 490 2446 generativa.)

72 2457 216 2525 despondeo
229 2456 364 2514 dicendum,
378 2451 440 2517 quod
453 2456 499 2502 tres
507 2482 509 2487 .
518 2452 571 2501 suut
589 2448 697 2514 potentiae
715 2447 850 2511 vegetativae

78 2576 109 2639 (l)
126 2581 165 2624 lte
179 2576 217 2621 hls
230 2574 301 2619 etiam
320 2571 389 2617 Cossi.
405 2570 487 2620 Geni„
501 2570 549 2627 lv,
562 2580 614 2626 aap.
629 2566 673 2621 ⁵8;
692 2572 716 2611 et
730 2567 754 2611 in
768 2569 855 2622 quaest.

50 2642 131 2698 disput,
147 2640 186 2685 De
200 2638 297 2684 auimo,
311 2640 355 2679 art.
367 2632 414 2691 1³,
426 2638 474 2677 tum
486 2632 511 2675 in
524 2644 599 2688 aurp,
613 2636 662 2675 turn
672 2628 758 2675 addet
773 2628 802 2675 ad
814 2625 855 2682 te,

51 2710 109 2749 utet
120 2703 167 2748 lih.
182 2702 206 2746 ll
221 2700 257 2743 De
270 2699 365 2746 mimo,
377 2697 434 2740 lent.
446 2694 471 2739 9.

80 2772 113 2835 (ἢ)
135 2775 183 2819 seu
206 2770 311 2826 potentie
326 2768 364 2812 vel
386 2765 501 2822 incultas,
517 2776 586 2821 qnam
602 2766 645 2809 sub
664 2762 756 2807 nomine
775 2759 856 2817 portia

52 2842 145 2893 prepter
162 2833 302 2879 divisionem
319 2829 463 2876 tunetinnuui
480 2828 563 2873 unlrnoe
580 2824 731 2883 Philosophus
746 2822 855 2879 appellnt,

54 2904 78 2943 ut
87 2900 138 2955 janu
153 2907 238 2954 supra.
