1984 3309
113 175 159 226 sat
300 183 360 222 runs
375 184 399 230 r,
414 183 509 228 oum.
526 181 616 232 sumu,
633 181 691 221 uns.
707 185 725 220 r.

142 262 278 327 Respondco
291 260 427 323 licentum,
442 259 503 323 quon
517 259 542 309 in
554 263 616 310 statu
629 259 769 313 innocentia
783 263 868 314 luisset
881 277 917 329 ge
979 271 980 304 t

110 334 199 386 mentio
212 335 241 384 ad
255 330 469 397 multiplicationem
481 331 578 382 humaui
588 332 687 396 generis,
699 332 786 398 alioqui
798 340 917 400 peccatum

111 405 211 458 hominis
234 405 318 455 luisset
336 403 403 454 uelde
418 403 589 467 necessarium,
604 417 633 454 ex
653 417 699 468 quo
721 409 813 457 tantum
832 408 916 458 mrum

111 482 261 530 consecutum
270 479 316 528 est.
327 477 370 526 Est
384 489 438 540 crgo
453 476 658 537 considerandum,
670 477 732 541 qnod
745 479 816 529 bomo
830 494 917 531 secun-

113 553 168 602 dum
190 564 254 600 suam
268 553 373 599 naturam
393 553 427 599 est
440 548 578 601 constitutus
596 548 663 611 quasi
681 548 783 600 medium
806 553 919 614 quoddam

114 623 174 673 inter
183 625 298 672 creaturus
306 620 464 685 corruptibiles
475 624 500 672 et
509 619 706 684 incorruptibilem
716 631 770 670 nam
782 622 860 673 amma
869 624 921 689 ejus

113 699 150 746 cst
161 690 294 744 naturaliter
305 693 498 758 incorruptibilis,
514 705 596 757 corpus
609 691 665 743 verb
678 693 813 744 naturaliter
826 708 921 760 corrup·

114 767 186 818 tibilc.
202 768 241 816 list
254 770 331 816 autam
344 766 536 816 considerandum
548 765 609 828 quod
625 765 670 816 alio
686 765 754 815 modo
767 765 867 817 intentio
879 782 921 818 na·

113 842 169 889 turrae
187 839 259 888 fertur
275 839 304 887 uri
323 836 525 900 corruptibileset
547 835 733 900 incorruptibiles
751 841 877 890 creaturus.
896 840 920 890 ll

114 909 177 962 enim
187 924 229 975 per
238 924 263 961 sc
272 909 361 960 sirletru
369 924 420 960 esse
431 911 459 960 de
468 908 597 960 intentione
608 913 702 972 naturae,
713 911 774 973 quorl
785 915 922 977 est'semper

114 985 291 1047 etperpetuum.
299 983 365 1041 Quod
373 985 449 1032 autem
457 981 576 1031 maselum
583 981 706 1031 secunlum
715 979 810 1046 aliquod
821 987 920 1048 tempus,

115 1067 162 1104 non
174 1053 327 1105 videturesse
339 1053 494 1117 principaliter
508 1053 536 1102 tle
550 1052 680 1102 intentione
690 1055 788 1115 maturo,
801 1055 843 1105 sed
856 1054 921 1118 quasi

115 1129 144 1178 ud
163 1127 225 1178 alium
245 1127 390 1188 ordinatum,
410 1125 560 1197 alioquinseo
580 1128 686 1189 correpto
710 1129 798 1177 nature
823 1127 921 1177 intentio

115 1204 250 1253 cassantur.
265 1199 323 1258 Quia
338 1198 408 1262 igituir
421 1197 447 1247 in
461 1198 529 1248 rebus
542 1197 799 1263 corruptibilibusuihil
815 1203 851 1250 est
868 1211 920 1264 pcr-

115 1277 210 1336 petuum
222 1275 246 1322 et
259 1284 349 1336 semper
364 1282 457 1319 manens
466 1268 513 1319 nin'
524 1268 625 1333 species,
637 1271 722 1320 bonurn
739 1271 828 1335 speciei
839 1275 875 1322 cst
893 1273 921 1322 de

113 1343 234 1408 principali
242 1342 370 1394 intentione
379 1345 480 1404 naturae,
492 1341 521 1391 al
528 1341 595 1406 cujus
603 1342 800 1392 enumerationem
808 1343 920 1394 naturalis

115 1416 231 1478 generatio
249 1416 375 1466 ordinatur.
390 1414 528 1465 substantio
546 1413 601 1464 verb
621 1413 804 1478 incorruptibiles
824 1419 918 1466 manent

117 1501 208 1552 semper
225 1501 272 1538 non
291 1488 364 1538 solum
380 1485 505 1537 secundm
523 1485 640 1550 speciem,
656 1485 780 1536 sedetiam
794 1489 921 1538 menmium

117 1560 255 1622 individna3
271 1563 294 1609 et
311 1558 363 1608 ideo
380 1557 450 1608 etiam
471 1558 523 1621 ipsa
542 1556 659 1608 individua
678 1560 731 1607 suut
749 1557 778 1607 db
798 1557 924 1624 principali

116 1632 246 1682 intentione
261 1634 358 1680 nature.
373 1629 411 1679 Sic
422 1629 492 1693 igitur
506 1628 595 1679 homini
608 1642 637 1679 ex
651 1633 713 1694 parte
731 1629 847 1693 corporis,
860 1633 924 1694 quod

118 1703 265 1765 corruptibile
278 1707 313 1753 est
326 1703 451 1752 secundum
463 1704 567 1752 naturam
577 1699 640 1751 suum
650 1739 659 1765 ‚
669 1700 778 1765 competit
789 1701 922 1764 generatim

118 1787 148 1826 ex
161 1778 226 1838 parte
235 1774 290 1826 nero
302 1775 391 1839 anima,
402 1789 452 1839 quae
462 1773 639 1838 incorruptibilis
649 1776 692 1836 est,
704 1771 814 1836 competit
828 1773 924 1837 siquod
980 1809 981 1844 p

119 1845 239 1896 multitudo
252 1846 418 1897 indiuiduorum
430 1847 461 1896 sit
468 1860 510 1910 per
520 1859 544 1895 se
559 1845 646 1895 intenta
659 1845 672 1894 a
686 1848 766 1894 natura
775 1884 781 1906 ,
791 1843 831 1894 uel
844 1843 925 1908 potius

119 1917 132 1967 l
146 1921 233 1969 nabun
245 1921 335 1969 auctore
343 1959 349 1981 ,
358 1918 398 1983 qui
409 1919 470 1968 solus
480 1922 515 1968 est
524 1918 674 1966 humanarum
685 1915 814 1967 animarum
824 1919 923 1967 creator.
980 1897 981 1960 l

118 1990 148 2039 nt
160 1989 212 2043 ileo
225 1990 254 2041 ad
265 1990 475 2055 multiplicationem
488 1989 584 2039 numani
597 1988 699 2052 generis,
712 1987 885 2051 generationem
896 1988 924 2038 in

119 2063 220 2112 hnmano
229 2076 311 2126 genere
325 2063 412 2126 statuit,
423 2063 492 2113 etiam
501 2062 527 2112 in
540 2065 600 2112 statu
613 2060 759 2112 innocentie.

152 2135 185 2185 lt
203 2135 301 2199 primum
318 2139 372 2198 crgo
385 2136 520 2199 dicendum,
530 2133 590 2196 quon
605 2147 687 2198 corpus
703 2132 805 2184 hominis
818 2133 844 2184 in
861 2134 925 2184 statu

121 2207 259 2258 innocentio
275 2211 386 2271 quantum
400 2210 449 2258 crat
460 2208 488 2257 de
504 2219 544 2268 se,
557 2205 701 2270 corruptibile
717 2207 780 2269 erat,
795 2205 837 2255 sed
851 2206 927 2270 potuit

120 2280 257 2344 praeservari
266 2280 279 2329 l
287 2281 430 2345 corruptione
439 2292 481 2344 per
495 2279 602 2329 animam.
616 2280 644 2328 tlt
655 2279 706 2329 ideo
717 2291 764 2328 non
778 2277 824 2327 luit
835 2276 926 2328 homini

120 2353 274 2402 subtrahenda
286 2351 418 2414 generatio,
436 2365 486 2415 quc
504 2351 598 2401 debetur
614 2348 797 2412 corruptibilibus
813 2350 890 2400 rebus.

151 2424 185 2473 ld
197 2425 321 2473 secundum
338 2424 477 2485 dicendum,
491 2422 553 2486 qubrl
567 2421 682 2485 generatio
696 2420 721 2470 in
736 2423 797 2470 statu
807 2419 922 2472 inneneu-

119 2495 173 2558 tic‚
184 2495 228 2545 etsi
241 2508 288 2545 non
300 2496 380 2545 luisset
393 2498 486 2558 propter
504 2492 700 2544 conseruationem
717 2491 820 2556 speciei,
842 2493 926 2544 luisset

119 2570 198 2616 nmen
211 2569 304 2629 propter
321 2565 532 2632 multiplicationem
545 2565 722 2615 individuorum.

153 2637 186 2688 ld
199 2638 292 2688 tertium
303 2637 439 2699 dicendum,
450 2637 510 2701 qubd
521 2637 546 2686 in
561 2641 622 2688 statu
638 2637 697 2698 isto,
712 2633 871 2701 multiplicatis
885 2637 926 2688 rto-

121 2709 190 2760 minis
204 2722 296 2761 necesse
308 2715 343 2760 est
359 2711 408 2760 lieri
425 2709 561 2760 divisionem
576 2707 760 2772 possessionum
774 2709 829 2773 quia
840 2726 854 2757 u
864 2725 926 2762 com-

122 2782 223 2832 muuitus
237 2782 391 2846 possessionis
403 2786 438 2832 est
452 2781 540 2832 occasio
558 2780 689 2844 discordiae,
704 2798 718 2828 u
731 2784 757 2830 ut
768 2781 924 2846 Philosophus

123 2853 179 2906 (licit
191 2856 213 2904 in
229 2854 258 2903 11.
272 2855 349 2904 Potit.
359 2856 412 2905 sel
422 2855 448 2904 in
461 2858 523 2906 statu
536 2853 672 2904 innocentie
687 2852 784 2904 luissent
794 2854 924 2905 voluntates

124 2926 243 2977 homiuum
255 2927 426 2990 ciceronum,
437 2927 499 2991 quot
512 2927 596 2990 absque
610 2925 673 2977 omui
684 2925 785 2990 pericrrlo
796 2925 923 2990 discordia,
