1984 3309
77 6 125 20 ··‘·v
134 6 274 15 undar--

156 144 261 189 nfl'ndtto
277 148 306 189 ΕΤ
320 148 386 191 mo
399 149 423 190 nr
440 148 523 191 ΛΜΗ
538 149 703 192 mmmm.
785 146 830 195 98?

5 228 169 279 urationalis
189 229 320 293 appetitus,
335 228 369 279 sie
386 240 433 279 non
451 233 486 280 est
504 229 529 278 in
542 228 577 280 eis
592 229 676 280 bonam
693 230 731 281 uel
747 232 832 283 malm

9 300 114 353 morale
124 338 131 361 ,
141 301 202 363 qnod
211 300 323 365 dependet
330 298 343 349 i
350 300 455 363 rulime,
466 304 492 352 ut
499 299 567 365 supra
576 301 661 351 dietum
669 306 713 353 est.
721 302 745 353 Si
755 307 831 354 autem

11 372 203 423 considerentur
224 372 347 423 secundnm
366 372 426 435 quod
442 372 561 436 subjacent
578 372 674 437 imperio
695 374 790 426 rationis
808 379 832 427 et

9 444 171 504 voluntatis,
187 442 221 513 sio
232 446 267 493 est
284 443 309 492 in
329 443 364 493 eis
379 444 466 495 bonum
479 444 516 494 rol
532 444 616 494 malum
630 445 723 496 morale.
737 447 831 510 Propin-

12 518 91 581 quior
105 514 170 567 enim
184 518 218 566 est
230 514 482 579 appetitus'sensitivus
505 516 549 579 ipsi
571 515 654 567 rationi
667 520 690 567 et
704 518 830 581 volontati,

12 602 94 652 quam
109 586 213 639 membra
228 587 353 649 exteriora,
368 600 463 651 morum
475 590 554 640 tamen
571 591 646 639 motus
663 592 687 639 et
699 592 764 639 amns
776 594 831 639 sunt

11 660 76 712 boni
98 660 139 710 rel
156 660 210 709 mali
222 659 335 709 moraliter
344 660 467 709 meandum
480 660 540 722 quod
554 663 609 709 sunt
620 660 750 711 rehoterii.
765 662 830 713 Unde

14 734 98 783 multo
109 730 185 794 magis
196 733 219 781 at
226 730 283 794 ipsa
292 730 411 794 passiones
423 730 548 780 seeundum
557 732 617 793 qnod
625 735 678 781 sont
687 733 829 795 voluntarie,

14 806 125 868 possunt
138 800 184 852 diei
197 802 262 852 bena
276 802 314 852 rel
326 802 391 853 mala
402 801 525 851 moraliter.
537 801 648 852 monnau
659 807 735 853 antem
748 806 830 856 rolan-

16 876 104 940 tarire,
115 873 156 925 uel
166 884 196 925 ex
206 886 235 924 eo
248 874 307 937 quod
322 872 458 923 ivolentate
473 873 628 938 imperantur,
639 874 676 925 rel
689 888 718 925 ex
732 878 830 939 eoquod

15 951 27 998 i
47 948 178 999 voluntale
196 958 243 995 non
255 945 410 1009 prohibentur.

49 1020 91 1069 Ad
104 1016 209 1083 primurn
219 1028 272 1079 ergo
287 1014 422 1077 dicendum,
439 1015 563 1079 quoditie
576 1016 694 1081 passiones
707 1018 831 1069 secundm

17 1105 42 1142 se
53 1089 213 1142 considerate
223 1091 276 1138 sunt
292 1100 425 1139 communes
437 1086 567 1139 bominibus
578 1090 601 1138 et
614 1087 749 1139 animalibus
766 1088 829 1155 aliis;

17 1164 61 1213 sed
83 1160 215 1218 seeundum
230 1160 290 1223 quod
308 1158 321 1208 l
336 1158 423 1209 ratiom
440 1158 595 1223 imperantur,
610 1163 664 1210 sunt
680 1160 832 1225 propriane

18 1234 139 1284 minibus.
369 1262 376 1267 ι

51 1306 91 1357 nd
105 1303 238 1355 seeundum
252 1302 385 1365 dicendum,
400 1301 461 1365 qnid
473 1301 543 1353 amm
552 1302 672 1353 inferiores
684 1302 745 1353 sires
761 1316 831 1367 appe

18 1379 99 1429 titivae
109 1374 218 1426 dannan
231 1373 384 1436 rationales,
391 1374 522 1427 monadum
530 1374 591 1437 quod
603 1373 832 1439 partieipantaliqna·

20 1451 75 1500 liter
93 1445 220 1509 rationem,
235 1449 261 1497 ut
271 1446 354 1496 dieitur
363 1445 388 1495 in
400 1446 418 1496 Ι.
433 1444 517 1495 nette.
531 1445 583 1507 (sub
591 1444 678 1509 linem).

55 1521 96 1571 An
112 1515 207 1567 tertium
229 1516 361 1579 dicendum,
378 1516 439 1580 pnbd
452 1515 604 1579 Philosophus
619 1515 691 1580 dicit,
707 1516 769 1579 qnod
785 1530 831 1567 oon

22 1592 152 1642 laudamur
166 1590 205 1637 ant
218 1586 370 1651 vituperamur
382 1587 507 1638 meandum
524 1586 642 1650 passiones
661 1585 763 1638 absolute
776 1599 832 1637 eon·

22 1664 156 1723 sideratas3
175 1658 216 1709 sed
233 1671 279 1709 non
295 1662 398 1709 removet
414 1658 470 1721 qnia
485 1658 575 1721 possint
594 1658 644 1709 lieri
658 1657 782 1709 laudabiles
794 1658 832 1709 rel

20 1729 195 1799 vituperabiles
202 1729 327 1779 seeundum
336 1730 396 1793 quod
404 1728 417 1779 i
424 1728 511 1779 ratione
517 1728 657 1786 ordinatur.
666 1729 731 1780 Unde
740 1730 832 1782 solidite

24 1824 37 1853 <r
48 1807 107 1856 Non
119 1802 226 1852 mudatnr
239 1804 277 1851 aut
284 1800 425 1867 vituperatur
439 1800 479 1865 qni
488 1800 601 1853 ment
611 1802 728 1866 irascitur,
743 1802 782 1853 sed
793 1802 833 1867 qui

23 1874 168 1941 aliqualiter,
184 1872 214 1921 id
224 1876 272 1931 est,
282 1873 406 1923 amandum
414 1873 534 1935 rationem,
547 1872 585 1923 uel
595 1883 677 1938 preter
687 1875 832 1926 rationem.»

330 2024 489 2075 mutunus
504 2025 535 2074 n.
569 2010 572 2019 '

126 2140 215 2187 Utrum
223 2140 300 2185 emole
309 2141 387 2197 passio
396 2142 482 2186 noima
491 2140 524 2185 eit
533 2140 599 2185 mola
609 2140 741 2185 moraliter.

58 2262 95 2313 dd
113 2254 242 2311 seeunddm
258 2256 291 2309 sie
303 2258 433 2323 proceditur
443 2258 486 2326 (l).
502 2258 597 2309 Videtur
612 2259 672 2321 quod
684 2270 765 2309 omnes
780 2270 834 2323 pas·

28 2336 108 2385 siones
123 2330 207 2381 animae
225 2332 278 2380 sunt
289 2329 353 2382 mala
370 2329 489 2381 moraliter.
503 2330 562 2379 bieit
571 2329 633 2381 enim
646 2328 783 2393 Augustinus
792 2331 833 2381 tx.

29 2407 64 2455 De
74 2406 136 2456 Cio,
153 2402 201 2451 Det
214 2400 276 2465 (sap.
287 2400 320 2465 9),
334 2400 394 2465 qnod
407 2401 549 2466 «passiones
560 2400 640 2452 animae
651 2399 742 2464 qnidam
751 2406 835 2453 vocant

28 2480 123 2529 morbos
144 2474 181 2523 rel
201 2473 382 2537 perturbationes
402 2474 491 2525 anima.
508 2490 522 2521 u
539 2474 584 2525 Sed
599 2473 673 2524 omnis
692 2474 783 2527 morbus
796 2476 835 2526 vel

27 2545 176 2613 perturbatio
189 2546 272 2597 amma
291 2550 325 2596 est
341 2546 426 2609 aliquid
446 2548 529 2597 malum
543 2546 667 2597 moraliter.
684 2548 743 2612 Ergo
761 2548 835 2599 omnis

30 2620 110 2683 passio
126 2616 209 2668 animae
222 2617 337 2668 moraliter
351 2617 409 2668 mala
423 2620 467 2668 est.

64 2756 101 2820 (l)
114 2758 150 2801 De
161 2754 196 2800 bis
207 2755 278 2800 etiam
288 2754 359 2814 iniri,
367 2764 408 2811 qu.
420 2752 459 2813 ta,
470 2760 514 2801 art.
524 2756 573 2801 iet
583 2755 607 2809 ³3
617 2757 678 2816 eti,
691 2756 715 2815 2,
727 2768 767 2812 qn.
780 2754 836 2815 lie,

32 2827 74 2867 art.
90 2818 133 2872 103
146 2823 170 2862 et
178 2829 218 2875 qn.
230 2816 270 2877 is,
280 2818 309 2864 de
319 2819 390 2875 malo,
399 2822 443 2862 art.
455 2815 478 2870 ir
488 2820 616 2875 etsuperl.
628 2818 784 2868 Bibie.,leet.
796 2816 835 2875 1t3

33 2891 54 2929 et
68 2885 95 2929 in
107 2881 198 2939 lib-11,
210 2881 265 2928 leot.
276 2880 304 2936 33
319 2886 343 2926 et
354 2880 380 2926 in
393 2880 446 2927 vn.
460 2880 570 2938 eneae„
582 2882 637 2929 leet.
647 2880 672 2927 b.

132 2990 159 3026 n.
682 2981 712 3026 i'l
