1984 3309
100 190 135 226 na
150 189 193 225 nas
206 188 266 233 ona
278 189 414 225 emmena
426 189 458 226 an
471 189 569 227 ronna.
582 190 679 243 muas,
692 191 745 229 arc.
783 181 827 229 ttl

23 266 69 315 liam
82 266 186 331 pertinet
202 265 316 330 quicquid
336 270 373 316 est
386 266 507 317 essentiale
521 267 567 326 ieie
581 280 627 318 non
638 270 712 319 autem
722 268 829 333 quicquid

22 344 51 386 est
61 344 123 390 extra
133 338 276 390 essentiam.
288 338 368 391 Potest
378 338 412 387 sie
422 338 466 388 dici
477 340 592 403 accidens,
604 341 643 391 sed
653 340 726 391 solum
736 341 759 392 id
769 342 830 406 quod

23 426 59 460 riou
80 416 192 462 causatur
213 424 247 461 ea
263 409 387 474 principiis
407 410 564 461 essentialibus
580 412 666 475 speciei
689 414 831 478 :proprium

22 485 74 532 onim
89 486 191 534 nonest
206 482 238 532 de
252 481 354 532 essentia
370 481 421 542 rei,
439 482 480 533 sed
495 496 524 533 er
538 484 655 548 principiis
673 485 831 537 essentialibus

22 556 96 616 <penei
109 560 242 617 causatur;
254 554 315 603 unde
324 552 427 603 medium
437 558 472 608 est
481 554 541 605 inter
549 556 672 605 essentiam
683 561 707 607 et
718 557 830 618 accidens,

23 626 72 675 sient
89 628 244 679 dictumest.
263 626 293 675 Et
305 626 352 676 boc
371 626 438 676 modo
453 626 562 690 potentie
579 627 661 679 amne
677 632 773 692 possunt
786 630 832 679 dici

25 701 94 749 irredie
103 701 167 751 inter
182 698 343 749 substantiam
352 700 377 748 et
390 698 504 762 accidens,
514 698 580 763 quasi
588 702 737 765 proprietates
748 701 832 753 ammes

25 772 133 823 ruitantes.
146 771 219 832 Quod
231 775 313 821 autem
322 769 463 833 Augustinus
471 770 527 822 dicit
536 772 584 833 (ubi
596 773 684 837 supra),
694 773 754 836 quod
764 791 778 821 u
789 787 832 827 no·

26 842 66 890 actia
78 850 99 893 et
111 858 180 894 amor
194 857 248 894 non
260 847 314 892 sunt
326 842 352 892 in
364 842 441 893 anima
451 843 510 893 sicut
523 844 680 895 accidentiam
690 846 803 910 subjecto,
816 862 830 892 u

27 914 146 978 intelligitur
158 916 296 966 secundum
304 916 399 965 modum
408 916 550 980 predictum,
560 920 628 981 prout
636 921 794 982 comparantm
803 919 832 969 ad

28 986 126 1053 aldirnam,
142 1002 197 1039 non
210 987 321 1040 sicutad
334 991 449 1037 ammtem
462 990 487 1037 et
505 993 692 1051 cognoscentem,
707 990 748 1040 sed
765 994 832 1054 prout

27 1064 177 1120 comparantur
187 1060 219 1110 ad
229 1072 285 1110 eam
294 1059 356 1109 sicut
367 1059 500 1109 adamatam
511 1064 534 1110 et
542 1061 663 1125 cognitam.
673 1062 703 1111 st
712 1063 756 1112 boc
764 1062 832 1111 modo

26 1132 170 1189 picodum
184 1132 313 1201 probatio,
323 1131 377 1195 quia
389 1130 410 1180 si
422 1144 485 1181 amor
495 1136 556 1183 esset
566 1132 590 1183 in
600 1132 674 1183 aniana
686 1137 759 1183 amata
773 1133 834 1187 sicut

25 1202 46 1249 iu
57 1204 166 1268 subjecto,
177 1205 323 1267 sequeretur
333 1203 395 1265 qnod
406 1203 511 1253 accidens
521 1205 691 1257 transcenderet
701 1219 767 1258 suurn
779 1205 834 1255 sub·

27 1280 113 1339 lectum,
127 1292 184 1328 cum
201 1276 277 1326 etiam
291 1275 338 1325 alia
350 1275 397 1325 siut
410 1280 484 1326 amata
499 1289 541 1339 per
554 1276 663 1326 ammam.

53 1351 82 1397 td
95 1355 187 1401 sextum
204 1348 349 1406 dicendum,
361 1346 423 1411 quod
435 1346 511 1397 anima
522 1386 528 1407 ‚
539 1346 593 1398 licet
603 1362 650 1399 uon
664 1348 694 1399 sit
706 1348 834 1411 composita

27 1422 152 1472 sanabria
166 1425 194 1473 et
205 1420 298 1478 dorma,
309 1418 380 1468 babet
393 1423 470 1468 tamus
480 1418 565 1481 abquid
578 1419 606 1468 de
617 1418 782 1483 potentialitate
795 1419 835 1469 ad-

29 1491 130 1556 mixtum,
145 1495 173 1544 ut
192 1491 270 1556 supra
283 1490 372 1540 dictum
385 1493 429 1540 est.
445 1492 472 1539 llt
485 1490 536 1542 ideo
554 1494 629 1555 potest
646 1490 691 1540 dici
707 1490 836 1555 subjectum

31 1561 146 1615 accidente.
155 1562 297 1629 Propositio
313 1565 392 1611 autem
406 1561 497 1612 inducta
506 1563 587 1629 ¹locum
599 1562 668 1613 babet
680 1561 706 1611 in
719 1561 783 1625 Deo,
797 1560 837 1627 qui

29 1638 59 1680 est
71 1639 129 1685 actas
141 1650 228 1701 purus.
244 1636 273 1685 ln
287 1646 336 1698 qua
345 1634 441 1683 materia
453 1635 545 1685 Boetius
559 1648 609 1684 eam
620 1634 751 1685 introducit.
881 1632 887 1645 '

55 1707 84 1755 ld
94 1706 222 1772 septimum
234 1706 376 1768 dicendum,
392 1705 452 1770 qudd
463 1706 590 1757 rationale
603 1710 626 1757 et
639 1706 755 1757 sensibile
769 1707 837 1769 prout

27 1784 72 1828 saint
84 1780 232 1844 differentia,
246 1793 295 1829 nou
309 1781 433 1829 sumuntur
446 1778 459 1829 la
471 1777 582 1842 potentiis
594 1792 675 1829 sensus
689 1782 712 1829 et
725 1776 835 1840 rationis3

27 1854 58 1897 >ud
76 1854 172 1918 abipsa
189 1850 404 1915 anima'sensitiva
418 1852 442 1899 et
457 1849 570 1901 rationali.
589 1850 647 1910 Quia
663 1853 740 1900 tamen
756 1849 836 1899 lormae

28 1925 183 1975 =11letautiales
187 1962 197 1987 ‚
206 1938 260 1989 quae
272 1922 404 1973 secundum
412 1934 439 1972 se
448 1926 501 1971 sunt
511 1922 577 1972 nobis
588 1922 683 1985 ignote,
691 1920 837 1971 innotescunt

27 2010 60 2053 [er
71 1996 214 2058 accidentia3
230 1995 291 2044 nibil
305 1992 414 2058 probibet
432 1991 547 2043 interdum
559 1993 685 2045 accidentia
698 1994 747 2043 looo
767 1990 835 2041 dide-

27 2067 142 2117 undarum
158 2065 354 2117 substantialium
368 2063 431 2129 poni.

330 2216 495 2292 antidotus
510 2218 539 2268 11.

197 2344 289 2391 Utriem
300 2344 353 2386 sint
362 2344 442 2397 plures
448 2342 560 2401 putemne
569 2343 664 2403 aniene.

53 2468 84 2514 td
94 2466 227 2517 secundum
237 2465 273 2515 sio
279 2460 416 2528 proceditur
424 2462 466 2526 (1).
478 2462 574 2513 Videtur
583 2462 643 2525 qudd
653 2474 698 2512 non
709 2461 755 2511 sint
763 2462 839 2525 plures

28 2539 128 2589 udentia
144 2538 240 2588 animae.
258 2535 347 2586 anima
361 2533 422 2583 enim
435 2534 573 2584 intellectiva
584 2532 682 2583 maxime
697 2534 725 2582 ad
739 2532 839 2583 divinam

30 2610 198 2659 »militudinem
209 2607 314 2658 accedit.
325 2604 372 2653 Sed
385 2604 409 2653 iu
421 2606 468 2656 lleo
479 2609 516 2655 est
524 2618 570 2656 uua
583 2610 607 2656 et
618 2605 714 2669 simplex
727 2602 838 2669 potentia.

33 2678 82 2741 tago
94 2686 119 2732 et
133 2681 162 2731 in
175 2681 257 2731 anima
269 2676 423 2728 intellectiva.

59 2797 87 2858 ill
102 2804 136 2846 lle
146 2801 273 2846 bisetium
288 2795 361 2841 Ceut.
377 2796 456 2847 Getae,
466 2798 508 2843 lib.
519 2799 551 2855 11,
564 2809 617 2854 cap.
633 2794 675 2849 as;
687 2801 710 2841 et
720 2795 745 2839 in
756 2796 839 2850 quusi.

35 2859 135 2969 ῗίᾙυὲεῑ.
156 2864 192 2909 De
216 2863 325 2911 animo,
346 2864 391 2905 art.
405 2858 432 2915 33
449 2866 473 2907 et
492 2858 646 2907 inlib.1De
664 2860 765 2906 cattuso,
784 2856 839 2901 leot.
