1984 3309
153 225 186 263 uu
204 224 236 261 ns
251 222 310 270 oua
325 222 460 263 rsurmsuu
476 219 646 262 memnon
660 225 725 263 um.
814 216 844 264 ro

28 301 194 353 conseruando
207 303 230 351 et
244 299 429 351 administraudu
440 301 565 350 uranum
576 300 700 365 wuditam,
709 312 756 353 uon
769 305 844 354 autem

29 388 114 424 nouem
125 376 258 425 creaturam
273 372 403 421 condendo.

60 447 95 495 tu
110 445 245 495 seeundum
258 444 398 507 dicendum,
409 442 471 507 qubd
481 444 573 506 requies
585 457 632 495 mu
643 443 765 509 opponitur
775 444 847 496 labori

31 519 78 566 siue
94 515 183 576 mutui,
201 516 244 565 sed
262 514 410 578 productioni
423 526 531 564 nonaum
545 526 639 581 rerum,
650 519 675 566 et
690 516 803 567 desiderio
820 516 846 567 iu

30 588 87 637 ubud
98 586 225 646 tendendi,
241 590 269 635 ut
282 586 368 635 dictum
380 589 427 635 cst.
711 591 717 600 ‘

60 661 94 710 td
108 659 207 710 tertium
216 656 355 717 dicendum,
365 655 428 719 qubd
440 656 500 707 sicut
509 658 569 707 bens
579 657 604 707 in
615 658 664 709 solo
677 670 702 708 se
713 657 844 723 requiescit,

30 736 85 782 etse
98 732 201 782 truendo
217 730 302 779 beatus
315 731 366 791 est3
379 728 412 777 ita
423 732 447 778 et
460 742 557 793 uesper
567 730 639 779 solam
654 729 698 780 Dei
711 728 843 780 fruitionem

30 803 83 852 beati
97 802 228 853 eiilcimur.
242 800 275 850 Et
283 798 317 848 sic
328 798 398 849 amm
410 798 517 850 iucituoe
526 800 540 850 d
548 800 597 851 suis
607 804 631 850 et
640 800 726 851 nostris
736 800 843 863 operibus

29 874 49 921 iu
62 876 140 938 seipso
151 872 315 937 requiescere.
327 872 370 921 llst
380 884 435 934 ergo
443 871 583 922 conueniens
593 871 713 936 expositio,
722 870 843 921 utdicatur

32 948 90 995 beus
101 944 264 1011 requievisse,
278 943 334 1006 quia
349 956 392 995 uos
407 943 548 1007 requiescere
557 943 729 993 iacit.Seduou
743 946 781 993 eet
793 943 842 993 bec

33 1018 77 1065 sota
85 1017 202 1080 puueuda,
217 1015 260 1065 sed
276 1013 323 1064 alia
336 1014 449 1078 expositio
463 1017 497 1064 est
511 1018 535 1065 et
547 1013 693 1079 principalior
704 1017 728 1065 et
739 1013 809 1078 prior.

328 1156 491 1207 nunccius
506 1156 546 1207 111.

65 1276 147 1321 ursan
156 1271 298 1320 cauterio
307 1275 331 1315 er
340 1240 499 1328 murreum
511 1251 624 1318 amur
632 1271 681 1317 ures
689 1273 801 1329 upum.

60 1384 91 1433 ld
102 1384 197 1435 tertium
213 1380 249 1433 sic
261 1378 405 1443 proceditur.
413 1377 511 1429 Videtur
522 1378 581 1443 qudd
592 1380 731 1442 benedictio,
742 1384 766 1432 et
777 1393 844 1432 sauc-

33 1455 120 1505 tilreatio
128 1470 177 1506 uun
190 1453 311 1505 debeatur
324 1450 372 1501 diei
381 1448 494 1514 septime.
506 1450 605 1514 Tempus
618 1452 680 1501 euim
690 1452 780 1515 aliquod
790 1466 844 1503 con·

36 1524 103 1575 suerit
114 1527 156 1576 dici
177 1522 347 1575 benedictum
366 1524 531 1571 automatum
549 1526 643 1587 propter
658 1523 747 1587 aliquod
758 1523 844 1575 bouum

36 1597 90 1658 quot
96 1596 119 1646 in
127 1597 165 1647 illo
175 1598 288 1659 tempore
298 1592 385 1655 evenit,
395 1596 435 1643 aut
440 1596 532 1659 propter
539 1594 584 1644 hoe
592 1594 651 1658 quod
659 1593 749 1659 aliquod
758 1596 843 1647 malum

34 1667 116 1717 uitam.
133 1668 179 1719 Sed
193 1669 245 1717 ileo
266 1662 326 1714 nibil
342 1663 464 1727 accrescit,
484 1669 524 1715 aut
537 1664 638 1729 deperit,
652 1665 701 1716 sive
718 1670 840 1731 operetur,

32 1740 75 1789 siue
88 1740 115 1789 ab
125 1738 248 1806 operando
261 1740 347 1787 cesset.
362 1736 414 1785 Non
423 1748 476 1799 ergo
487 1736 593 1801 specialis
602 1736 729 1788 benedictio
742 1742 766 1789 et
776 1752 842 1789 sauc-

30 1810 116 1861 titleatic
131 1812 233 1863 debetur
245 1807 295 1858 diei
309 1808 425 1871 septime.

60 1888 82 1932 t.
97 1884 226 1945 Preterea,
241 1877 380 1931 benedictio
393 1878 407 1929 a
422 1878 524 1929 bonitate
541 1879 632 1931 dicitur.
647 1880 692 1931 Sed
706 1880 790 1931 bouum
805 1884 842 1932 est

33 1953 155 2004 ditlusiuunr
169 1957 195 2005 et
209 1950 434 2003 communicativum
447 1950 499 2012 sui,
513 1952 637 2001 meandum
651 1951 787 2016 Dionysium
799 1951 841 2017 (ut

35 2026 111 2087 supra,
123 2040 163 2090 qu.
180 2030 212 2085 5,
228 2026 276 2073 art.
293 2021 333 2086 3).
349 2022 408 2085 lirgo
423 2022 494 2085 magis
507 2022 634 2073 debuerunt
643 2023 744 2074 benedici
756 2024 805 2074 dies
815 2024 840 2073 iu

34 2098 108 2157 quibus
117 2100 239 2147 creaturas
250 2094 375 2159 produxit,
386 2092 455 2157 quim
463 2094 502 2145 ille
513 2094 561 2144 dies
569 2094 595 2144 in
605 2106 650 2159 quo
664 2093 678 2144 b
688 2095 840 2159 producendis

36 2168 134 2218 creaturis
146 2166 262 2218 cessavit.

63 2243 83 2286 a.
98 2240 228 2298 Pruterea,
240 2237 267 2286 iu
280 2235 381 2299 singuiis
395 2236 506 2287 creaturis
513 2235 619 2300 quedam
633 2234 762 2287 benedictio
777 2250 840 2288 com·

37 2314 146 2360 memorata
161 2313 212 2371 est,
232 2308 289 2358 dum
304 2307 330 2356 in
346 2305 444 2369 siugulis
457 2306 565 2371 operibus
580 2308 732 2359 dictumest:
750 2308 838 2360 «Vidit

40 2380 93 2427 brus
102 2383 159 2445 quod
175 2386 241 2431 esset
254 2379 352 2429 bouum.
368 2394 382 2424 n
396 2378 447 2427 lion
463 2378 563 2441 oportuit
577 2378 647 2441 igitur
657 2376 719 2442 qubd
729 2391 781 2444 post
789 2394 838 2431 ouu-

38 2450 92 2498 uium
104 2450 284 2516 productionem
296 2448 347 2500 dies
361 2447 460 2513 septima
469 2446 650 2500 benediceretur.

63 2522 102 2572 Sed
111 2528 193 2574 coutm
204 2526 254 2584 est,
270 2522 334 2585 quod
353 2519 437 2571 dicitur
452 2520 550 2574 Genea„
564 2521 583 2569 11
595 2536 600 2570 :
617 2520 762 2570 «benedixit
777 2522 838 2573 lteus

36 2591 73 2640 diei
85 2595 194 2658 sepdmo,
210 2597 236 2644 et
248 2591 403 2643 sanctificavit
417 2590 554 2655 illum,quia
568 2591 594 2641 in
611 2591 651 2641 illu
665 2597 793 2643 cessaverat
808 2594 837 2644 ab

38 2664 89 2712 omui
103 2677 173 2729 opere
187 2676 240 2714 suc.
256 2680 271 2711 u

64 2735 71 2797 i
76 2737 218 2787 &rausum
231 2738 262 2772 ·-'
274 2732 388 2797 Congruit
403 2735 430 2783 ut
441 2730 485 2783 diei
504 2731 601 2797 septimo
617 2730 763 2786 benediceret
776 2734 837 2785 Deus

39 2807 132 2858 cunibus
142 2808 157 2857 iu
166 2821 192 2857 se
202 2804 302 2856 conditis
311 2804 434 2867 creaturis,
448 2808 473 2854 ut
486 2804 547 2855 diem
559 2803 624 2854 illurn
635 2802 812 2874 sanctificaret.)

65 2878 195 2943 bemoudeo
207 2876 331 2927 dicendum
342 2915 349 2937 ,
359 2876 420 2939 quod
431 2876 490 2926 sicut
503 2875 570 2940 suprb
584 2873 669 2924 dictum
681 2876 730 2934 est,
750 2873 839 2938 requies

40 2944 73 2995 lltl
83 2948 151 3001 indie
161 2947 263 3014 septimo
272 2946 398 3012 dupliciter
406 2946 526 3010 accipitur.
536 2944 612 2997 Primd
624 2943 717 3007 quidem
727 2947 837 3006 quantum
