1984 3309
158 212 275 256 ouosouo
288 211 338 251 mm
351 210 478 252 eussreu
492 213 686 266 satiaremur,
701 215 753 254 sre.
811 205 856 252 its

54 291 163 355 quautrrm
173 293 320 340 removentur
328 291 437 355 tenebre,
448 289 572 341 idumirsri
582 291 637 342 ueri
647 287 672 344 lu
681 293 792 356 quantum
802 307 856 358 per-

53 361 273 424 tunditur-lumine,
289 361 367 425 perfici
386 361 442 413 reru
462 361 585 414 secuudhm
604 361 664 428 quid
682 363 812 428 perducitur
828 363 857 416 ad

53 433 209 496 cognitionem
224 433 326 484 colorati,

84 505 125 554 hd·
132 504 260 554 secumdam
269 504 390 555 dimumm
396 543 405 569 ‚
416 504 478 569 quod
489 517 549 554 umes
558 505 652 569 angelus
660 507 736 570 potest
748 504 856 558 indecere

54 576 123 624 elium
146 575 296 626 adimerem
314 575 356 626 hei
372 589 413 640 per
435 577 528 626 modum
548 577 719 641 persuadentis,
740 581 766 628 ut
787 577 856 644 supri

54 646 139 696 dictum
159 649 195 696 est
209 646 248 710 (iu
261 660 325 711 corp.
335 648 356 709 l.

84 721 122 768 sd
133 717 225 771 tertium
235 718 369 782 dicendum,
379 719 440 784 quid
447 720 602 783 Philosophus
612 718 713 784 loquitur
720 722 748 774 de
756 721 857 788 appetitu

53 788 158 840 interiori
169 789 293 854 sensitiuo,
307 790 347 854 qui
360 794 435 856 potest
447 791 534 842 moueri
549 790 562 842 i
576 791 687 856 superiori
703 791 856 854 intellectivo,

53 861 94 924 qui
114 859 216 924 pertinet
235 861 263 910 ad
285 861 388 912 eamdem
409 866 511 912 usturam
534 863 630 928 auimae3
647 865 670 912 et
690 862 743 926 quia
762 861 858 913 interior

54 932 214 1054 appetitubsetest
222 931 297 983 virtus
304 933 333 988 iu
343 944 429 997 orguuo
442 933 563 997 corporali.
574 933 639 993 Quod
649 932 674 982 ir
684 933 771 997 angelis
781 933 856 984 locem

53 1016 99 1054 riou
114 1005 145 1054 lia
186 1039 193 1052 .

190 1099 194 1102 ⁴
344 1085 505 1135 indictitiis
518 1083 558 1134 lll.

94 1191 181 1236 (lirim
191 1177 409 1248 sustinuisses-ior
421 1193 567 1254 superiorem
580 1192 721 1239 dissuetum
729 1191 813 1250 possit.

82 1300 117 1349 hd
132 1299 226 1350 tertium
239 1299 272 1349 sic
282 1299 413 1363 proceditur
421 1299 465 1366 (t).
475 1301 569 1352 Videtur
582 1300 642 1365 quid
656 1299 750 1364 augelus
761 1298 855 1349 interior

52 1371 193 1435 superiorem
217 1369 344 1422 illuminare
360 1372 440 1436 possit.
465 1373 624 1424 Ecclesiastico
644 1373 704 1422 enim
722 1369 856 1432 'hierarchia

53 1443 155 1493 derivate
171 1441 234 1492 esti
247 1441 346 1506 ooelesti,
361 1448 385 1493 et
396 1456 445 1493 eam
462 1447 606 1508 representet
623 1443 702 1493 :uude
716 1446 739 1492 et
758 1450 856 1506 superna

51 1515 194 1565 Hierusalem
205 1513 289 1563 dicitur
302 1518 316 1561 e
326 1517 398 1564 mater
407 1519 494 1575 uestra,
505 1531 518 1562 u
529 1513 646 1576 Gul.,1V.
659 1514 703 1564 Sed
714 1512 738 1564 in
752 1511 854 1564 Ecclesia

52 1586 120 1636 etiam
142 1583 274 1650 superiores
296 1584 452 1637 illuminentur
471 1587 499 1636 alr
521 1585 667 1637 interioribus
689 1587 713 1635 ei
730 1581 853 1647 dotentur,

53 1656 180 1707 secuudirm
193 1656 250 1706 illud
264 1656 378 1719 Apostoli,
387 1657 406 1706 l.
414 1657 494 1717 Cor„
507 1657 573 1707 lllV:
590 1673 604 1704 u
615 1655 711 1706 Potestis
720 1667 799 1705 omues
814 1667 855 1719 per

52 1729 154 1792 singulos
162 1728 310 1792 prophetare,
317 1730 343 1776 ut
353 1741 434 1778 omues
445 1727 546 1790 discent,
555 1731 578 1778 et
585 1741 665 1779 omnes
674 1728 829 1778 exhortentur.
840 1741 854 1772 »

51 1802 108 1862 Ergo
118 1803 143 1849 et
150 1799 176 1848 iu
185 1799 274 1848 scelesti
283 1798 413 1850 hierarchia
422 1799 550 1863 superiores
560 1799 588 1848 ab
602 1797 746 1850 interioribus
757 1799 854 1862 possunt

52 1870 182 1920 illuminari.

82 1947 105 1992 2.
120 1943 246 2003 Prmierea,
258 1941 381 1992 sicutordo
391 1939 540 2007 corporalium
550 1939 726 1991 substantiarum
740 1939 854 2003 dependet

51 2030 80 2066 ex
93 2016 134 2066 liei
147 2016 281 2077 voluntate,
293 2014 326 2064 ite
340 2016 363 2064 et
376 2014 431 2067 ordo
442 2013 619 2064 substantiarum
631 2011 790 2076 spiritualium.
800 2009 854 2069 Sed,

52 2087 110 2137 sicut
128 2087 216 2138 dictum
235 2089 271 2137 est
287 2086 344 2150 (qu.
365 2088 425 2148 los,
445 2088 487 2135 art
509 2091 523 2134 6
541 2089 564 2136 et
579 2085 624 2146 7),
638 2085 699 2134 Deus
719 2080 854 2146 quaudoque

51 2158 243 2223 praeterordiuem
253 2157 430 2214 substantiarum
437 2155 584 2221 corporalium
594 2154 707 2218 operatur.
716 2153 775 2216 Ergo
785 2151 854 2201 eiiam

52 2231 187 2294 quaudoque
205 2233 312 2292 operetur
327 2231 415 2292 preter·
431 2226 534 2278 ordinem
554 2225 705 2289 spiritualium
720 2221 855 2274 substautia-

51 2317 100 2352 rum
114 2341 121 2363 ,
134 2301 285 2352 illuminando
301 2299 421 2351 inferiores
439 2312 486 2349 neu
502 2311 544 2362 per
557 2295 645 2346 medios
664 2295 798 2359 superiores.
817 2293 855 2343 Sic

52 2388 104 2436 ergo
116 2373 239 2424 interiores
252 2371 374 2424 illuminati
384 2371 398 2422 i
407 2373 453 2422 lieo
464 2373 562 2433 possunt
575 2367 704 2432 superiores
715 2366 853 2418 illuminare.

82 2448 106 2496 ³.
127 2445 259 2507 Praeterea,
273 2457 334 2494 unus
355 2444 449 2507 augelus
472 2441 543 2491 elium
559 2439 672 2490 illumiret
695 2439 723 2488 ad
741 2451 809 2502 quem
828 2451 854 2488 se

52 2516 180 2578 conuertit,
191 2518 219 2565 ut
228 2513 298 2579 sepul
307 2514 392 2566 dictum
402 2517 438 2564 est
450 2513 500 2577 (art.
511 2512 546 2576 l).
558 2512 603 2562 Sed
618 2511 671 2560 cium
682 2509 854 2560 istaoouuersio

53 2586 80 2635 sit
96 2586 234 2650 uoluntario,
248 2588 326 2650 potest
334 2598 455 2648 supremus
466 2585 560 2646 augelus
569 2581 707 2632 edidimum
721 2593 746 2630 se
758 2593 859 2631 couver-

51 2661 98 2708 tere
108 2657 193 2716 mediis
208 2655 377 2721 pretermissis.
393 2658 536 2719 Ergoputest
549 2653 613 2703 illum
628 2651 758 2703 immediate
771 2649 855 2700 ilumi-

52 2741 121 2793 uure3
141 2729 213 2781 etita
225 2731 303 2792 potest
320 2727 449 2777 illuminare
467 2727 603 2790 superiores.

87 2865 119 2926 tl)
131 2870 166 2914 lie
182 2868 220 2912 liis
233 2863 305 2912 etiam
317 2865 341 2909 iu
352 2865 375 2909 11
385 2896 392 2923 ‚
403 2863 482 2915 Sesti„
493 2863 552 2910 dist.
563 2862 588 2922 9,
600 2867 643 2908 est.
656 2861 684 2916 ἡ
699 2864 723 2906 et
733 2869 774 2916 epu.
786 2855 813 2912 9,
829 2853 857 2898 de

56 2929 132 2990 verte,
142 2934 187 2978 m.
199 2929 225 2974 8.
