1984 3309
127 296 213 345 sentire
225 297 310 345 motum
324 299 347 345 et
362 294 474 359 quietem,
489 300 525 347 est
538 298 701 361 quodammodo
715 296 800 348 sentire
821 311 899 348 unum
914 302 940 349 et

129 368 208 415 multa.
217 364 336 425 Quantitas
345 368 597 433 antemestproximum
607 368 735 431 subjeetum
744 368 865 430 qualitatis
879 372 944 421 alte-

128 437 221 500 ratione,
236 439 261 486 ut
271 438 400 501 superfluies
411 440 492 490 coloris
504 454 510 488 :
521 443 544 489 et
553 438 604 489 ideo
615 438 729 488 sensibilia
740 440 876 501 oommunia
887 454 938 491 non

129 512 223 557 mouent
235 520 329 557 sensnm
343 510 417 573 primo
427 513 451 560 et
461 521 502 572 per
516 510 694 572 seminatione
705 508 821 559 sensibilis
832 511 939 573 qualita-

129 578 171 637 tis,
179 582 205 626 ut
216 580 347 643 superficies
360 579 543 631 mtionecolouis.
553 582 599 631 Nee
609 584 687 631 tamen
702 583 754 632 sunt
764 582 890 632 sensibilia
900 597 945 646 per

130 643 304 713 eminensquia
312 651 441 713 hujusmodi
451 650 565 702 sensihilia
574 650 674 714 aliquam
686 650 843 701 diversitatem
851 654 947 703 iaciunt
981 692 982 695 ,

130 718 156 768 in
170 720 326 771 immutatione
341 734 439 772 sensns:
454 722 499 771 alio
514 721 574 771 euim
588 723 654 771 modo
668 722 800 773 immutatur
816 736 909 774 sensus
929 724 943 773 a
981 698 982 783 i

132 803 214 853 magna
224 791 344 855 supeulloie
355 792 400 842 eta
412 806 490 857 parva,
501 792 554 855 quia
565 794 633 842 etiam
645 792 694 857 ipsa
702 793 782 841 albedo
791 792 881 844 dieitur
895 810 946 845 ma·

132 874 178 923 gna
188 863 226 911 uel
236 875 315 927 parua.
326 864 355 913 ut
362 864 413 914 ideo
424 865 531 913 diuiditur
537 856 661 913 secundnm
671 862 786 927 proprium
795 865 944 929 subjectum.
981 860 982 921 i

165 933 199 983 hd
208 934 298 985 tertium
307 935 440 996 dicendum,
452 934 512 999 qnod
526 936 584 986 siout
593 936 744 999 Philosophus
758 935 853 985 iidemu
868 938 948 989 dicere
981 932 982 985 i

133 1002 157 1053 in
171 1005 200 1053 ll.
214 1007 345 1054 munima
363 1007 429 1069 (text.
441 1012 486 1056 106
500 1020 572 1071 usque
587 1007 614 1056 ad
629 1008 700 1069 lat),
714 1018 795 1056 sensns
810 1008 893 1059 taetus
912 1014 948 1058 est
981 1002 982 1069 1

133 1089 193 1125 unus
202 1089 299 1139 geuene,
310 1079 349 1127 sed
358 1079 467 1128 dividitur
475 1079 497 1127 in
510 1080 592 1129 mullos
605 1092 687 1129 sensus
698 1078 822 1128 secunditm
837 1082 946 1144 speciem

133 1146 176 1211 (et
187 1153 279 1211 pmpter
298 1151 390 1200 honest
408 1151 547 1200 diuersarum
567 1149 786 1212 ¹uont1·arietatum);
801 1150 844 1213 qui
866 1158 947 1203 tanum

133 1231 181 1267 non
191 1224 324 1282 separantur
335 1222 364 1270 ah
378 1221 476 1271 inuicem
491 1219 615 1271 seeundum
627 1232 749 1283 organum,
760 1222 799 1270 seul
810 1234 857 1285 per
869 1228 944 1275 totum

134 1301 217 1352 eorpus
226 1304 252 1340 se
260 1293 440 1343 concomitantur
451 1308 456 1341 z
467 1296 490 1341 et
499 1292 552 1341 ideo
561 1299 638 1341 eorum
648 1290 761 1341 distinctio
776 1300 822 1341 non
832 1298 946 1359 apparet.
981 1294 982 1339 ἶ

135 1359 221 1411 Gustus
232 1367 320 1422 antem,
335 1362 418 1426 quiest
432 1361 579 1427 pemeptivus
596 1360 667 1413 dulcis
681 1366 704 1411 et
721 1361 806 1423 amari,
821 1365 947 1417 oouoomi-
981 1382 982 1407 2

135 1434 197 1481 tatur
209 1437 293 1483 tactum
305 1434 431 1497 intingue,
445 1438 580 1483 nouantem
595 1446 636 1497 qen
646 1436 717 1483 totum
733 1446 813 1497 eomas
830 1449 836 1482 :
853 1440 880 1486 et
894 1437 946 1486 ideo
981 1434 982 1477 ff

136 1503 165 1551 tie
182 1504 242 1554 laoili
259 1505 348 1555 ltactu
361 1505 516 1569 distinguitur.
533 1508 613 1554 Posset
633 1507 707 1553 nmen
723 1503 768 1553 diui
781 1502 843 1567 qnhtl
863 1520 948 1556 omnes

137 1572 182 1624 illae
197 1577 375 1635 contrarietates,
386 1574 481 1638 singula
492 1576 630 1624 conueniunt
640 1575 663 1623 iu
675 1588 719 1624 uuo
729 1588 810 1638 genere
822 1579 943 1638 proximo,

137 1648 161 1693 et
172 1659 251 1696 omnes
266 1648 289 1696 iu
306 1660 352 1696 nno
365 1660 447 1709 genere
460 1646 588 1707 communi,
601 1646 660 1709 quod
673 1650 708 1695 est
723 1646 835 1709 objectum
850 1650 942 1709 taetus,
981 1648 982 1701 i

137 1716 261 1766 meandum
272 1718 381 1775 rationem
392 1729 535 1767 communem
545 1734 551 1780 3
565 1718 604 1767 sed
617 1717 676 1767 istud
688 1730 759 1779 genus
770 1728 897 1771 onnumune
908 1724 945 1771 est
981 1716 982 1781 i

138 1785 320 1845 innominatum
338 1788 398 1837 siout
416 1788 485 1837 etiam
504 1802 575 1852 genus
594 1788 721 1853 proximum
743 1787 809 1837 ualidi
824 1792 847 1838 et
863 1790 943 1855 frigidi
981 1784 982 1841 i

138 1862 175 1906 est
187 1857 362 1909 innominatum.
556 1862 557 1867 ’
981 1862 982 1901 ἶ

172 1930 205 1978 nu
213 1934 317 1992 quartum
325 1930 452 1993 dicentium,
462 1930 523 1994 quod
532 1934 711 1993 sensusgustus,
720 1928 843 1980 manutium
855 1932 945 1983 dietum

141 2002 272 2066 Philosophi
285 2003 325 2052 lih.
341 2003 369 2052 ΙΙ,
384 2004 425 2051 De·
438 2004 534 2065 animo,
552 2006 621 2058 ttext.
636 2006 665 2069 28
676 2010 700 2051 et
713 2002 757 2065 et)
769 2040 775 2063 ‚
788 2005 822 2051 est
836 2006 944 2066 quaedam
981 2006 982 2073 ξ

141 2073 231 2135 speeies
243 2077 332 2133 mous,
344 2088 395 2137 quae
411 2075 482 2123 estin
499 2074 577 2137 lingua
589 2077 689 2126 tautum*
702 2072 752 2122 Nou
766 2078 842 2123 autem
855 2076 943 2126 ‹listin-
981 2078 982 2133 j

142 2143 242 2207 guitura
257 2149 318 2195 motu
327 2147 351 2195 in
364 2158 445 2209 genere
454 2184 460 2205 ,
470 2146 511 2195 sed
525 2144 538 2195 a
551 2147 611 2193 taetu
623 2147 731 2207 qnantum
742 2144 769 2192 att
780 2144 836 2193 alias·
849 2147 944 2210 speeies
981 2168 982 2181 ι

140 2228 193 2277 qua
212 2230 253 2279 per
269 2220 342 2266 totum
358 2230 439 2280 eorpus
455 2214 619 2265 diffunduntur.
636 2215 662 2263 Si
676 2214 731 2265 uero
750 2217 824 2263 tactus
839 2216 870 2265 sit
886 2230 946 2267 unus
981 2222 982 2273 ξ

142 2298 224 2335 sensus
240 2290 342 2350 tautum,
355 2292 447 2351 propter
465 2299 534 2335 unam
555 2286 664 2335 rationem
681 2296 823 2335 communem
839 2288 944 2353 objecti;
981 2348 982 2351 Ἴ

142 2356 261 2405 dicendum
271 2356 315 2406 erit
328 2356 387 2420 quod
399 2354 523 2407 seeundum
533 2356 641 2405 rationem
652 2356 761 2405 diversam
774 2356 943 2410 immutationis
981 2380 982 2383 ¹

143 2428 288 2489 distinguitur
299 2432 378 2491 gustus
390 2428 482 2479 ituetu.
494 2428 551 2477 Nam
560 2431 635 2476 taetus
647 2426 777 2477 immutatur
788 2431 890 2481 naturali
901 2432 944 2480 im·

144 2497 277 2561 mutatione,
287 2502 311 2549 et
318 2512 363 2548 non
373 2500 444 2549 solnm
456 2498 581 2564 spirituali,
590 2500 697 2561 qnantum
709 2500 737 2548 ad
746 2512 855 2561 organum
865 2515 942 2563 suum,
981 2500 982 2553 i

145 2569 269 2618 seeundum
282 2570 411 2633 qualitatem
430 2564 616 2635 quae'ei'pruptil
634 2566 747 2631 objicitur.
765 2570 849 2619 Gustus
867 2577 944 2622 nutem
981 2580 982 2633 j

145 2652 252 2702 organum
269 2654 313 2689 non
332 2640 462 2690 immutatur
476 2641 504 2689 de
523 2637 657 2689 necessitate
674 2634 770 2689 naturali
787 2640 945 2693 immutatione
981 2640 982 2659 ³

145 2711 268 2761 secundum
276 2710 406 2774 qualitatem
417 2726 467 2775 que
477 2713 496 2761 ei
504 2708 597 2775 proprie
609 2708 722 2773 objicitur,
732 2714 757 2759 ut
769 2712 856 2761 scilieet
865 2713 942 2776 lingua
981 2708 982 2757 ἶ

146 2782 184 2831 ilat
198 2782 285 2845 duleis,
295 2782 332 2831 uel
344 2795 434 2846 amara;
450 2784 490 2833 sed
503 2779 626 2833 seeundum
638 2780 796 2843 praeambulam
813 2786 942 2847 qualitatem

132 2852 171 2901 iu
190 2867 235 2917 qua
253 2854 360 2903 innuatur
377 2866 457 2919 sapon,
473 2854 560 2905 scilieet
581 2851 704 2903 secundina
719 2856 837 2904 humorem
857 2856 898 2921 qui
911 2852 945 2905 est
981 2920 982 2923 Ἴ

147 2926 260 2989 objectum
272 2928 354 2976 taetus.

128 212 176 257 loa
307 220 368 257 nans
384 222 405 270 1,
422 220 514 266 quasa.
531 222 622 259 saxum
628 245 636 271 ,
653 202 714 259 aaa.¹
725 220 761 258 ιιι.
