1984 3309
141 98 187 144 till
336 105 395 142 cias
411 107 434 154 r,
450 105 544 150 oussr.
559 103 632 152 min,
645 103 701 142 sur.
718 105 744 142 r.

138 184 230 236 ordines
249 182 405 234 nominantur.
423 182 518 232 Intim-
532 185 608 231 anim
627 183 760 246 angelornm
779 183 834 233 ord'o
853 181 942 232 nullam

138 255 296 307 excellentiam
306 266 375 317 snpra
385 266 529 304 communem
539 252 749 303 manifestationem
761 254 840 317 addil3
849 257 874 304 et
889 253 938 303 ideo

139 327 153 378 i
169 325 266 390 simplici
277 325 461 376 manifestatione
474 325 604 376 nominetur
622 328 664 375 :et
676 324 710 375 sic
722 337 807 376 nomen
819 335 940 376 commune

138 402 240 450 remanet
251 398 330 447 intimo
344 397 419 447 ordini
427 396 496 461 quasi
508 397 640 460 proprium,
654 401 680 446 nl
693 395 749 446 dicit
760 396 897 462 Dionysius,
911 399 938 446 ll.

138 484 190 533 cap.
212 469 307 520 coelest.
328 468 454 518 iteraret.
475 469 518 518 llel
538 472 614 532 potest
630 467 675 518 diei
694 465 756 531 qued
773 469 868 519 iniimus
887 471 940 520 ordo

139 540 265 606 specialiter
277 543 354 605 potest
365 540 411 590 clici
421 541 478 591 ordo
490 540 642 604 Angelorum,
660 539 714 604 qnia
726 539 860 590 immediate
875 543 940 591 notis

139 612 283 662 annuntiant.
298 613 388 661 Virtus
396 616 472 661 antem
482 611 605 675 dupliciter
620 611 692 675 accipi
704 613 791 675 potest.
809 613 861 663 llno
874 615 939 662 modo

139 684 300 748 committite,
320 682 447 734 secuntum
464 682 525 748 quot
547 687 584 734 est
599 683 673 734 menis
691 683 752 733 inter
766 683 898 735 mentieris
920 691 940 734 el

139 755 308 820 operationem
319 760 344 806 et
355 755 390 805 sie
406 767 487 805 omnes
501 755 603 804 caelestes
621 754 715 819 spiritns
727 755 881 806 nominantur
899 771 940 806 eso

140 829 213 878 lrsles
223 831 348 888 virtutes,
356 827 416 877 sicul
427 830 450 878 et
460 828 566 880 scelestes
577 827 692 878 essentia.
704 826 755 876 ilio
764 829 833 877 modo
839 863 848 891 ,
858 841 937 880 secum

140 899 195 950 diurn
205 901 266 965 quot
277 901 384 964 importet
397 899 517 962 quemdam
529 912 647 950 excessum
660 898 814 962 lortitmlinis3
825 905 850 950 el
862 901 899 950 sic
908 905 938 950 est

140 973 256 1036 proprium
265 985 350 1022 nornen
357 972 451 1023 ordinis.
462 972 527 1022 llnde
538 971 660 1036 ltionpsins
669 972 733 1034 dicit,
743 972 809 1024 Vlll.
816 981 870 1036 cap.
881 973 938 1022 cml.

141 1046 275 1104 torosuli„
287 1042 347 1108 quoe
360 1057 466 1095 «nomen
475 1044 588 1094 Virtutum
599 1042 710 1106 significat
719 1043 842 1106 qnamdam
852 1045 938 1095 virilem

142 1120 165 1166 et
182 1115 338 1166 inconcussam
349 1114 517 1178 tortitudinem,
528 1114 602 1180 primii
616 1113 707 1178 quidem
724 1115 753 1164 ad
767 1127 851 1166 omnes
863 1129 940 1180 spera-

142 1187 216 1238 tiones
229 1186 360 1237 diuinaseis
368 1185 548 1250 convenientem
557 1185 657 1236 secmdd
665 1185 720 1238 reid
730 1187 758 1235 ari
766 1186 939 1251 suscipiendam

140 1258 234 1309 divina:
247 1263 271 1309 et
283 1259 315 1308 its
329 1259 442 1323 signifieat
453 1259 515 1322 qnod
529 1258 579 1308 sine
592 1258 667 1322 aliquo
681 1259 762 1309 fimens
775 1260 938 1322 aggrediuntur

56 1367 61 1372 -
141 1331 220 1382 diuina
232 1345 283 1395 qum
294 1332 322 1380 sd
335 1344 375 1381 eos
390 1331 517 1394 pertinent3
532 1345 546 1377 s
559 1331 621 1393 qnod
635 1329 726 1380 vident
741 1331 770 1380 ad
786 1329 940 1382 tortitudinem

141 1402 212 1453 animi
224 1402 347 1467 pertinere.

172 1475 206 1525 ild
225 1475 349 1524 smnndnm
362 1474 495 1535 dicendum,
510 1473 572 1538 quid
589 1473 647 1523 sicut
662 1472 717 1523 dicit
734 1472 875 1538 Dionysiae,
891 1477 938 1525 xll.

141 1561 192 1610 cap.
201 1547 299 1596 Dedin.
312 1547 425 1605 Nomio,
435 1563 450 1594 n
459 1546 584 1596 iominntio
593 1546 696 1598 landatur
706 1545 731 1594 in
739 1547 785 1596 lieo
794 1547 938 1610 singulariter

141 1633 183 1683 per
190 1619 311 1682 mmmdam
319 1631 447 1681 excessum,
455 1619 496 1668 sed
507 1632 548 1682 per
558 1616 754 1682 participationem
765 1618 844 1669 divina
854 1620 940 1684 eloquia

141 1695 225 1742 vocant
234 1689 404 1741 llominationes
411 1690 580 1755 principaliores
586 1687 692 1752 ordines,
702 1703 744 1753 per
753 1701 812 1752 quos
820 1689 939 1742 interiore:

143 1776 172 1812 ex
189 1761 254 1811 donis
271 1762 322 1825 ejus
335 1761 456 1826 acciplunt.
477 1761 569 1812 »Unde
584 1766 607 1811 el
625 1761 746 1825 Dionysius
766 1759 825 1810 dicit
840 1761 867 1812 in
880 1763 939 1811 vlll.

143 1846 195 1897 cap.
210 1833 304 1884 select.
319 1828 454 1895 discussic,
466 1833 528 1898 qnid
543 1851 558 1882 rr
570 1843 654 1884 nomen
667 1832 940 1900 dominationum-primi

143 1904 235 1970 quidem
252 1906 364 1971 significat
376 1909 497 1970 quamdam
510 1907 702 1970 libertatemque
716 1908 753 1956 est
766 1905 781 1954 i
792 1904 875 1955 seruili
889 1919 942 1955 con·

144 1978 232 2029 ditione
250 1981 273 2029 et
287 1979 386 2043 pedestri
404 1979 559 2043 subjectione3
575 1977 634 2028 sieut
654 1978 718 2042 pletis
735 1976 872 2042 subjicitur3
894 1975 942 2026 eti

145 2051 268 2116 tyrannica
278 2051 433 2115 oppressione,
447 2064 516 2115 quam
529 2051 643 2100 interilum
656 2050 725 2100 etiam
734 2050 838 2112 majores
851 2048 943 2112 petiun-

144 2127 188 2173 tur.
199 2122 305 2173 &eunde
315 2122 429 2185 significat
437 2122 558 2185 quamdam
566 2121 661 2183 rigidam
670 2123 695 2172 et
703 2119 854 2170 inflexibilem
864 2121 943 2184 gnber-

145 2195 339 2258 nationemque
352 2195 380 2244 ad
396 2195 482 2243 nullum
497 2193 603 2244 servilem
623 2196 699 2242 astrum
715 2191 854 2255 inclinatur,
870 2203 941 2254 nepte

144 2266 173 2314 sd
194 2266 293 2328 aliquem
308 2270 383 2315 actum
400 2266 555 2329 subjectorum
571 2265 607 2314 uel
625 2275 785 2328 oppressorum
800 2261 813 2312 i
831 2262 940 2327 tyrannis.

143 2336 219 2386 lentii
226 2337 338 2399 significat
347 2337 472 2401 oppetitum
479 2341 503 2388 et
512 2335 706 2400 participationem
717 2333 767 2384 ueri
777 2329 875 2384 dominil
885 2333 940 2397 quoii

144 2411 180 2458 est
189 2407 217 2456 in
232 2410 288 2458 lieo.
301 2425 315 2453 s
331 2410 360 2457 ltt
374 2408 478 2458 simililer
493 2421 578 2458 nomen
589 2407 714 2471 cnjnslibet
730 2400 817 2456 ordinis
828 2403 940 2468 significet

143 2479 340 2543 participationem
356 2481 407 2544 ejus
416 2481 475 2544 qnod
487 2484 524 2532 est
536 2479 559 2529 in
570 2481 631 2542 θεας
643 2480 795 2529 ssutnornen
807 2478 939 2526 l'r'rtsrtruu

144 2550 257 2614 significat
268 2551 462 2616 participationem
472 2552 556 2603 divine
566 2551 671 2610 virtutisp
683 2554 707 2600 et
720 2550 754 2600 sic
768 2551 798 2599 de
807 2549 869 2599 eliis.

172 2624 209 2671 >td
217 2623 310 2672 tertium
319 2622 449 2686 dicendum,
459 2623 521 2686 qnid
532 2635 616 2673 nomen
627 2621 816 2672 Dominolionis
825 2625 851 2670 et
863 2622 939 2668 Poies-

146 2695 208 2742 lotls
219 2698 243 2743 et
254 2693 418 2756 Proscipulds
430 2693 581 2744 diversimode
595 2696 622 2743 ml
636 2692 823 2756 prlmnationem
835 2690 940 2756 partinet:

146 2775 199 2812 narn
218 2761 304 2812 domim
319 2766 355 2811 est
372 2765 512 2814 solummodo
530 2764 653 2830 praecipere
672 2766 699 2814 de
718 2764 821 2826 agendis.
846 2765 874 2812 lit
893 2760 938 2809 ideo

145 2832 266 2897 Gregorius
278 2833 335 2883 dicit
344 2836 380 2897 (ut
390 2835 480 2899 sopri),
489 2835 552 2899 quod
562 2853 576 2885 n
585 2837 687 2900 predam
699 2835 830 2899 aepulemur
842 2833 937 2898 agmina.
