1984 3309
120 187 152 222 nr
165 185 206 224 nrs
219 185 275 231 oue
286 185 354 225 rm.
368 187 401 225 an
413 186 509 226 erasum
523 187 591 226 enum
605 186 706 226 somnis
712 211 721 238 ,
731 187 786 226 nne.
814 176 861 224 tte

48 263 139 314 fuisset
153 266 245 328 propter
258 263 313 313 dno.
327 263 417 327 Prtmd,
432 265 568 330 quinimmo
582 264 715 316 naturaliter
728 267 764 315 est
777 264 862 316 animal

52 333 149 385 sociale.
162 336 227 385 llnde
238 333 345 386 homines
356 336 381 386 in
390 340 451 386 statu
460 335 599 388 innocentiae
611 336 727 387 socialiter
740 335 862 386 vixissent.

50 406 153 457 Socialis
168 411 245 458 annm
255 407 303 457 vita
316 409 437 458 mrdtorum
447 422 498 460 esse
513 423 559 460 non
569 412 646 473 posset
656 407 701 458 nisi
712 407 795 472 aliquis
806 421 863 471 prae·

50 477 153 542 siderei,
170 479 210 542 qui
225 480 255 529 ed
270 479 358 530 bonnm
370 493 491 532 commune
504 481 640 531 intenderet.
655 481 719 530 llulti
733 483 809 530 autem
822 491 865 544 per

51 562 80 599 se
90 549 216 600 intendunt
229 551 258 600 ad
269 551 356 614 multa,
371 552 492 604 nnusuerd
507 557 534 602 ad
549 567 629 602 unum.
644 553 674 602 nt
690 551 741 602 ideo
755 549 865 600 Philoso-

50 622 114 682 phus
124 620 183 671 dicit
191 622 216 671 in
226 621 340 687 principio
350 622 444 680 Potio,
454 625 636 688 quandocunque
646 623 718 673 multa
731 621 864 673 ordinantur

50 693 82 740 ad
99 706 189 749 unum,
202 705 294 756 semper
314 694 431 745 inuenitur
450 710 522 746 unnnr
535 700 561 744 ut
578 695 705 760 principale
718 697 740 745 et
755 692 863 756 dirigens.

50 763 171 826 Secundo,
180 764 234 827 qnia
242 765 331 815 siunns
339 767 409 817 homo
419 768 537 818 habuisset
547 781 615 831 supra
625 767 682 816 alios
689 764 864 829 supereminen-

51 835 108 885 tiam
120 836 225 887 seientiae
242 838 266 886 et
280 837 392 900 justitie,
407 838 572 890 inconveniens
587 837 682 899 luisset,
698 837 743 887 nisi
757 839 799 888 lroc
811 849 865 886 ere·

52 911 164 969 qneretur
174 908 198 958 in
208 907 333 958 utilitatem
343 907 747 973 aliorum,secundi1mquoddicitur,
756 907 775 956 l.
784 909 862 962 Petra,

53 979 86 1026 lv
99 995 105 1027 :
117 980 300 1045 «Unusquisque
315 980 410 1044 gratiam
419 1019 426 1043 ,
434 995 502 1046 quarn
517 981 614 1045 accipit,
625 980 649 1029 in
658 979 793 1029 alterutrum
802 978 864 1028 illam
888 979 893 988 ’

54 1049 277 1101 administrantes.»
289 1054 354 1104 Unde
365 1056 504 1116 Augustinus
512 1053 575 1115 dicit,
587 1053 647 1102 lllll.
659 1051 696 1100 Dc
707 1051 786 1100 Cior't.
801 1051 862 1103 Dei,

54 1135 108 1185 cap.
127 1126 165 1188 tt,
180 1123 243 1187 qnod
252 1142 266 1171 «
275 1125 336 1189 justi
349 1139 395 1175 non
407 1125 538 1176 dominandi
553 1123 678 1189 cupiditate
691 1123 814 1186 imperant,
824 1122 864 1170 sed

53 1192 132 1245 officio
141 1196 286 1246 consulendi.
298 1213 313 1243 »
327 1197 355 1246 Et
364 1210 415 1261 cap.
426 1202 456 1247 15
468 1214 474 1248 :
490 1215 505 1245 u
514 1197 562 1247 linc
573 1195 683 1246 naturalis
698 1195 753 1244 ordo
762 1191 866 1256 praescri·

53 1266 102 1331 irit3
117 1267 151 1317 ita
161 1268 352 1319 llenshominem
362 1270 496 1320 condidit.»

83 1341 114 1390 nt
124 1353 168 1405 per
176 1341 222 1391 hoc
232 1342 298 1404 patet
307 1341 427 1405 responsio
438 1343 466 1391 nd
475 1341 553 1394 omnia
563 1341 665 1403 objecta,
677 1351 728 1401 qnae
741 1335 867 1400 procedunt

53 1411 168 1476 deprimo
180 1413 249 1464 modo
262 1412 366 1464 dominii

307 1749 619 1820 construxerit.

53 1905 90 1950 De
104 1905 142 1950 tir
161 1915 217 1962 qum
234 1902 362 1960 pertimet
375 1901 407 1946 od
421 1903 512 1946 etatem
527 1900 608 1958 primi
627 1897 734 1942 domionis
750 1899 868 1952 quantum

87 1967 119 2014 od
131 1966 270 2012 individere·
288 1964 512 2013 commotionem,
526 1964 555 2008 irc
573 1966 679 2019 quotuor
693 1958 812 2004 certioretur
828 1956 869 2000 di·

86 2042 149 2074 otro.

87 2171 173 2220 Deinde
187 2167 381 2219 considerandum
394 2170 429 2217 cst
445 2167 473 2216 de
483 2166 520 2215 liis
533 2179 585 2229 qua
601 2163 719 2228 pertinent
735 2160 764 2208 ad
783 2160 868 2208 statum

54 2240 123 2305 primi
137 2239 243 2294 nominis
261 2237 390 2290 secundnm
405 2251 496 2301 corpus.
512 2238 541 2288 Et
555 2235 629 2301 primd
644 2235 754 2298 quantum
772 2231 798 2279 ad
815 2241 869 2278 eon·

53 2313 210 2366 servationem
227 2309 357 2374 individni3
372 2307 487 2372 secundo,
503 2311 612 2372 quantum
628 2306 656 2355 ad
671 2299 868 2354 conseruationem

55 2398 65 2432 s
97 2399 150 2436 cuer.

66 2398 150 2507 peCirca
160 2456 265 2520 primum
276 2457 411 2518 quaenuntur
425 2455 523 2517 quatuor
536 2467 542 2500 :
560 2452 586 2498 1ο
597 2447 676 2498 Utrium
688 2447 757 2496 homo
770 2442 869 2520 instato

55 2527 195 2579 innocentiae
220 2532 284 2578 esset
302 2524 451 2576 immortalis.
474 2529 502 2572 2⁰
523 2521 603 2572 Uirium
628 2520 691 2570 esset
714 2511 868 2592 impassrlnlrs.

56 2602 81 2646 3⁰
90 2599 170 2651 linium
182 2599 299 2662 indigeret
310 2597 379 2648 citis
393 2601 419 2646 4⁰
429 2593 508 2648 Utrum
524 2607 566 2658 per
580 2591 669 2654 lignum
679 2587 733 2638 uite
752 2585 869 2633 immorta-

56 2668 139 2724 litatem
154 2674 345 2736 consequeretur.
