1984 3309
156 189 203 241 iii
348 202 409 240 erne
425 203 446 253 r,
463 202 555 248 ounsr.
573 204 659 254 cxxvi,
677 202 733 243 nnn.
750 204 768 241 r.

157 279 196 343 qui
205 290 250 328 nou
261 281 337 341 potest
346 279 446 329 exerceri
457 292 499 344 per
508 292 617 343 orgnnum
632 280 747 345 corporale
756 318 763 343 ,
772 279 835 331 sicut
845 284 964 333 exercetur

156 349 223 399 risio.
236 350 280 399 Sed
297 350 321 399 in
340 350 434 401 materia
449 354 498 410 eet,
512 352 535 400 in
549 355 657 415 quantum
673 354 724 416 ipsa
737 351 813 403 anima
821 389 830 416 ,
848 353 917 418 cuijus
929 358 964 403 est

157 420 207 470 hec
220 420 306 477 mutue.
319 426 354 473 est
365 421 465 485 corporis
477 422 567 485 torma,
583 426 605 473 et
621 423 730 473 terminus
744 423 902 486 generationis
917 426 961 475 hu-

156 505 238 543 manu.
255 492 295 542 Sic
316 507 369 557 ergo
386 494 539 558 Philosophus
557 495 612 545 ‹licit
631 496 655 545 in
670 497 709 547 lii.
723 496 760 545 De
775 497 881 553 animo.
904 498 964 560 quod

156 561 284 615 intellectus
299 570 335 615 est
350 570 481 629 separatus,
495 565 548 629 quia
570 580 615 617 nou
629 570 665 617 eet
679 569 753 617 uirtus
766 567 866 632 alicujus
881 569 964 632 organi

158 636 287 699 corporalis.

189 708 218 757 iil
229 722 270 772 per
285 709 328 760 hoc
343 713 406 773 patet
421 708 540 773 responsio
552 710 579 758 ad
592 710 714 761 secundum
726 715 749 761 et
758 711 862 763 tertium.
874 712 965 765 scilicit

157 779 258 831 enimait
270 782 313 830 lroc
325 782 384 845 quod
398 782 466 830 homo
476 780 550 843 possit
564 780 689 843 intelligere
706 782 784 831 omnia
799 795 842 846 per
856 783 963 835 intellec-

159 856 223 915 tum,
237 855 262 901 ct
272 853 304 901 al
316 854 358 902 troc
374 852 435 916 quoti
449 851 575 901 intellectus
590 852 701 915 intelligat
710 852 785 903 omnia
801 854 964 907 immaterialia

157 929 181 976 et
193 924 345 981 universalia,
357 926 416 988 quod
428 923 501 973 uirtus
517 923 655 973 intellectiva
665 938 709 973 nou
719 928 755 975 cst
770 927 873 990 corporis
888 932 963 979 actus.

189 996 345 1059 inquantum
365 996 483 1046 dicendum
505 999 554 1058 est,
567 995 628 1059 quta
646 998 743 1053 humana
763 996 839 1047 anima
860 1013 908 1051 non
928 1008 966 1050 cst

112 1078 115 1084 ·
157 1065 229 1117 torum
243 1067 266 1115 iu
281 1066 375 1116 materie
391 1066 501 1130 mrporali
514 1066 634 1129 immersa,
649 1066 685 1117 vel
699 1067 727 1117 ab
742 1080 769 1117 eo
782 1068 887 1121 totaliter
904 1084 966 1121 com·

157 1140 282 1201 prehensa,
298 1141 391 1201 propter
405 1150 470 1186 suem
482 1138 653 1200 perlectionem.
670 1140 697 1187 Et
718 1138 768 1189 ideo
784 1139 843 1189 nihii
857 1143 965 1205 prohibet

158 1210 255 1272 aliquam
265 1210 316 1273 ejus
324 1210 430 1259 uirtutem
439 1222 486 1258 non
495 1222 546 1259 esse
557 1210 657 1273 corporis
668 1214 742 1259 actum
750 1227 756 1273 ;
765 1212 874 1273 quamvis
886 1215 964 1265 anima

158 1282 281 1331 secundum
299 1294 362 1331 sunm
380 1280 501 1331 essentiam
519 1280 548 1330 sit
559 1283 661 1344 corporis
677 1281 757 1333 forma.

189 1352 223 1402 mi
239 1351 343 1415 quintum
359 1352 493 1410 dicendum,
509 1350 568 1415 quod
586 1352 660 1402 anima
677 1353 730 1403 illuct
741 1367 791 1403 ecoe
802 1353 828 1403 in
843 1369 893 1419 quo
910 1360 964 1409 nulr-

158 1424 218 1476 sistit
232 1426 284 1488 (t),
299 1424 448 1475 communicat
466 1422 566 1474 matmiae
585 1424 712 1488 corporali,
727 1438 756 1475 ex
775 1438 820 1488 qua
843 1431 868 1477 et
889 1432 965 1481 animo

157 1495 295 1546 intellectiva
308 1495 333 1545 tit
346 1509 417 1545 unum
431 1496 480 1545 :ita
494 1497 553 1559 quod
565 1496 618 1546 iliud
634 1496 756 1559 essequod
768 1497 889 1550 esttotius
905 1516 966 1553 com·

157 1566 240 1631 positi,
250 1570 285 1617 ent
295 1566 362 1615 etium
372 1566 443 1629 ipsius
456 1566 545 1617 urimo.
557 1566 621 1625 Quod
631 1580 677 1617 non
692 1568 774 1617 occilit
783 1568 807 1616 in
820 1568 875 1621 aliis
884 1571 967 1623 formis

158 1652 208 1702 queo
229 1652 275 1689 non
295 1641 348 1687 sunt
369 1638 528 1699 subsistentes.
549 1638 579 1689 Et
594 1642 685 1703 propter
705 1639 747 1689 hoc
764 1638 841 1691 anima
863 1642 967 1695 humana

159 1713 259 1760 remanet
268 1709 292 1759 in
302 1722 343 1758 suo
353 1723 417 1768 ecoe,
428 1708 543 1759 destructo
555 1723 655 1775 corpore,
667 1714 798 1761 nouantem
810 1710 863 1762 alim
875 1714 966 1768 forme.

191 1783 225 1832 td
246 1785 335 1831 sentum
349 1782 489 1844 dicendum,
505 1781 565 1845 quod
582 1785 704 1834 secundum
721 1797 745 1835 se
756 1784 866 1834 convenit
881 1789 967 1839 anime

159 1854 248 1917 corpori
263 1852 336 1913 uniri,
350 1852 408 1903 sicut
427 1854 549 1904 secondum
569 1866 594 1904 ee
612 1856 720 1907 conuenit
737 1854 826 1919 corpori
842 1855 898 1909 leri·
917 1875 968 1911 esse

159 1939 256 1976 aureum.
271 1926 301 1974 Et
318 1925 378 1975 sicut
391 1938 472 1990 corpus
485 1927 536 1976 leve
547 1930 623 1976 manat
639 1926 729 1989 quidem
739 1926 799 1989 leve,
814 1924 870 1979 cum
886 1928 902 1980 it
918 1933 968 1981 loco

159 1997 249 2062 proprio
258 1996 328 2048 tuerit
337 2002 464 2061 separatum
473 2034 481 2058 ,
490 2012 542 2047 cum
553 1998 678 2063 aptitudine
688 2002 763 2049 tumen
775 2002 798 2049 et
811 1998 966 2057 inclinatione

160 2071 189 2121 ad
203 2069 319 2135 proprium
337 2070 409 2120 locum
425 2090 432 2128 ς
449 2070 481 2119 ita
496 2068 571 2119 antina
588 2072 686 2120 humana
705 2074 781 2121 manet
793 2070 818 2119 in
833 2085 879 2123 sno
897 2091 966 2141 eree,

159 2140 211 2192 cim
224 2142 292 2192 tuerit
304 2141 420 2205 tcorpore
430 2145 549 2207 separata,
563 2143 650 2192 habens
660 2141 810 2207 aptitudinem
824 2145 848 2193 et
863 2144 967 2199 inclina-

159 2214 246 2265 tionem
259 2215 383 2265 naturalem
400 2214 428 2264 atl
439 2214 540 2278 corporis
552 2213 666 2265 unionem.

194 2358 224 2421 (t)
241 2358 391 2407 subsistenti
404 2368 481 2406 tamon
494 2359 633 2417 incompleti
647 2366 672 2405 ut
683 2374 736 2419 pam
751 2373 855 2419 personne
872 2369 967 2412 tuntum

160 2424 265 2469 sednon
288 2422 402 2480 completi
418 2431 443 2468 ut
460 2436 573 2480 persono.
598 2425 657 2469 siout
676 2431 744 2469 unteu
766 2425 913 2481 explicatum
933 2438 968 2475 ese

161 2491 243 2542 quusi.
251 2486 291 2544 75,
298 2493 341 2531 nrt.
350 2487 374 2545 ἲ,
383 2487 434 2530 crim
442 2500 470 2530 er
477 2486 581 2542 professo
592 2491 732 2543 quaereretur
741 2500 769 2531 un
781 2484 810 2531 sit
818 2487 967 2537 subsistens.
