1984 3309
151 184 199 231 ιιι
323 189 385 231 anns
400 194 422 243 r,
437 191 529 237 onusr.
547 192 650 245 smne,
669 194 723 233 aar.
741 196 777 233 nr.

152 270 226 334 prima
244 269 376 334 corporalis.
395 270 442 320 Sed
462 270 556 321 materia
578 270 653 335 prima
670 275 705 323 cst
724 276 801 323 caeam
816 272 889 325 allen
906 273 943 323 sul

152 341 232 391 formis
242 342 270 392 ad
283 354 340 406 quas
349 345 386 392 est
395 342 420 393 in
434 343 544 408 potentia.
560 346 619 407 Ergo
631 344 702 395 unaltd
711 345 784 409 magis
798 346 874 397 anima
884 346 945 396 intel-

151 413 233 464 lectiva
253 418 289 464 est
301 418 377 466 creata
391 414 406 465 d
419 417 466 466 lleo
480 416 523 467 sub
538 416 662 481 speciems
672 416 859 479 intelligibilibus.
873 420 901 469 ru
918 419 946 467 sic

152 485 229 535 anima
245 485 351 550 intelligit
367 487 491 552 corporalia
505 502 545 553 pcr
556 488 645 553 species
659 488 702 539 sibi
713 490 846 540 naturaliter
857 490 944 541 inditas.

185 562 208 608 3.
225 561 353 623 preterea,
368 560 445 610 nulus
458 564 534 624 potest
551 574 630 611 nerum
650 561 805 625 respondere,
815 561 860 612 nisi
879 563 906 613 de
924 576 946 612 eo

153 632 214 694 quod
231 630 282 681 scit.
304 632 350 682 Sed
363 630 460 695 diquu,
478 631 549 681 eliam
564 631 647 696 idiota,
662 644 707 682 non
725 632 811 683 habeus
834 634 946 686 seientiam

153 702 288 767 acquisitam
295 742 302 765 ,
309 704 431 767 respondet
440 716 520 754 rorum
531 705 560 755 de
569 704 673 767 singulis,
684 705 704 754 si
712 708 790 756 tamen
801 706 905 758 ordinate
916 707 946 756 in-

154 778 289 839 terrogetur3
298 776 324 825 ut
333 779 437 825 narratur
447 774 471 825 in
481 776 576 827 ldenone
587 776 688 827 Platonis
699 776 727 827 da
736 778 834 840 quodam
841 778 887 843 (1).
897 782 948 841 Ergo

154 850 276 910 numquam
285 847 369 911 adnuis
379 847 481 911 acquirat
489 848 617 913 scientiam,
628 848 696 899 hahet
705 862 780 899 rernm
789 852 947 915 cognitionem,

154 919 215 983 qood
228 932 275 970 non
288 922 359 980 esset,
373 919 419 969 nisi
432 920 509 969 anima
518 921 613 971 haberet
622 921 710 984 species
720 921 854 972 naturaliter
863 922 948 973 inditas.

155 990 265 1053 Intelligit
281 990 351 1053 igitur
372 990 448 1041 anima
465 1005 503 1043 res
519 1005 639 1057 corporeas
658 1004 698 1057 per
715 990 804 1057 species
822 994 950 1045 naturaliter

156 1063 249 1113 inditas.

187 1136 234 1185 Sed
248 1137 329 1185 contra
337 1138 385 1199 est,
403 1136 463 1199 quod
474 1134 628 1205 Philosophus
643 1134 698 1185 dicit
715 1135 740 1185 in
756 1137 794 1187 lll.
817 1138 858 1187 De
872 1139 951 1187 ocima

158 1207 230 1270 (text.
245 1206 303 1270 ιι),
320 1208 349 1257 de
364 1206 481 1258 intellectu
493 1207 601 1271 loquens,
612 1208 677 1273 qnod
690 1212 725 1258 est
739 1206 823 1258 «sicud
834 1210 920 1271 ιιιιιιε,
931 1209 951 1258 in

157 1292 203 1341 qua
215 1278 273 1328 nihil
286 1283 321 1330 est
333 1279 454 1344 scriptum.
470 1295 485 1326 c

190 1353 348 1412 (Connnusro.
365 1378 396 1389 —
410 1351 560 1403 dalmaciam
577 1352 607 1403 sit
622 1355 758 1419 quandoque
775 1368 916 1417 cognosceus
933 1354 953 1403 in

157 1424 259 1487 puertia
278 1424 383 1485 mutum,
396 1424 461 1475 adid
474 1424 533 1489 quod
549 1428 629 1489 postea
639 1429 692 1477 actu
702 1425 837 1489 cognoscit,
853 1426 952 1491 impossi-

158 1495 203 1545 nile
217 1499 252 1546 est
264 1508 316 1547 earn
326 1509 460 1560 cognoscere
476 1495 653 1561 corporaliaper
668 1495 755 1562 speeies
773 1499 912 1551 naturaliter
925 1499 954 1549 in·

158 1566 241 1631 ditas.)

190 1638 325 1701 Respondeo
333 1637 470 1701 dicendum,
480 1638 541 1703 quod
552 1639 603 1691 edm
613 1641 685 1691 lorma
696 1640 726 1691 sit
737 1640 881 1705 principium
892 1643 954 1693 actio-

159 1709 208 1772 nis,
224 1712 328 1773 oportet,
343 1713 412 1760 uteo
424 1711 491 1762 modo
506 1725 530 1761 se
543 1712 626 1762 habeat
639 1712 725 1776 aliquid
740 1712 769 1765 ad
789 1713 889 1765 formam
911 1726 955 1777 que

160 1785 196 1833 est
210 1780 307 1831 actionis
317 1780 467 1845 principium,
477 1797 523 1846 quo
531 1797 555 1834 se
566 1784 637 1834 habet
652 1785 681 1833 ad
692 1783 805 1835 actionem
813 1784 894 1850 illam3
906 1787 957 1836 siout

160 1853 181 1905 si
195 1852 282 1903 moveri
294 1867 384 1904 sursum
398 1858 434 1905 est
452 1868 482 1906 ει
493 1856 602 1918 levitate,
615 1860 721 1921 oportet,
736 1856 796 1920 codd
814 1857 840 1907 iu
861 1857 957 1923 potentia

159 1924 250 1975 tantiam
257 1938 347 1975 sursamr
359 1926 558 1991 lertur‚.osscleve
570 1928 644 1979 soldm
654 1928 679 1979 in
687 1927 804 1992 potentia;
815 1932 879 1993 quod
889 1934 957 1980 auten
980 1972 981 1999 p

160 2000 214 2049 acln
229 1997 418 2062 summissius,
435 2012 484 2050 esso
498 2001 550 2051 lere
567 2000 592 2051 in
606 2004 666 2051 actu.
688 2000 796 2051 Videmus
810 2004 890 2053 autem
904 2000 958 2065 quod
980 2000 981 2007 ’

161 2071 230 2122 homo
243 2073 279 2119 est
292 2070 427 2134 quamoqne
440 2082 580 2134 cognoscens
593 2072 619 2121 iu
627 2072 732 2136 potentia
747 2069 835 2120 tautdrn
845 2110 855 2135 ,
870 2072 917 2123 idm
928 2084 958 2121 se-

161 2142 262 2193 cnudnm
275 2154 385 2205 sensum,
398 2140 467 2206 qnam
481 2144 607 2193 meandum
619 2142 778 2205 intellectum,
789 2146 815 2193 ct
827 2144 857 2195 de
871 2144 912 2195 toli
924 2157 959 2208 po·

161 2214 235 2265 tentia
248 2214 273 2264 iu
292 2218 368 2264 actum
381 2212 513 2279 reducitdr3
529 2220 554 2266 ut
570 2215 653 2266 sentiat
666 2215 773 2279 quidem,
788 2227 830 2278 pter
850 2216 958 2267 actionem
980 2212 981 2279 l

161 2286 305 2339 sensibilium
316 2287 341 2340 io
357 2300 464 2351 sensnm3
479 2290 506 2337 ut
518 2287 631 2351 intelligat
644 2290 735 2348 autem,
750 2298 791 2351 per
802 2286 958 2351 disciplinam,
980 2282 981 2353 l

162 2365 203 2412 ant
213 2357 378 2411 inventionem.
386 2360 451 2410 Unde
462 2362 552 2424 oportet
561 2359 644 2424 dicere,
653 2357 713 2423 quod
723 2357 799 2408 anima
810 2358 959 2423 cognoscitur

163 2432 194 2485 sit
205 2434 230 2483 in
241 2432 346 2499 potentia
358 2430 406 2481 ιιιιι
423 2432 452 2481 ad
465 2429 624 2483 similitudines
642 2445 692 2497 que
711 2433 764 2480 sunt
782 2429 897 2494 principia
914 2442 960 2479 sen·
980 2434 981 2483 ἐ

162 2506 246 2570 tieudi,
260 2504 328 2569 qnam
343 2504 372 2554 ad
384 2504 604 2568 similitudinesque
618 2508 670 2556 sunt
682 2502 794 2569 principia
809 2501 959 2567 intelligendi.
980 2496 981 2525 ³

164 2581 195 2631 Et
211 2578 360 2643 propterhoc
373 2576 504 2629 Aristoteles
514 2577 590 2642 posuit
597 2614 605 2640 ,
617 2576 677 2641 qnod
689 2576 819 2627 intellectus
830 2589 878 2639 quo
891 2571 960 2625 anina
980 2576 981 2601 ³

164 2650 282 2713 intelligit,
297 2650 427 2699 nonhabet
444 2648 532 2714 aequas
550 2648 639 2713 species
662 2645 793 2698 naturaliter
812 2645 912 2709 inditas,
926 2641 961 2692 sad
980 2672 981 2675 =

165 2725 200 2775 est
211 2722 235 2772 in
248 2720 361 2788 principio
373 2724 399 2771 in
417 2721 520 2786 potentia
534 2722 561 2771 ad
575 2720 705 2783 hujaasmndi
718 2718 806 2783 specics
818 2730 908 2769 omues.
922 2712 962 2763 Sed

200 2860 231 2924 (l)
245 2864 318 2908 Puero
330 2871 415 2919 nempe
428 2873 497 2917 quem
517 2861 641 2905 suenone
657 2860 702 2905 sibi
718 2859 821 2905 oblatum
840 2854 963 2910 interrogat

167 2929 288 2985 socrates,
302 2927 332 2971 ab
343 2938 417 2983 eoque
429 2936 541 2981 responsa
555 2920 626 2971 reicit
639 2923 752 2969 ordinate.
