1984 3309
151 222 197 268 ιιι
328 231 388 266 rans
406 230 426 276 ι,
444 202 535 275 onnsr.
553 228 648 276 cxxxv,
666 228 720 265 arr.
739 228 776 265 ιιι.

151 304 257 368 bomine,
272 303 341 368 quani
356 306 479 368 distinguat
492 308 555 357 bunc
569 306 684 357 hominem
705 305 733 355 ab
746 304 791 355 alio
803 306 909 357 bomine.
934 308 963 358 Et

152 377 204 427 ideo
214 376 279 441 pueri
289 376 302 427 a
313 376 426 441 principio
436 380 552 442 appellant
564 392 643 427 omues
654 377 713 427 viros
723 380 830 441 patres,
846 379 965 442 posterius

152 453 229 499 autern
248 450 401 499 determinant
416 464 615 515 unumquemque,
630 453 655 499 ut
672 450 754 499 dieitur
771 450 797 499 in
817 450 837 499 1.
858 450 963 514 baysio.

152 523 180 571 Et
193 521 263 586 hujus
277 520 333 571 ratio
349 522 470 572 manifesta
484 526 519 572 est
534 538 539 571 :
554 520 606 585 quia
617 519 657 585 qui
673 520 716 571 scit
729 522 817 585 aliquid
835 522 947 573 distincte
955 561 963 587 ‚

153 594 227 643 adbuc
239 597 276 643 est
292 594 316 643 in
332 594 434 657 potentin
451 599 476 643 ut
491 595 549 643 sciat
562 593 713 647 distinctionis
729 588 886 659 principium
901 598 964 646 sicut

154 664 193 728 qni
203 665 247 715 scit.
254 679 341 729 genus,
351 671 385 715 est
395 665 419 715 in
429 666 530 729 potentia
540 670 565 715 ut
574 667 630 715 sciat
642 664 801 716 differentiani.
815 668 845 717 lst
854 667 889 717 sio
899 674 966 731 patet

153 736 214 800 qubd
227 737 325 801 cognito
338 737 472 787 indistincta
487 736 561 787 media
574 742 609 787 cst
622 736 682 785 inter
693 737 821 801 potentiam
840 743 865 789 et
876 746 965 789 actum.

154 810 196 859 Est
210 822 263 872 ergo
273 810 403 875 dicendum,
416 809 477 873 quod
486 808 586 872 cognitio
599 808 748 871 singularium
759 812 795 858 est
808 809 873 873 prior
888 812 967 875 quoad

154 893 210 942 nos,
218 880 287 944 quana
298 880 396 944 oo'gnitio
406 881 581 941 uniuersalium
592 882 652 930 sicut
661 880 760 943 cognitio
771 882 889 933 sensitiva
896 884 966 947 quant

155 952 255 1016 cognitio
265 952 412 1016 intellectiva.
428 954 472 1003 Sed
487 957 536 1005 um
548 950 671 1003 secundini
682 966 774 1001 sensum
790 952 966 1015 quamsecun-

155 1023 208 1074 diurn
221 1024 376 1089 intellectum,
386 1024 486 1088 cognitio
496 1022 569 1087 magis
579 1023 706 1073 eommunis
715 1026 750 1073 est
763 1024 913 1088 priusquam
926 1041 966 1077 oo-

155 1094 226 1159 gnitio
236 1095 312 1146 ininius
324 1097 459 1147 eommunis.
965 1104 975 1126 ⁸

187 1168 327 1233 ddprirnum
336 1181 390 1229 ergo
398 1168 528 1229 dicendum,
536 1166 598 1233 qubd
606 1166 747 1217 universale
754 1166 881 1230 dupliciter
889 1176 969 1235 potest

155 1239 300 1290 considerari.
315 1240 365 1289 llno
380 1240 447 1290 modo
458 1238 584 1289 secundini
595 1238 654 1303 qiubd
665 1244 744 1289 natura
757 1238 901 1293 universalis
914 1258 968 1293 con-

156 1310 265 1361 sideratur
274 1310 342 1361 simul
355 1325 407 1360 cunr
419 1311 546 1363 intentione
557 1310 742 1361 universalitatis.
758 1310 852 1361 Etcum
862 1312 968 1367 intentio

156 1382 333 1434 urriversalitatis
348 1382 385 1446 lut
403 1383 488 1433 scilieet
503 1398 573 1434 uuum
591 1386 614 1433 et
631 1382 692 1433 idem
706 1382 789 1431 lrabeat
803 1382 969 1436 habitudinem

157 1456 185 1505 ad
198 1454 411 1519 multalproveniat
429 1468 458 1503 ex
472 1455 622 1505 abstractione
635 1452 774 1515 intellectus,
794 1458 891 1517 oportet
909 1459 970 1523 quud

157 1526 281 1577 secundnm
294 1528 356 1576 bunc
373 1526 465 1575 modum
479 1526 619 1575 universale
633 1527 662 1575 sit
675 1524 787 1590 posterius
805 1541 810 1575 :
827 1528 895 1579 unde
913 1530 941 1579 in
954 1532 970 1579 l.

158 1597 195 1645 De
207 1600 294 1647 unr'mu
313 1595 445 1662 (leuitt),
459 1596 542 1647 dicitnr
559 1596 619 1661 qubd
634 1614 648 1647 u
659 1596 741 1646 amutal
761 1596 916 1662 uniuersale,
936 1607 971 1650 ant

158 1667 216 1718 nibil
229 1674 272 1730 est,
282 1673 323 1719 aut
333 1667 447 1731 posterius
460 1673 504 1718 est.
515 1685 529 1717 u
544 1668 587 1719 Sed
598 1668 722 1719 secundun
733 1668 865 1737 Platonem,
877 1673 923 1736 qui
932 1688 970 1733 no

158 1740 203 1789 suit
215 1738 352 1790 universalia
368 1738 532 1800 subsistentia,
547 1739 669 1791 secundiani
679 1741 740 1790 hanc
753 1741 968 1795 considerationem

158 1810 297 1860 uoluntate
311 1815 373 1860 esset
385 1808 460 1874 prius3
477 1811 530 1875 quia
544 1812 688 1875 particularia
702 1809 830 1861 secundini
848 1827 909 1865 euru
929 1831 971 1867 non

158 1885 211 1930 sunt
218 1920 226 1945 ‚
235 1882 328 1945 nisinen
336 1880 534 1947 participationem
543 1882 704 1945 uniuersalium
716 1882 909 1950 subsistentium,
923 1903 971 1951 que

160 1952 264 2005 dicuntur
275 1955 340 2005 idee.
353 1954 403 2003 dlio
414 1954 481 2003 modo
490 1956 565 2017 potest
572 1952 718 2013 considerari,
729 1958 842 2017 quantum
851 1958 881 2007 ad
896 1959 973 2024 ipsun

160 2022 264 2075 naturam
278 2024 364 2077 scilicet
378 2024 525 2076 animalitatis
539 2026 575 2075 uel
585 2026 750 2086 humanitatiS,
764 2031 834 2091 prout
847 2028 972 2081 invenitur

159 2096 183 2145 in
194 2097 374 2161 particularibus.
389 2098 418 2146 Et
430 2096 463 2146 sic
481 2096 603 2147 dicendum
622 2101 656 2147 est
673 2095 734 2161 qubd
750 2098 836 2161 duplex
854 2104 896 2151 est
918 2104 973 2153 ordo

159 2172 253 2234 nature.
268 2171 332 2220 Unus
352 2166 477 2220 secundina
493 2169 554 2222 viani
571 2168 726 2231 generationis
746 2173 769 2219 et
783 2170 918 2237 temporis,
941 2188 975 2223 se-

158 2241 256 2291 cundum
267 2257 334 2306 quiunt
344 2242 404 2293 viam
415 2255 441 2291 ea
452 2256 503 2304 qiua
512 2245 565 2291 sunt
576 2242 710 2304 imperfecta
719 2244 744 2293 et
754 2242 776 2290 in
787 2242 910 2305 polemio,
922 2251 974 2295 snut
990 2254 991 2297 l

159 2311 249 2375 priora3
262 2320 285 2363 et
299 2316 343 2365 boc
359 2314 425 2365 inodo
439 2312 512 2374 magis
523 2324 645 2361 commune
655 2317 691 2368 est
702 2314 766 2381 prius
783 2313 919 2366 secuudum
932 2331 972 2365 na*
990 2298 991 2371 i

161 2387 241 2433 turam.
255 2386 318 2445 Quod
332 2390 426 2449 apparet
436 2383 556 2435 nranileste
571 2384 595 2432 iu
606 2384 752 2447 generatione
764 2384 868 2437 bominis
884 2392 909 2438 et
925 2390 974 2439 ani·
990 2378 991 2425 i

161 2456 226 2505 malis
240 2472 245 2504 :
259 2470 311 2506 narn
325 2455 389 2519 pribs
402 2461 521 2519 generatur
534 2454 617 2505 animal
630 2454 790 2519 cultubono,
807 2458 833 2505 nt
846 2457 938 2509 dicitur
949 2463 972 2509 in

161 2528 201 2579 lib.
211 2529 250 2577 -De
259 2531 425 2591 ,oneratione
438 2527 605 2586 dodrantium.
618 2528 681 2586 Alius
695 2532 739 2579 est
748 2528 804 2577 ordo
820 2530 975 2592 perfectionis
990 2552 991 2593 ι

162 2598 209 2649 siue
219 2600 352 2650 intentionis
362 2604 462 2659 nature,
473 2599 533 2648 sicud
541 2601 606 2647 actus
616 2599 750 2663 simpliciter
759 2603 796 2649 est
810 2598 877 2663 prior
887 2617 972 2653 secun·
990 2596 991 2645 ζ

162 2669 216 2720 dbrn
228 2675 330 2720 naturam
341 2670 409 2734 quidm
418 2672 529 2733 udentia,
539 2673 562 2718 et
571 2669 698 2731 perlectum
712 2670 776 2733 prius
790 2670 863 2733 quim
881 2674 974 2738 imper-
990 2662 991 2727 ἶ

163 2743 255 2792 lectiam.
270 2744 298 2791 Et
312 2756 352 2806 per
364 2745 425 2791 bunc
436 2743 530 2791 modum
539 2737 616 2789 minbs
629 2754 747 2791 cominiano
766 2746 800 2791 est
811 2742 880 2807 prius
891 2761 974 2797 secun·
990 2764 991 2787 ι

164 2813 217 2863 dium
233 2818 355 2876 balmam,
370 2813 436 2876 quarn
452 2813 529 2879 anagn
549 2824 683 2876 conrnune,
699 2816 767 2863 borno
786 2814 856 2877 quam
876 2819 971 2867 animal.
990 2866 991 2869 ,

166 2886 256 2937 Naturae
271 2885 332 2935 enirn
347 2884 444 2935 intentio
456 2897 503 2933 rron
518 2880 578 2933 sistit
590 2881 614 2933 in
631 2886 776 2949 generatione
794 2886 922 2954 animalis,
934 2890 974 2941 sed
990 2920 991 2939 ι

164 2957 263 3007 intendit
276 2970 383 3019 generare
394 2956 519 3007 bominem.
