1984 3309
130 129 177 179 862
267 137 341 185 rum
356 136 483 184 munuum,
498 134 591 181 oumor.
606 132 681 182 urm,
696 132 756 175 nr.
771 134 798 173 r,

129 214 299 267 circumstantie
312 212 363 263 utrm
377 213 408 263 uit
420 211 540 275 recidens,
554 224 600 262 non
616 212 657 261 rtet
671 211 778 275 speeiem
790 212 862 263 imm
875 213 937 276 Ergo

129 290 192 366 aetus
203 286 297 337 numeni
309 297 355 335 non
368 283 477 337 differunt
490 283 568 347 speeie
581 287 675 347 propter
687 283 818 336 bonitatem
832 288 858 337 et
871 286 938 334 mati-
976 295 978 300 ·

130 360 203 479 haget
218 432 307 491 eontra,
319 426 443 477 secuntum
457 427 619 490 Philosophum
629 426 655 475 in
666 427 697 475 n.
705 426 809 485 nette,
822 402 839 476 u
851 428 937 477 similes

128 500 232 563 habitus,
249 498 333 549 similes
348 501 412 551 uetus
423 499 529 550 reddunt.
543 515 558 546 o
569 498 612 549 Sod
628 495 723 549 habitus
732 499 811 549 bonus
829 504 855 549 et
865 501 938 551 melus

111 572 234 637 ‚differunt
245 570 336 635 specie,
354 574 380 625 ut
396 569 520 623 liberalitas
536 574 561 621 ot
577 569 733 634 pungatur.
747 570 812 633 Ergo
833 576 936 623 otietur

127 644 200 693 honus
213 647 237 693 et
248 644 322 695 motus
337 642 445 695 differunt
457 642 542 707 speeie.
850 686 855 691 .

159 714 317 779 (Coumusro.
329 714 423 765 -Ctrm
434 716 499 765 aetus
510 713 611 777 speeiem
618 713 704 763 habeut
714 726 745 762 ex
753 713 860 777 objecto,
869 715 938 777 eujus

129 786 220 837 bonum
232 791 255 839 et
264 788 362 837 motum
374 786 503 837 differentia
516 789 580 847 sunt,
594 785 742 835 menifestum
753 784 900 835 nothonem
916 791 939 835 et
976 779 978 830 t

131 860 230 911 mutum
250 860 343 915 differre
356 859 459 923 speeie.)
976 899 978 910 ,

163 933 298 995 Respondeo
312 932 444 993 dicendum,
459 928 522 993 qnod
536 929 610 981 omnio
626 932 692 979 aetus
709 929 812 992 speeiem
825 930 898 981 hebet
911 945 938 980 er
976 925 978 944 '

133 1017 174 1053 ouo
192 1004 297 1067 objecto,
317 1003 376 1053 siout
390 1016 456 1066 supro
474 1002 559 1051 dietum
577 1004 612 1051 est
628 1001 687 1064 (qu.
700 1004 731 1062 1,
745 1006 789 1050 art
814 1001 859 1064 3).
877 1003 939 1051 Unde
976 947 978 1056 1

132 1076 221 1137 oportet
234 1076 293 1138 quod
305 1074 379 1137 aliqua
393 1073 521 1123 differentia
532 1072 617 1136 objecti
629 1071 698 1122 troiut
714 1072 877 1123 diversitatem
888 1089 939 1137 spe
976 1059 978 1158 i

132 1143 176 1194 ciet
196 1143 220 1193 irr
242 1145 337 1197 notibus.
351 1146 392 1197 Est
407 1149 484 1195 autom
502 1144 690 1195 considerandum
706 1146 770 1207 quod
782 1144 863 1209 aliqua
878 1146 940 1194 diffe-
976 1163 978 1208 Ι

133 1216 206 1267 remia
222 1216 307 1279 objecti
322 1216 378 1266 feeit
391 1216 542 1268 differentiam
554 1215 642 1279 speciei
653 1215 678 1264 iu
698 1216 789 1265 nefitus
812 1218 940 1267 seeundim

133 1290 191 1351 quod
206 1290 336 1340 reseruntur
354 1292 381 1340 ort
393 1303 463 1339 uuum
478 1288 616 1354 principium
629 1288 744 1351 activum,
754 1302 808 1352 qum
826 1302 876 1339 non
888 1289 940 1338 tacit

133 1359 285 1411 differentiam
307 1362 331 1410 in
352 1360 440 1411 notibus
461 1359 584 1411 seeundum
603 1360 663 1423 quod
677 1358 811 1409 reterrmtur
831 1361 862 1412 eei
879 1361 939 1409 atini
976 1379 978 1448 Ι

133 1430 270 1497 principium
283 1432 396 1495 retinnm3
409 1432 463 1495 quie
481 1430 539 1479 nituit
551 1430 612 1494 qnod
625 1433 661 1479 est
674 1442 719 1492 per
731 1429 839 1480 recidens
855 1430 939 1481 eonsti-
976 1453 978 1508 ἦ

133 1501 177 1551 tuit
186 1504 301 1567 speciem,
317 1504 357 1554 sed
369 1505 442 1554 solum
453 1504 513 1566 quod
528 1506 564 1553 est
576 1515 617 1567 por
631 1515 665 1552 so.
677 1503 756 1551 Potest
773 1506 854 1551 nutem
867 1503 940 1565 aliqua
976 1515 978 1570 j

133 1573 260 1624 ditierontie
270 1576 412 1640 objectiesse
422 1589 462 1639 per
470 1588 494 1625 se
507 1574 532 1623 in
540 1572 708 1638 comparatione
717 1573 747 1622 ml
757 1587 831 1623 unum
839 1574 940 1625 notimm
976 1581 978 1622 t

133 1645 281 1709 principium,
305 1650 328 1697 et
343 1661 383 1711 per
400 1648 506 1697 occidens
519 1646 542 1696 in
558 1644 728 1709 comparatione
745 1645 776 1694 ad
790 1645 871 1695 aliud:
885 1647 940 1695 siem

134 1729 269 1777 cognoscere
288 1719 387 1769 notorem
405 1722 428 1769 et
441 1732 522 1769 serrum
540 1730 582 1782 per
595 1730 620 1767 se
636 1715 747 1765 differunt
762 1728 807 1779 per
823 1730 940 1783 compera-

134 1786 218 1837 tionem
232 1789 261 1837 od
279 1803 389 1852 sensum,
403 1804 450 1840 non
465 1793 543 1841 autem
555 1803 596 1853 per
609 1787 806 1851 comparationem
823 1791 855 1840 ad
875 1790 940 1840 intet-

135 1860 227 1910 teotum.
239 1861 265 1910 In
281 1862 369 1912 actibus
382 1866 457 1912 eutem
472 1861 562 1911 oenum
576 1864 600 1910 et
613 1859 711 1909 molum
724 1859 811 1910 dieitur
823 1875 870 1925 per
883 1876 942 1912 com-

135 1932 276 1997 parationem
292 1933 320 1983 ed
336 1933 462 1996 rationem3
475 1934 529 1996 quie
542 1935 569 1982 ut
582 1929 702 1995 Dionysius
712 1930 768 1980 dicit
778 1932 821 1981 lv.
838 1934 878 1982 De
888 1935 940 1983 dr'u.

137 2006 251 2061 Nomio,
275 2005 393 2055 «bonum
416 2004 517 2055 hominis
535 2008 571 2055 est
591 2000 716 2054 secuntum
736 2002 854 2054 rationem
875 2019 939 2065 esse,

138 2077 222 2126 malum
241 2079 317 2127 autem
334 2078 395 2141 quod
419 2081 453 2127 est
470 2079 554 2140 praeter
567 2074 693 2137 rationem3
709 2089 723 2121 »
737 2074 867 2140 unicuique
884 2079 941 2127 enim
976 2105 978 2148 p

137 2148 172 2197 rei
185 2151 221 2197 est
237 2148 322 2199 bonum
334 2148 394 2212 quod
409 2147 518 2198 convenit
530 2148 554 2197 ei
572 2144 698 2197 semodium
717 2158 784 2196 snam
797 2148 910 2209 formem,
922 2155 941 2197 et
976 2165 978 2212 5

139 2220 223 2269 melum
239 2221 299 2283 quod
316 2224 352 2270 est
373 2218 394 2269 ei
411 2221 495 2283 praeter
510 2218 614 2269 ordinem
633 2230 682 2267 suo
696 2216 786 2267 tormae.
805 2219 875 2270 Patet
892 2233 941 2280 erpo
976 2255 978 2294 t

138 2292 198 2353 quod
212 2291 340 2343 differentia
349 2291 405 2342 boni
420 2295 443 2342 ot
454 2290 508 2341 mali
516 2291 578 2341 oiroe
590 2290 705 2355 objectum
714 2289 875 2354 considerata,
884 2308 941 2343 cour-

138 2366 230 2425 pumtur
243 2376 283 2425 per
295 2378 320 2414 se
335 2362 503 2423 mirationem
518 2360 606 2413 scilieet
618 2360 744 2412 neouudirm
753 2364 817 2425 quod
830 2364 941 2428 objectum

138 2435 172 2485 est
188 2432 211 2482 ei
224 2434 379 2497 conueniens,
391 2434 428 2484 uel
441 2446 487 2485 non
501 2433 648 2485 conueniens.
661 2432 773 2483 Dicuntur
783 2437 864 2484 antem
876 2435 940 2499 ntiqui

138 2507 203 2555 actus
224 2505 318 2555 humani
338 2507 375 2555 vel
391 2506 501 2568 morales,
520 2504 646 2556 seeundtm
658 2505 720 2568 qnod
737 2508 792 2554 sunt
805 2504 820 2555 i
833 2506 939 2557 ratione:

138 2578 197 2627 unde
219 2576 365 2627 manifestum
382 2580 418 2628 est
437 2578 497 2642 qnid
517 2577 608 2627 Meum
626 2581 650 2627 et
668 2576 767 2627 molum
787 2577 940 2628 diversificant

139 2648 240 2710 speciem
255 2648 279 2696 in
293 2647 381 2699 actibus
395 2648 518 2700 moralibus
529 2649 560 2713 (1)
572 2664 579 2712 ;
590 2648 723 2699 differentiae
733 2648 795 2699 enim
810 2662 852 2713 per
866 2664 892 2700 so
906 2651 938 2699 rti-

139 2720 268 2769 rersificent
282 2718 391 2783 speeiem.

176 2860 207 2921 (1)
223 2860 298 2910 Aliter
310 2869 386 2909 temen
400 2870 423 2911 et
440 2866 508 2911 utitor
517 2869 585 2924 juxte
598 2867 713 2915 divomum
726 2870 845 2928 utriunque
863 2871 939 2917 eordi-
976 2889 978 2944 Ι
