1984 3309
304 141 339 179 ur·
350 141 462 179 munuum
478 141 632 181 au‘suuoamu.
821 136 867 184 tis

65 218 106 269 ubi
114 215 180 282 priuis
191 228 238 267 uon
248 218 310 278 erat,
324 218 361 267 uel
373 216 413 266 ulai
421 217 485 281 prius
494 221 542 268 erat
553 232 593 282 per
603 219 672 268 atium
685 219 786 270 mudum,
797 219 867 271 Filius

63 290 125 340 enim
142 290 183 338 aut
200 287 300 352 Spiritus
313 291 404 338 sauctus
416 287 477 337 mitti
488 287 582 349 dicitur,
597 289 645 340 ut'a
660 290 724 340 Patre
740 293 866 354 procedens

63 374 107 424 per
120 359 247 422 originem,
263 362 287 409 et
297 359 378 423 incipit
393 372 446 409 esse
459 372 519 410 novo
537 360 621 423 modu,
634 360 703 411 idest
716 374 757 425 per
770 362 867 428 gratiam

64 432 103 482 uel
114 434 223 480 naturam
232 433 380 495 assumptam
388 428 428 479 ulai
437 428 501 494 priuis
508 433 556 480 erat
567 443 608 494 per
616 430 706 482 deitatis
713 433 866 496 pausantium.

63 501 107 552 liei
117 501 180 552 enim
194 501 311 565 proprium
327 504 362 551 est
374 499 457 566 ubique
472 513 535 564 esse,
554 501 608 564 quia
621 501 673 552 cium
692 502 721 553 sit
739 504 867 556 universale

63 586 148 638 agens,
161 572 214 636 ejus
224 572 299 622 uirtus
310 572 406 635 attingit
415 572 492 622 amnia
504 571 567 625 entia
584 589 590 619 a
607 574 664 624 uude
677 578 713 624 est
726 573 750 625 iu
761 576 867 627 omuibus

62 645 148 706 rebus,
160 640 267 708 utsupra
277 643 361 693 dicum
371 647 407 694 est
419 643 468 707 (qu.
482 648 506 706 t,
518 647 560 694 art.
569 643 606 707 l).
617 643 693 697 Virtus
704 649 779 696 autem
792 645 868 710 augeli

63 715 118 766 cium
129 716 161 767 sit
173 715 312 779 particulare
324 728 409 777 agens,
423 727 469 764 nuu
485 714 575 778 attingit
585 719 657 764 tutum
666 715 811 781 uniuersum3
826 721 867 770 sed

60 788 96 836 sic
108 787 202 850 attingit
212 800 301 847 uuum,
315 787 375 850 quod
386 799 432 836 uuu
443 783 534 850 attingit
547 786 617 836 aliud.
628 787 656 836 Εἰ
669 787 721 840 ideo
733 787 766 839 ita
781 793 816 840 est
827 790 865 840 hic

61 858 122 922 qudd
133 872 181 909 uua
191 857 253 908 alui.
263 857 409 907 Manifestum
418 862 454 908 est
462 860 538 908 autem
549 858 667 922 persupri
678 859 736 911 dicta
748 860 796 924 (qu.
808 863 863 924 llo,

62 935 108 979 art.
118 930 164 994 l),
179 929 241 994 qudd
261 932 364 983 areauna
381 927 503 993 corporalis
520 943 561 993 per
575 930 670 993 augelus
684 931 863 984 administratur.

63 999 121 1051 Cim
137 1000 209 1064 igitur
223 1000 309 1064 aliquid
327 1004 363 1051 est
381 1001 482 1052 fiendum
503 1013 545 1064 per
560 1000 659 1065 aliquem
677 1003 783 1066 angelum
804 1005 866 1055 circa

62 1073 164 1137 aliquam
177 1076 306 1123 creaturum
319 1085 461 1136 corpoream,
477 1073 505 1122 de
518 1085 578 1123 nouo
591 1073 716 1137 applicatur
727 1075 821 1138 augelus
832 1075 866 1127 illi

63 1145 153 1208 corpori
166 1156 208 1193 sua
220 1143 316 1192 uirtute.
326 1145 359 1197 Et
367 1143 400 1193 sic
414 1143 508 1206 angelus
518 1143 546 1193 de
556 1157 615 1196 nouo
627 1143 706 1210 incipit
719 1145 752 1194 ihi
765 1159 823 1196 esse.
837 1148 865 1198 Et

64 1218 110 1266 lucc
117 1219 191 1266 tutum
199 1214 304 1278 procedit
314 1214 445 1279 erimperto
454 1213 543 1264 diuino
554 1213 617 1265 llude
628 1215 729 1278 sequitur
740 1216 866 1268 secuuddm

63 1287 193 1351 premissa,
200 1285 262 1350 quud
272 1286 368 1349 augelus
375 1285 389 1334 a
397 1286 444 1336 lieo
453 1284 562 1335 mittatur.
573 1283 618 1339 Sed
626 1286 686 1335 actiu
695 1299 764 1349 quarn
771 1289 865 1350 augelus

62 1359 149 1410 muana
158 1361 264 1420 exercet,
278 1357 406 1420 proueniat
417 1358 464 1407 Dec
469 1393 478 1420 ,
489 1356 571 1411 sicuti
582 1357 654 1421 primo
664 1356 784 1421 principio,
800 1359 866 1423 cujus

62 1434 122 1484 nutu
137 1433 163 1480 et
183 1429 320 1480 aucmritate
338 1429 412 1492 augeli
430 1432 567 1493 operautm3
582 1430 643 1479 etin
661 1429 733 1478 iteum
750 1429 865 1482 reducitur

61 1503 122 1552 sicut
139 1501 167 1551 iu
182 1501 288 1550 ultimum
298 1500 379 1552 linem.
395 1502 422 1550 nt
436 1502 480 1551 hoc
492 1501 547 1551 lacit
563 1500 651 1552 milone
663 1499 797 1564 ministerii3
812 1513 865 1552 nam

63 1573 171 1623 minister
180 1576 217 1622 est
229 1571 290 1622 sicud
299 1571 477 1625 instrumentum
488 1570 617 1634 intelligens
627 1570 662 1635 (l)
672 1570 865 1632 ;instrumeutum

62 1649 142 1708 autem
155 1643 186 1694 ab
193 1643 240 1695 alio
256 1646 374 1706 mouetur,
383 1646 407 1692 et
416 1642 468 1707 ejus
477 1642 537 1693 actio
547 1642 576 1692 ad
586 1642 647 1692 aliud
660 1642 776 1693 ordinatur
787 1657 793 1692 :
804 1643 865 1694 uude

62 1716 168 1766 actiones
181 1715 314 1778 augelorum
327 1715 471 1764 ministeriu
487 1716 604 1764 uocantur.
623 1713 652 1762 Et
669 1718 760 1779 propter
776 1714 820 1765 huc
833 1713 867 1765 di·

62 1790 148 1838 cuntur
161 1786 187 1836 in
200 1786 354 1836 ministerium
366 1785 434 1839 mitti.

94 1860 130 1910 dd
144 1859 246 1923 primum
258 1870 312 1920 ergo
324 1857 457 1919 dicendum,
467 1857 527 1921 qudd
539 1856 613 1922 aliqua
629 1855 731 1921 operatio
747 1856 867 1921 dupliciter

64 1930 148 1981 diu-itm
161 1928 468 1981 intellectualis-Unumodo
480 1928 545 1992 quasi
558 1928 640 1993 inipso
651 1928 769 1978 intellectu
780 1928 868 1979 conus·

63 2007 132 2064 icus,
146 2006 174 2052 ut
186 2001 362 2066 contemplati03
377 2005 400 2051 et
417 2000 468 2050 talis
484 1999 586 2064 operatio
608 2013 655 2050 nou
670 1998 805 2048 determinat
824 2000 867 2049 sibi

64 2076 155 2138 lucum;
171 2074 219 2124 imo
235 2076 262 2123 ut
281 2072 421 2136 Augustinus
441 2071 509 2134 dicit,
526 2073 564 2122 lu.
584 2072 621 2120 De
642 2071 709 2120 Tria.
726 2071 793 2134 (cap.
811 2070 866 2134 at),

66 2147 158 2196 uetiam
175 2159 220 2195 nus
232 2143 355 2198 secuudum
365 2143 427 2208 qudd
440 2142 525 2204 utquid
538 2145 649 2195 aternum
665 2145 742 2190 meute
753 2141 868 2204 sapimus,

64 2232 113 2269 non
131 2217 156 2268 iu
170 2219 216 2267 lucc
232 2218 316 2267 mundo
329 2208 416 2266 sumus.
434 2229 450 2261 u
469 2214 519 2264 Alio
534 2209 601 2264 modo
619 2209 701 2263 dicitur
715 2210 790 2275 addua
810 2213 868 2262 actio

62 2290 244 2353 intellectualis,
258 2289 311 2354 quia
322 2292 358 2340 est
370 2288 400 2339 ab
417 2284 496 2351 aliquo
511 2285 629 2335 intellectu
644 2281 745 2346 regulata
761 2286 784 2333 et
796 2283 868 2349 impe·

63 2366 123 2415 rata.
143 2363 174 2412 lit
194 2361 229 2412 sic
247 2361 394 2412 manifestum
413 2362 449 2410 est
464 2356 527 2422 quau
547 2354 689 2421 operationes
707 2354 868 2408 intellectuales

62 2433 183 2484 interdum
199 2433 351 2484 determinant
364 2431 410 2482 sibi
422 2430 478 2480 loca.
507 2467 509 2472 .

96 2506 131 2556 ld
144 2504 272 2557 secuudum
285 2503 415 2563 dimotum,
426 2501 488 2566 qudd
496 2501 579 2568 coelum
590 2512 721 2564 empyreum
731 2499 829 2564 pertinet
839 2499 869 2550 ad
973 2503 974 2566 j

63 2577 204 2641 dignitatem
225 2575 313 2640 anguli,
329 2574 454 2627 secuudim
474 2572 650 2638 congruentiam·
662 2571 794 2636 quamdam3
814 2572 868 2636 quia

64 2662 193 2712 congruum
206 2651 242 2698 est
255 2653 282 2697 ut
294 2660 425 2712 supremum
439 2656 558 2710 carpinum
578 2647 665 2695 natura
681 2657 732 2710 qua
748 2646 783 2694 est
799 2655 867 2706 supra
972 2709 973 2714 ἵ

98 2792 131 2857 (1)
155 2793 301 2912 murm
320 2795 421 2865 appellat
439 2794 591 2850 Philosophus
611 2787 761 2862 (ἔμψυχον),
781 2789 824 2836 lib.
846 2790 865 2834 1.

68 2871 157 2922 naua,
170 2879 226 2926 cap.
255 2900 262 2913 .
