1984 3309
228 190 259 227 ns
275 188 393 227 sunmoro
409 188 546 228 ressvorvuu
560 189 654 228 aarum
798 180 844 227 eta

26 267 74 314 est
90 262 164 325 magis
180 264 253 315 activa
269 278 335 329 qnam
352 280 404 329 pars
417 266 591 330 apprehensiva.
609 267 670 329 Ergo
681 265 771 316 ridetur
783 267 844 329 quod

29 337 62 387 in
76 338 145 399 parte
160 338 326 401 apprehensivs
339 338 413 401 magis
427 340 457 387 sit
469 339 553 402 passio.

71 412 96 459 3.
119 409 234 457 Pvaeterea
240 444 248 471 ,
263 408 321 457 sicut
333 409 449 472 appetitus
458 410 580 460 sensitirus
597 414 631 461 est
642 410 747 459 virtusiu
760 422 845 473 organo

33 478 166 544 corporali,
177 478 241 529 itaet
251 480 287 531 vis
301 480 468 543 apprehensiva
486 481 604 531 sensitiva.
615 482 660 532 Sed
674 482 750 545 passio
763 481 847 532 animae

32 551 62 600 itt
82 548 177 614 proprie
198 550 309 613 loquerrdo
324 554 449 604 secundum
462 553 675 604 transmutationem
695 554 844 617 corporalem.

33 624 99 685 Ergo
113 634 162 671 non
174 622 246 684 magis
259 625 295 672 est
308 622 383 686 passio
397 623 422 671 in
435 626 500 685 parte
510 623 634 686 appetitiva
643 624 760 688 sensitiva,
776 635 845 687 pam

33 695 60 743 in
76 692 248 757 apprehensiva
268 693 387 743 sensitiva.

68 766 117 817 Sed
137 768 215 815 contra
229 769 265 815 est
269 802 277 829 ,
292 766 351 828 quod
365 765 506 828 Augustinus
514 766 570 817 dicit
582 766 607 815 in
621 767 661 817 rx.
675 768 713 816 De
723 769 777 818 civ,
798 769 847 817 Dei

34 839 102 901 (cap.
118 836 152 901 t),
165 838 226 901 qnod
237 854 251 884 r
260 840 336 887 motus
347 836 417 886 ammi
429 851 486 899 pros
496 837 662 901 Gracieetrst,
681 839 755 887 nostri
770 843 845 889 anum

33 910 100 959 sicut
117 908 213 969 Cicero,
227 908 442 973 perturbationem
459 908 549 972 quidam
565 910 708 973 affectiones
720 910 758 958 vel
775 910 847 973 offec-

35 985 102 1039 tus,
115 980 210 1043 quidam
227 994 280 1031 vero
297 980 374 1045 (sicut
392 980 416 1029 in
430 980 508 1031 Greco
522 981 617 1031 hahetur
628 979 774 1044 expressius)
787 994 847 1043 pos-

33 1055 124 1102 sa‘ones
142 1054 233 1101 vocant.
249 1066 263 1097 »
276 1052 312 1102 Ex
334 1066 379 1115 quo
397 1054 460 1115 patet
480 1052 541 1114 quod
561 1051 680 1115 passiones
694 1050 775 1099 anima
794 1054 848 1100 sunt

35 1125 112 1196 idem·
120 1124 185 1187 quod
198 1122 339 1173 affectiones.
352 1123 399 1174 Sed
415 1121 544 1173 attenhones
556 1121 678 1184 mandate
690 1121 808 1186 pertinent.
819 1124 848 1173 ad

33 1200 131 1260 partem
147 1194 297 1257 appetitivam
312 1198 334 1244 et
352 1206 399 1244 nou
417 1194 445 1243 ad
458 1194 657 1257 apprehensivam.
676 1196 735 1257 Ergo
752 1198 776 1244 et
792 1208 848 1258 pas-

33 1270 119 1318 siones
130 1266 206 1329 magis
219 1268 272 1315 sunt
286 1265 311 1314 iu
327 1264 452 1329 appetitiva
466 1278 534 1327 quam
545 1264 570 1314 in
581 1266 758 1328 apprehensiva.
787 1302 790 1306 .

73 1340 242 1405 (concussio,
256 1364 287 1373 —
304 1338 360 1387 Cum
380 1339 450 1387 homo
470 1336 543 1399 magis
563 1349 604 1399 per
623 1333 672 1384 rim
685 1336 847 1400 appetitivam,

36 1426 111 1477 quam
132 1424 176 1475 per
196 1410 400 1473 apptehensivam,
415 1410 444 1459 ad
463 1421 500 1459 res
518 1408 580 1471 ipsas
599 1408 714 1469 trahatur,
731 1408 849 1471 passiones

36 1496 136 1547 qnoque
153 1480 226 1545 magis
238 1480 263 1530 in
278 1480 402 1545 appetitiva
413 1494 481 1544 qnam
490 1480 515 1528 in
528 1478 694 1543 apprehensiva
705 1478 799 1543 reperiri
810 1494 849 1531 ue

36 1568 109 1607 cesse
124 1557 172 1605 cst.
185 1557 193 1616 )

70 1625 217 1689 Respondeo
234 1615 366 1689 diderrdum,
375 1623 435 1687 quod
447 1622 507 1673 sicut
519 1624 570 1687 jam
588 1622 672 1671 dictum
690 1625 727 1672 est
739 1623 794 1684 tart.
808 1623 848 1686 1),

36 1698 139 1750 nomine
150 1696 264 1759 passionis
275 1696 417 1759 importatur,
431 1695 491 1756 quod
504 1692 596 1757 patiens
606 1694 744 1743 trahatnrad
756 1692 780 1743 id
789 1695 850 1757 quod

36 1774 75 1821 est
87 1768 189 1832 agentis.
200 1768 271 1829 Magis
285 1770 359 1817 autem
369 1766 466 1817 trahitur
478 1766 554 1815 anima
566 1767 652 1816 adrem
663 1765 763 1829 pervim
776 1779 849 1830 appe·

37 1843 135 1892 titivaru
147 1876 153 1900 ‚
166 1852 234 1901 quam
244 1852 285 1901 per
297 1838 344 1887 viru
356 1836 556 1902 apprehensivam.
567 1838 625 1887 Nam
639 1850 680 1900 per
694 1837 742 1887 um
752 1837 848 1901 appeti-

36 1914 117 1963 tivam
131 1910 209 1959 anima
222 1910 291 1959 hahet
297 1908 398 1961 ordinem
407 1909 436 1958 ad
447 1908 510 1972 ipsas
517 1921 568 1971 res,
579 1912 647 1972 prout
656 1908 682 1958 in
691 1908 846 1971 seipsissunt:

36 1986 105 2037 unde
115 1982 270 2045 Philosophus
279 1980 334 2031 dicit
341 1980 366 2029 in
377 1981 415 2029 Vt.
426 1982 533 2043 metaph.
544 1980 612 2043 (tert.
625 1978 659 2041 8),
671 1979 732 2041 quod
742 1994 756 2025 u
765 1979 849 2028 honum

37 2062 62 2109 et
77 2055 187 2115 maium,
206 2067 262 2118 qaoe
278 2056 338 2103 aunt
351 2052 446 2117 obJ'ecto
458 2052 607 2115 appetitione
617 2050 751 2113 potentie,
761 2051 813 2099 sunt
824 2049 850 2098 in

38 2129 104 2192 ipsis
115 2126 193 2177 rehus.
203 2141 217 2173 v
232 2125 272 2174 ihs
281 2129 357 2175 autem
367 2123 591 2187 apprehensivauou
603 2119 698 2170 trahitur
707 2120 735 2169 ad
751 2132 799 2169 rem
813 2133 851 2171 se

38 2200 148 2251 cundum
159 2198 219 2260 quod
237 2197 262 2245 iu
275 2196 350 2259 scipsa
363 2198 413 2257 est3
428 2194 469 2243 sed
482 2190 598 2256 cognoscit
611 2204 663 2241 eam
676 2191 801 2241 secundum
814 2190 850 2239 in-

39 2271 174 2323 tentionem
183 2268 217 2318 rei
227 2281 293 2330 quam
304 2268 329 2317 iu
338 2280 363 2317 se
372 2266 455 2329 hahet,
464 2265 502 2315 vel
511 2264 592 2327 recipit
600 2264 727 2313 secundum
735 2261 851 2327 proprium

38 2346 135 2395 motum
147 2356 153 2390 :
167 2340 227 2389 unde
242 2341 265 2389 et
276 2338 361 2388 ibidem
372 2337 462 2401 dicitm,
475 2337 536 2401 qnod
546 2353 561 2384 u
569 2348 649 2387 verum
658 2338 682 2385 et
691 2334 775 2385 falsum
784 2334 851 2399 tpuoe

38 2416 78 2466 od
88 2412 262 2478 adpetitionem
272 2411 406 2473 pertinent)
418 2422 465 2461 nou
474 2412 530 2459 sunt
539 2408 563 2457 in
570 2407 647 2469 rebus,
656 2407 697 2457 sed
710 2405 826 2457 mmentc.
836 2422 850 2452 vv

38 2488 113 2539 Unde
123 2486 190 2549 patet
199 2484 258 2545 qnod
272 2482 330 2532 ratio
337 2481 450 2545 passionis
460 2480 533 2543 magis
545 2478 661 2529 invenitur
671 2478 697 2527 iu
707 2481 772 2541 parte
783 2491 853 2543 appe

38 2561 124 2622 titiva‚
144 2554 249 2619 qaamin
267 2558 332 2618 parte
345 2552 520 2617 apprehensiva.

74 2632 113 2682 Ad
132 2628 234 2692 primum
253 2639 307 2689 ergo
328 2625 461 2686 dicendum,
476 2624 537 2687 quod
558 2622 656 2674 intensio
669 2622 683 2673 t
696 2633 806 2673 converso
825 2634 850 2671 se

39 2704 116 2754 hahet
133 2699 158 2748 iu
178 2698 215 2747 his
228 2710 279 2761 qua
298 2696 415 2761 pertinent
432 2695 459 2744 ad
480 2694 658 2759 perfectionem,
670 2696 694 2744 et
709 2694 734 2741 in
747 2692 785 2741 his
801 2706 851 2755 que

37 2773 167 2843 pertinent
179 2770 208 2819 ad
223 2768 353 2831 desectum3
369 2780 420 2816 narn
435 2766 460 2816 in
472 2766 510 2815 his
520 2778 571 2829 que
586 2768 613 2817 ad
628 2763 790 2831 perfectionem
800 2776 851 2825 per·

39 2849 139 2907 tinent,
162 2841 285 2891 attenditur
304 2838 402 2889 intensio
421 2850 462 2901 per
479 2848 594 2887 secenum
612 2839 640 2887 ad
661 2848 732 2885 mum
753 2834 851 2897 primum

38 2915 201 2989 principium
212 2910 248 2961 cui
258 2915 343 2974 quamo
351 2914 387 2961 est
397 2907 481 2971 ahquid
490 2908 650 2973 propinquius,
658 2910 724 2957 tauto
735 2908 770 2957 est
777 2907 851 2968 uagis
