1984 3309
113 107 159 154 ‘lod
258 111 336 154 nuru
353 112 481 161 sccunon,
495 110 589 156 onnon.
606 110 644 159 nr,
660 109 715 148 rur.
734 110 771 150 ur.

112 193 204 252 linono,
214 190 348 243 deridendo
359 190 430 239 iteum
441 202 446 236 ε
459 204 473 233 u
481 186 600 250 Attiugere
612 189 688 242 mente
700 187 784 248 iteum,
793 199 882 249 magna
891 192 926 238 εει

112 264 241 325 beatitudn3
251 261 443 326 comprehendere
456 260 533 308 annm
547 261 583 308 εει
595 256 746 320 impossibile.
761 273 775 304 n
790 258 854 320 Ergo
872 258 925 310 siue

112 333 313 399 comprehensione
328 336 364 381 est
380 331 505 382 beatitudo.

144 412 168 456 Ξ.
182 407 307 467 Praeterea,
321 403 439 454 beatitudo
452 406 488 453 est
501 400 610 464 perfectio
622 401 723 452 hominis
742 403 878 454 secundum
890 405 925 454 in-

113 478 249 530 tebectivam
263 480 366 540 partem,
384 474 468 538 inqua
482 487 527 526 nou
542 476 594 522 snut
606 473 657 524 aliae
671 473 785 536 petendu
798 475 875 538 qnam
890 477 927 528 in-

114 550 214 600 tellectus
230 549 388 610 cluniculis,
405 550 432 595 nt
442 546 468 595 in
481 545 555 609 primo
569 545 653 594 dictum
665 547 709 596 εει.
723 546 775 596 sod
788 545 927 600 intellectus

113 620 251 671 sufficienter
270 619 384 683 perficitur
399 631 440 682 per
458 616 571 667 visionem
590 616 645 679 bei,
661 615 770 667 voluntas
786 621 872 670 antem
886 634 926 683 per

113 692 287 744 delectationem
299 691 324 740 in
340 692 398 755 ipso.
411 691 470 752 Ergo
483 701 529 738 non
543 687 663 752 requiritur
676 689 862 752 comprehensio
876 695 925 741 tan

114 777 181 827 qnam
200 763 288 826 aliquod
301 763 402 812 tertium.

146 839 168 884 3.
184 835 310 897 Praeterea,
321 833 437 884 beatitudo
449 832 474 882 in
490 832 621 896 operatione
633 829 749 882 consistit.
764 832 925 894 operationes

114 910 189 956 autem
202 906 380 956 determinantur
395 906 520 955 secundum
534 903 639 967 objector
653 901 743 966 objecta
757 905 841 954 antem
854 918 925 969 gene·

114 977 169 1027 ralia
180 981 233 1028 sunt
241 979 298 1038 duo,
307 991 393 1027 cernor
404 980 428 1026 ct
441 975 532 1026 doum
543 991 551 1024 :
561 988 640 1024 verum
654 975 819 1038 correspondet
829 976 924 1040 unum,

114 1052 137 1100 et
145 1050 230 1099 bonnm
240 1048 400 1112 correspondet
409 1047 536 1099 dilectioni.
548 1047 607 1109 Ergo
618 1058 663 1096 non
676 1044 802 1108 requiritur
817 1059 924 1111 compre·

114 1120 195 1170 hensio
205 1119 269 1183 qnasi
280 1119 370 1182 aliquod
383 1120 486 1170 tertium.

146 1192 191 1242 Sed
207 1195 345 1252 enutrirent,
360 1190 419 1255 qnid
435 1191 556 1255 Apostolus
570 1189 625 1240 dicit
639 1191 658 1240 1.
674 1189 709 1240 ud
723 1189 859 1250 συνέπιε,
877 1194 922 1244 vl:

116 1262 178 1314 «Sic
192 1262 275 1313 currite
289 1266 315 1312 ut
328 1263 534 1326 comprehendatis.
548 1277 561 1308 n
574 1261 620 1312 Sed
632 1260 758 1324 spiritualis
774 1276 859 1317 cursus
877 1271 923 1316 ter-

115 1335 214 1387 miualur
225 1336 252 1386 ad
260 1333 422 1386 beatitudinem
433 1350 441 1384 ι
452 1335 512 1384 unde
523 1335 573 1398 ipse
585 1333 640 1382 dicit
651 1333 679 1382 ll.
695 1333 730 1382 ad
743 1334 871 1396 Timoth,
882 1338 922 1390 ull.

118 1410 232 1457 «Bonum
246 1406 479 1468 certamenoertaui,
495 1419 584 1458 cursum
602 1405 772 1467 consummavi,
789 1402 925 1460 lidem'sor-

115 1479 182 1542 vani,
202 1478 228 1528 in
244 1479 332 1542 reliquo
346 1478 445 1542 reposito
467 1481 505 1528 est
521 1477 577 1528 mihi
596 1490 678 1528 corona
694 1474 805 1540 justitie.
826 1495 843 1525 u
863 1480 923 1543 Ergo

116 1550 289 1614 comprehensio
303 1548 425 1613 requiritur
438 1550 467 1601 ad
480 1547 654 1600 beatitudinem.

147 1623 303 1683 (Coumnsro.
315 1623 387 1672 -hd
395 1620 561 1672 beatitudiuem
573 1632 618 1670 uon
630 1619 702 1673 solnm
714 1621 844 1682 requiritur
855 1622 921 1684 nisio

116 1706 165 1755 quae
177 1691 277 1756 perlecta
290 1696 324 1742 est
335 1692 410 1742 ultimi
420 1695 444 1743 et
454 1691 606 1755 intelligibilis
616 1690 669 1741 finis
678 1691 789 1756 cognitio,
799 1695 843 1746 sed
852 1696 922 1746 ctiam

116 1762 304 1826 comprehensio,
318 1776 370 1826 quae
384 1763 437 1814 linis
449 1761 594 1827 presentiam
608 1761 718 1826 respicit,
731 1767 754 1813 et
765 1764 858 1827 fruitio,
869 1779 921 1830 qne

115 1834 148 1884 rei
161 1834 257 1884 amanlis
268 1834 293 1884 iu
303 1838 379 1884 amoto
391 1834 554 1898 quietationcm
569 1832 701 1897 importat.)

147 1907 283 1972 Respondeo
291 1907 411 1957 dicendum
420 1944 427 1966 ,
437 1905 499 1969 qndd
512 1905 565 1960 cim
576 1905 815 1960 beatitudoconsistat
831 1909 857 1960 in
867 1922 920 1960 con·

115 1978 327 2030 secutione-ultimi
340 1978 407 2041 huis,
425 1990 453 2027 ea
468 1991 517 2042 quae
538 1976 682 2041 requiruntur
701 1976 730 2026 ad
749 1977 919 2030 heabtudiueu

116 2056 170 2101 sunt
182 2051 344 2102 consideranda
357 2063 387 2100 ex
398 2049 449 2113 ipso
462 2049 543 2100 ordine
554 2047 652 2100 hominis
668 2049 789 2100 adfinem.
801 2052 835 2102 hd
846 2052 919 2102 finem

116 2125 191 2173 autem
210 2120 375 2186 intelligibilem
393 2121 508 2172 ordinatur
522 2123 604 2184 homo,
618 2121 702 2185 partim
716 2121 811 2185 quidem
823 2136 866 2186 per
878 2121 919 2172 in·

115 2193 245 2255 tellectum,
259 2193 341 2257 partim
352 2195 427 2242 autem
441 2206 481 2256 per
496 2193 643 2243 voluntatem.
655 2195 698 2243 Per
710 2191 856 2244 intellectum
868 2194 918 2259 qui·

116 2264 183 2327 dem,
197 2264 343 2329 inquantum
355 2263 379 2313 in
391 2263 507 2314 intebectu
520 2263 644 2328 praexistit
657 2262 733 2327 aliqua
748 2265 852 2328 cognitio
866 2264 918 2315 finis

116 2334 256 2398 imperfecta.
266 2338 310 2386 Per
317 2336 458 2385 uoluntatem
469 2331 557 2398 antem,
568 2334 641 2398 primd
651 2333 743 2398 quidem
750 2348 792 2398 per
804 2348 915 2394 amorem,

116 2409 154 2468 qni
171 2409 207 2455 est
228 2406 314 2468 primns
326 2410 400 2458 motus
418 2405 541 2456 voluntatis
561 2404 585 2454 in
605 2404 703 2469 aliquidr
720 2406 821 2456 secuudd
841 2411 918 2456 autem

116 2490 157 2541 per
167 2476 250 2528 realem
263 2477 417 2528 habitudinem
427 2478 522 2527 amanus
536 2477 564 2528 ad
582 2481 691 2527 amatum.
704 2478 759 2536 Qum
768 2478 860 2541 quidem
871 2490 916 2542 po·

116 2554 161 2602 test
169 2562 220 2600 esse
230 2547 313 2613 triplex
324 2565 330 2598 :
342 2551 475 2614 quaudoque
483 2548 545 2600 enim
554 2553 654 2599 auratum
663 2551 699 2600 est
707 2561 810 2612 praesens
819 2549 913 2610 amanti,

116 2625 140 2673 ct
151 2626 207 2672 tnnc
217 2620 321 2685 jamnon
333 2620 454 2685 quaeritur3
468 2622 604 2685 quandoque
616 2624 692 2672 antem
701 2634 749 2670 non
758 2625 794 2672 est
804 2635 913 2685 praesous,

118 2693 157 2742 sed
169 2691 309 2754 impossibile
323 2695 359 2740 est
369 2690 444 2754 ipsum
456 2692 567 2756 adipisci,
579 2696 602 2742 et
614 2695 668 2742 tuuc
678 2696 726 2754 jam
740 2706 786 2742 nou
797 2691 911 2756 rqnaerituq

116 2763 251 2824 quandoque
268 2763 343 2808 urrtem
360 2761 467 2821 possibile
480 2767 517 2813 est
534 2764 608 2827 ipsum
623 2763 730 2827 adipisci,
750 2763 791 2814 sed
812 2768 848 2814 est
864 2763 912 2812 elc-

117 2833 193 2880 vntum
204 2841 271 2892 snpra
287 2829 419 2879 facultatem
432 2833 594 2896 adipiscentis,
604 2834 637 2884 ila
648 2837 673 2884 nt
688 2833 765 2886 statim
775 2833 854 2886 haberi
866 2845 912 2884 nun
