1984 3309
201 182 231 221 nn
246 181 313 221 nuno
328 180 378 227 uno
390 179 515 222 nonnanis
530 180 654 222 neuma.
782 173 828 222 art

30 259 94 309 nelo
107 256 192 308 dieitur
202 260 297 308 uetare
309 258 417 322 uuabbu
430 259 575 322 sumentia,
590 259 626 310 vel
644 258 762 323 quodlibet
774 271 827 325 eas3

31 335 50 378 el
67 327 194 380 secundiani
206 329 250 379 bue
260 329 317 380 ilai
333 329 415 380 diutur
430 331 532 382 naturale
544 331 595 392 rei,
610 331 669 395 quud
688 331 795 382 conuenit
808 332 830 382 ei

30 401 152 451 secudum
171 413 237 451 suam
252 401 402 452 substantiam
418 417 425 451 z
443 405 467 452 et
478 402 523 452 bue
539 405 575 454 est
592 401 653 465 peu
670 415 713 466 per
729 415 754 453 ae
769 401 831 454 insat

30 472 67 521 rei.
80 475 110 522 ln
124 472 233 524 omnibus
245 475 321 522 autem
337 485 366 522 ea
378 485 430 536 quae
441 485 488 523 nen
501 485 543 537 per
551 486 576 524 se
586 473 680 537 insunt,
694 473 832 525 redueumur

30 543 51 592 in
64 543 150 607 aliquid
161 542 224 607 qued
234 556 276 606 per
285 556 310 596 ee
321 543 468 607 inest„eient
476 544 503 594 in
514 543 613 609 primum
623 560 629 594 ι
641 548 665 596 et
675 545 726 597 ideo
736 557 831 597 neeeeee

32 619 62 664 est
75 615 137 680 qubd
147 615 284 679 (bunede
294 613 426 679 aeepunde
434 615 583 680 naturum).
595 616 831 682 semperprineipium

32 686 52 735 in
65 686 103 737 luis
116 700 168 750 qua
184 685 325 737 eenveniunt
334 685 382 748 rei,
396 687 426 737 sit
436 687 548 738 naturae.
563 688 593 737 iu
603 689 647 738 bue
660 687 779 739 manifeste
790 701 832 752 ap·

32 763 92 821 paret
109 757 136 808 iu
155 757 287 820 intellectu
306 771 360 810 narn
381 758 493 823 principia
513 758 673 810 intellectualis
696 758 832 824 cognitionis

33 835 82 882 sunt
100 829 237 880 naturaliter
252 833 313 880 nota.
334 830 443 881 Similiter
458 831 527 881 etiarn
542 830 655 896 principia
675 833 777 884 mutuum
791 844 833 882 ue·

32 901 178 952 ieiunorum
188 903 278 965 oportet
287 911 338 952 esse
351 900 436 965 abund
448 901 691 955 naturaliterreliturn.
700 901 747 952 lieu
757 903 832 952 uuum

33 977 65 1022 est
79 973 166 1024 bunnar
186 973 212 1022 iu
229 972 357 1034 cummuni,
374 971 400 1022 in
414 986 460 1036 qaue
472 973 578 1024 veluntas
594 972 727 1024 naturaliter
748 971 831 1035 tendit,

33 1045 89 1094 sieut
99 1043 170 1095 etiam
179 1043 286 1108 quaelibet
299 1044 402 1109 petentia
413 1044 436 1094 in
446 1058 514 1094 suum
528 1043 651 1109 obiectum,
661 1048 685 1096 et
701 1044 771 1095 etism
783 1043 833 1107 ipse
896 1049 903 1066 ⁸

33 1117 82 1168 linis
94 1117 205 1179 ultimus,
222 1116 263 1179 quai
278 1118 323 1168 hee
339 1117 445 1168 medeae
461 1117 531 1166 babet
542 1116 568 1166 iu
582 1115 760 1182 appetibilibus,
774 1115 835 1165 sicat

33 1189 103 1250 prima
113 1187 227 1254 principia
239 1188 456 1239 demonstrationum
469 1187 494 1236 in
504 1187 698 1252 intelligibilibus,
707 1190 731 1238 et
740 1187 834 1237 univer·

36 1261 112 1310 saliter
125 1259 203 1311 emnia
215 1259 254 1312 illa
264 1273 316 1323 quaa
330 1259 471 1312 eonveniuut
484 1259 572 1312 releuti
583 1259 708 1310 secundnm
719 1272 783 1310 suam
795 1272 836 1308 aa·

34 1336 115 1384 tunam.
135 1333 189 1382 Nun
206 1331 269 1384 enim
284 1345 327 1396 per
339 1333 482 1384 veluntatem
501 1329 629 1394 appetimus
646 1330 720 1382 eelim
736 1343 764 1382 ea
785 1343 836 1392 que

35 1405 148 1466 pertinent
159 1405 189 1456 ad
201 1404 328 1468 prunum
337 1403 475 1465 relunutie,
489 1403 529 1454 sed
544 1402 612 1453 etiam
621 1415 648 1454 ea
657 1415 709 1466 que
722 1399 838 1466 pertinent

37 1478 61 1525 ab
74 1476 175 1540 unguas
188 1476 316 1540 munuae,
327 1479 351 1528 et
368 1475 398 1526 ad
409 1478 485 1526 utum
496 1474 622 1526 bominem.
632 1473 696 1524 Unde
706 1473 839 1524 naturaliter

37 1547 101 1598 bene
119 1545 172 1598 vult
181 1561 228 1598 nen
239 1548 313 1598 selum
326 1548 441 1611 obtentum
452 1546 592 1608 veluntatis,
603 1546 642 1598 sed
653 1543 722 1598 etiarn
732 1544 777 1596 alia
787 1559 838 1609 quse

37 1619 170 1669 conveniunt
183 1617 235 1668 aliis
247 1618 371 1682 petentis,
381 1621 407 1668 ut
418 1616 575 1682 cognitorem
589 1617 653 1680 veri,
668 1629 720 1682 qne
731 1615 839 1668 mauult

38 1691 172 1754 intellectui,
182 1695 205 1741 et
215 1706 266 1742 erse
274 1695 298 1742 et
308 1692 405 1754 viuere,
414 1693 438 1741 et
450 1689 582 1755 hujusmodi
593 1689 637 1740 alia
646 1703 697 1754 que
711 1689 838 1754 respiciunt

37 1761 203 1814 cummium
224 1762 351 1813 muaralem
369 1776 375 1810 ε
393 1774 444 1826 qua
458 1761 536 1812 emnia
555 1763 778 1826 comprehenduntur
795 1761 837 1812 sub

38 1834 124 1899 ubjeete
140 1833 277 1897 voluntatis,
291 1833 351 1884 sieut
367 1831 473 1896 quaeum
484 1832 630 1898 pertitulans
642 1833 712 1884 hena.

66 1907 99 1956 lrl
113 1907 215 1970 primurn
227 1905 496 1968 ampliandumque
512 1905 618 1956 veluntas
633 1905 740 1956 diuiditur
756 1905 838 1954 centra

39 1982 152 2039 naturam,
167 1977 228 2028 sieut
240 1989 286 2026 una
305 1989 376 2028 wasa
388 1979 467 2027 eontra
481 1975 563 2040 aliam;
578 1976 683 2040 quadarn
701 1975 763 2026 eninr
781 1973 838 2022 liunt

40 2047 177 2111 naturaliter,
187 2051 211 2100 et
222 2049 324 2113 quadarn
339 2049 398 2098 liunt
409 2047 545 2100 voluntarie.
554 2049 595 2098 Est
605 2052 681 2098 aarum
690 2047 747 2096 alius
757 2043 839 2095 modus

41 2121 143 2172 canusii
155 2120 263 2186 proprius
274 2118 386 2171 uoluntati
392 2156 401 2183 ,
413 2133 465 2183 quae
475 2121 512 2170 est
521 2119 613 2170 demina
623 2118 659 2168 sui
670 2120 746 2179 aetus,
755 2117 839 2180 preater

41 2193 127 2242 ramum
143 2192 184 2256 qui
198 2191 307 2242 eenuenlt
320 2194 422 2254 naturae,
437 2203 488 2258 quae
503 2193 538 2241 est
552 2189 702 2242 determinata
715 2188 743 2238 ad
757 2199 838 2236 anum.

42 2262 82 2313 Sed
94 2266 147 2329 quia
164 2264 273 2316 veluntas
284 2262 308 2314 in
321 2263 398 2326 aliqua
410 2265 488 2312 nunna
499 2261 615 2326 fundatur,
628 2272 724 2312 neeesse
736 2260 771 2310 est
779 2257 840 2324 quid

43 2341 112 2387 neus
125 2335 233 2402 proprius
246 2339 332 2387 utere
345 2337 455 2399 quantum
471 2335 500 2384 ad
514 2333 599 2398 aliquid
613 2331 760 2398 participetur
776 2329 841 2380 lue-

42 2406 141 2468 lnntate‚
157 2408 219 2463 sieut
231 2408 291 2472 qued
300 2410 336 2458 est
344 2405 426 2471 prieris
434 2418 508 2457 eausa
520 2403 669 2470 participatur
682 2402 696 2454 l
708 2401 839 2468 posteriori.

43 2480 77 2528 Est
91 2480 153 2534 eninr
163 2478 229 2544 prius
245 2478 270 2528 in
282 2490 418 2543 unaqueque
434 2491 459 2528 re
472 2477 551 2542 ipsum
562 2489 611 2526 esee
624 2477 683 2540 quud
701 2478 735 2526 est
748 2487 790 2539 per
802 2485 842 2523 na-

43 2555 119 2615 turam,
127 2552 199 2616 quim
210 2548 273 2599 velte
283 2550 341 2614 qnod
357 2551 393 2600 est
405 2563 446 2614 per
457 2549 599 2600 veluntatem
611 2564 617 2598 :
629 2550 653 2598 et
665 2547 718 2598 inde
732 2549 767 2597 est
781 2543 841 2609 quid

43 2623 143 2674 uoluntas
157 2622 292 2674 naturaliter
304 2621 390 2685 aliquid
408 2622 465 2670 uult

70 2697 103 2746 ld
115 2696 244 2747 suendum
257 2694 392 2755 licendum,
407 2693 467 2756 quen
478 2691 503 2742 in
514 2693 581 2744 rebus
594 2691 734 2743 ritualibus
747 2687 769 2738 id
781 2685 842 2748 quud

46 2769 74 2814 est
91 2767 195 2818 nsmmle
208 2764 276 2830 quasi
292 2776 434 2828 wmequens
451 2763 548 2814 termam
567 2762 670 2826 tantiam,
689 2771 779 2824 senrper·
792 2759 843 2805 artu

47 2835 115 2902 inest,
129 2839 191 2902 sieut
204 2837 304 2888 rebium
317 2835 375 2900 igni.
390 2836 455 2894 Quod
469 2839 544 2885 auum
556 2837 592 2886 est
604 2833 706 2884 naturale
720 2829 779 2880 sieut
788 2838 844 2877 eon-

48 2921 138 2974 uquens
150 2908 279 2973 murum,
290 2921 337 2963 nen
350 2920 440 2972 emper
453 2910 505 2958 retu
515 2905 589 2969 inest,
604 2905 645 2958 sei
659 2901 794 2968 qualeque
807 2911 843 2949 ee·
