1984 3309
122 126 167 172 tib
314 130 374 170 raas
390 132 412 181 r,
426 131 517 177 onan.
536 129 580 182 crr,
599 131 654 170 aar.
672 131 706 169 rv.

121 209 255 262 habitationi
267 210 372 259 bumana
387 211 441 257 auto
452 210 580 272 peremunt.
591 207 650 269 Ergo
663 206 754 258 ridetur
765 206 824 271 dudd
835 207 861 257 iu
875 217 913 272 pa·

120 282 194 332 radiso
206 282 274 331 bomo
284 279 361 330 debuit
372 277 431 329 ieri.

150 358 175 404 2.
191 355 315 415 Preterea,
331 352 375 402 alia
390 350 496 401 animalia
506 354 667 401 conservantur
681 351 705 400 in
720 351 770 402 looo
784 365 831 403 suae
848 363 915 416 gene

120 423 229 494 rationis3
239 423 299 474 siout
311 421 387 487 pisces
395 423 421 472 in
429 421 507 486 aquis,
516 425 539 471 et
550 421 656 472 animalia
670 421 797 484 gressibilia
806 423 832 473 in
843 427 911 485 terra,

121 498 180 546 unde
193 497 303 561 producta
316 499 378 546 suut.
391 495 464 545 Homo
476 496 553 544 aulem
570 497 720 544 conservatus
734 493 819 545 luisset
835 495 859 545 in
873 509 916 560 pa-

120 566 194 617 radiso
209 571 236 616 ut
251 567 392 617 dictumest.
410 566 469 629 Eupo
486 565 510 614 in
521 564 624 630 paradiso
634 564 684 614 deri
697 565 783 616 debuit

153 644 175 688 3.
191 640 302 690 Preterea
314 677 321 702 ,
335 638 416 688 mulier
429 638 452 686 in
466 637 570 701 paradiso
583 636 643 686 laeta
656 636 708 687 luit.
720 638 765 687 Sed
781 638 818 688 uir
833 639 922 702 dignior

121 711 266 761 estmuliere.
283 711 341 772 Ergo
355 709 426 760 multo
435 709 508 773 magis
520 707 556 758 vir
566 706 645 757 debuit
659 706 708 757 lieri
721 707 748 759 in
760 709 875 774 paradiso.

152 781 197 832 Sed
207 784 284 831 eontra
294 782 406 844 estquod
415 780 500 833 dieitur
511 785 577 833 Gen„
588 779 608 829 ll
619 795 624 828 :
637 778 719 828 «Tulit
730 779 795 830 Deus
803 781 919 832 bominem

122 856 147 902 et
155 851 232 916 posuit
242 865 296 903 eum
305 851 331 901 in
341 851 456 915 paradiso.
470 867 484 897 >r

155 925 312 986 (condrosio.
324 950 356 961 -
371 923 453 972 Factus
465 925 501 973 est
513 922 582 972 homo
599 925 662 970 extra
676 921 822 986 paradisum,
836 923 921 974 deinde

122 995 148 1044 in
165 995 241 1058 ipsum
258 993 328 1058 gratil
346 994 391 1045 Dei
409 994 531 1044 translatus
545 995 595 1055 ast,
610 993 780 1044 transierendus
793 992 848 1044 inde
869 997 923 1060 post

123 1065 191 1115 vitam
202 1066 321 1116 animalem
332 1066 357 1115 in
371 1063 479 1129 melum.)

152 1137 287 1200 Respondeo
301 1137 423 1187 dicendum
431 1174 439 1200 ,
454 1135 514 1200 qubd
528 1137 646 1200 paradisus
666 1137 712 1187 luit
725 1137 788 1188 loous
805 1150 922 1201 oongruus

122 1208 255 1259 habitationi
268 1211 372 1260 humanas
384 1212 495 1272 quantun
509 1207 537 1258 ad
550 1207 744 1272 incorruptionem
755 1208 824 1272 primi
837 1211 921 1262 status

120 1280 260 1344 lneorrnptio
274 1284 358 1350 audem⁴
366 1280 406 1330 illa
419 1293 465 1331 non
481 1283 529 1330 erat
546 1279 645 1331 hominis
657 1279 784 1329 secundum
798 1283 922 1342 naturam,

120 1353 160 1404 sed
173 1367 202 1404 ex
211 1351 381 1416 supernaturali
393 1351 434 1402 llei
446 1353 515 1402 dono.
528 1352 559 1401 Ut
574 1363 627 1414 ergo
640 1353 684 1400 hoo
696 1351 775 1414 gratim
788 1351 830 1401 Dei
842 1351 925 1418 impu-

119 1427 213 1486 taretur,
225 1437 272 1474 non
287 1425 498 1485 humanarumue,
508 1423 572 1472 Deus
585 1422 702 1474 bominem
713 1426 777 1472 extra
788 1422 923 1486 paradisum

118 1497 187 1559 leuit3
198 1500 222 1547 et
234 1499 314 1561 postea
324 1496 400 1559 ipsum
411 1497 436 1544 in
448 1495 554 1560 paradiso
569 1495 656 1560 posuit,
665 1497 690 1543 ut
701 1494 815 1544 babitaret
827 1495 859 1545 ibi
874 1501 924 1548 toto

119 1573 221 1631 tempore
240 1566 344 1616 animalis
366 1566 436 1625 vitaer
449 1567 609 1630 postmodum,
624 1565 675 1616 edm
692 1565 833 1630 spiritualem
848 1567 923 1618 vitam

119 1640 216 1702 adeptus
229 1641 305 1700 esset,
319 1637 488 1688 transterendus
501 1638 527 1687 in
540 1639 630 1689 ooelum.

153 1711 187 1758 ld
196 1708 295 1773 primum
304 1722 358 1770 ergo
368 1708 497 1773 dicendum,
508 1708 569 1773 qudd
577 1709 659 1764 omium
670 1723 803 1774 empyreum
813 1713 848 1760 est
855 1711 924 1762 loeus

122 1795 234 1843 congruus
243 1779 330 1841 angelis
339 1784 448 1844 quantum
460 1782 488 1831 ad
498 1795 575 1833 eorum
588 1785 701 1832 naturam.
715 1781 743 1830 ill
758 1781 809 1832 idoo
821 1783 854 1832 ibi
867 1788 924 1836 sunt

122 1853 197 1903 creati.
213 1852 241 1900 Et
256 1849 360 1903 similiter
381 1853 502 1903 dicendum
521 1853 548 1902 ad
565 1853 691 1903 seeundum
709 1868 715 1900 τ
731 1852 780 1902 looa
804 1852 866 1904 onim
883 1854 924 1906 illa

123 1925 249 1987 congruunt
265 1922 399 1974 animalibus
412 1926 536 1976 seeundum
548 1937 612 1974 suam
622 1927 734 1974 naturam.

154 1998 187 2046 ld
204 1996 295 2046 tertium
310 1995 446 2058 dicendum,
461 1995 520 2060 qudd
538 1996 618 2046 mulier
634 1995 693 2046 laeta
708 1995 788 2046 dultin
802 1995 923 2059 paradiso,

124 2081 168 2118 uon
180 2071 272 2131 propter
286 2067 418 2131 dignitatem
429 2081 503 2131 suam,
513 2069 552 2118 sed
561 2067 793 2131 proplerdignitatem
802 2066 922 2132 principii,

122 2153 151 2189 ex
165 2153 209 2202 quo
221 2153 304 2204 corpus
320 2141 371 2204 ejus
386 2140 523 2190 formabatur
543 2154 548 2188 z
565 2143 588 2188 et
605 2139 709 2189 similiter
724 2138 765 2188 lilii
777 2139 801 2188 in
814 2140 925 2202 paradiso

122 2212 220 2262 luissent
231 2212 289 2273 uati,
302 2211 327 2262 in
341 2225 386 2275 quo
400 2216 505 2276 purentm
519 2211 564 2276 jam
579 2214 644 2262 erant
655 2211 732 2276 positi.

123 2358 242 2403 Parads'su
254 2359 359 2417 amoepit
368 2359 490 2416 specimen
500 2358 605 2408 loboris,
613 2362 646 2404 aut
656 2337 745 2404 uocant
756 2359 923 2416 operationem

123 2421 284 2540 xxm*
292 2421 367 2468 dediti
375 2422 450 2480 offioa'i
456 2435 485 2466 oo
493 2422 822 2468 bereditorinaaoooautoutr
828 2435 922 2482 monas

474 2665 576 2676 ——-.
