1984 3309
253 126 282 161 un
298 124 388 163 omorio
404 123 486 163 torus
502 124 535 164 sn
550 127 651 164 corros.
806 118 852 165 117

53 201 122 265 pedit.
140 200 204 250 Sicut
220 200 282 251 euim
295 201 371 251 omnis
387 202 447 252 actio
465 207 502 253 est
519 205 641 254 secundum
661 204 753 255 modom
772 204 852 256 torno

53 286 97 335 pua
107 285 178 335 agens
190 271 246 335 agit,
261 277 286 321 ut
295 273 414 323 calefactio
426 276 551 325 secundom
562 277 653 327 modum
669 275 758 340 caloris,
769 276 801 327 ita
814 290 851 327 co

53 344 123 406 gnitio
134 348 170 395 cst
180 344 307 394 secundum
318 346 412 395 modurn
421 346 506 409 speciei
517 358 560 409 que
572 360 712 410 cognoscens
725 348 848 411 cognoscit.

53 416 196 467 Manifestum
213 419 250 465 est
265 420 342 466 autern
361 417 422 480 quod
437 421 518 467 natura
532 418 659 468 communis
673 418 819 483 distinguitur
832 422 855 471 et

53 488 217 553 multiplicatur
235 490 364 538 secundum
379 488 491 552 principia
505 488 679 551 individuantia,
695 505 745 557 qum
761 495 813 541 sunt
826 506 856 542 cx

53 565 113 622 parte
129 560 242 611 materie.
254 560 281 610 Si
292 574 347 622 crgo
356 560 429 611 torma
445 574 563 625 perquam
579 562 605 611 tit
618 562 728 627 cognitio,
741 563 771 614 sit
783 567 855 614 mate-

53 631 127 696 rialis,
142 646 191 682 non
204 633 319 682 abstracta
332 632 346 681 l
359 631 528 683 conditionibus
548 633 657 698 materian,
674 634 717 685 crit
733 634 855 686 similitudo

53 707 135 754 nature
150 703 239 767 speciei
256 707 296 753 aot
313 703 421 767 generis,
438 704 562 754 secundum
582 705 641 767 quod
659 708 695 755 cst
710 705 815 756 distincta
832 712 856 756 et

52 775 199 839 nortpticam
213 788 255 839 por
268 775 381 839 principia
392 775 571 839 indiuidonntie;
582 781 605 827 et
618 777 650 827 ita
660 790 706 829 non
720 779 804 841 poterit
820 792 856 829 co

54 847 127 907 gnossi
145 851 230 897 natura
249 848 285 898 rei
305 848 331 897 in
350 861 392 898 sua
411 848 581 899 communitate.
603 849 627 899 Si
645 863 699 899 vero
718 850 803 914 species
826 850 856 901 sit

56 917 164 969 abstracta
178 918 373 969 dcouditionibns
390 919 490 970 materie
505 920 660 983 individualis,
678 920 720 971 erit
733 920 856 972 similitudo

57 992 151 1052 naturae,
164 991 253 1054 absque
267 989 297 1041 iis
308 1004 359 1055 quae
374 990 449 1054 ipsam
468 991 611 1054 distinguunt
622 994 646 1041 et
661 991 823 1055 multiplicium
833 998 857 1043 ct

56 1057 86 1107 ita
96 1067 244 1124 cognoscetur
254 1061 393 1113 universate.
405 1063 453 1112 Nec
461 1063 544 1125 refert,
556 1067 666 1126 quantum
683 1063 711 1113 ad
720 1065 772 1126 troc,
781 1067 856 1113 utrum

54 1131 82 1179 sit
94 1147 152 1185 unus
164 1135 298 1185 intellectus
308 1135 347 1185 uel
360 1134 447 1198 ptores3
458 1134 511 1198 oum
524 1134 614 1185 etiamsi
623 1138 683 1185 essct
694 1139 855 1198 consitutum,

52 1209 165 1268 oporteret
182 1207 261 1271 ipsum
277 1220 330 1257 esse
349 1206 462 1270 aliquem
483 1207 632 1271 quemdam,
656 1213 679 1257 et
701 1206 800 1271 speciem
816 1220 857 1271 per

54 1290 120 1339 quani
130 1277 255 1341 iutelligit,
268 1291 319 1329 esse
333 1278 451 1342 oliqoom
461 1278 610 1341 quomdam.

81 1349 116 1398 Ad
127 1353 236 1413 quartum
255 1350 393 1412 dicendum,
405 1348 468 1413 qudd
480 1349 528 1400 sire
539 1350 669 1400 intellectus
683 1348 714 1400 sit
724 1361 797 1410 unos,
808 1350 856 1401 sire

57 1419 145 1481 pluras,
157 1421 182 1471 id
195 1420 260 1484 quod
273 1419 427 1483 intelligitur,
438 1424 475 1470 est
487 1434 566 1471 riuum.
584 1422 608 1471 ld
624 1420 687 1471 enirn
702 1420 762 1483 quod
772 1420 856 1472 intelli-

58 1490 127 1553 gitur,
137 1506 183 1544 uon
198 1497 250 1554 est,
259 1492 284 1541 in
292 1492 410 1542 intellectu
424 1494 549 1543 monadum
560 1503 594 1556 se,
606 1493 646 1543 sed
658 1492 780 1543 secumdum
791 1506 856 1543 suam

54 1563 231 1617 similitudinem.
243 1567 312 1631 Lapis
321 1567 383 1618 enim
392 1580 438 1617 non
448 1567 513 1617 estin
523 1568 609 1625 anunm
619 1568 657 1616 scd
667 1566 757 1630 species
766 1567 856 1631 lapidis,

55 1641 80 1684 ot
98 1637 175 1689 onon
190 1640 215 1689 in
232 1640 272 1689 lll.
287 1640 325 1689 De
336 1641 425 1688 animo
440 1640 449 1703 (
457 1643 513 1689 lert.
527 1638 579 1703 38),
594 1642 618 1689 et
631 1641 705 1688 tumen
719 1638 777 1703 lapis
788 1644 823 1689 est
834 1639 856 1689 id

51 1710 111 1770 quod
118 1710 266 1773 intelligitur,
272 1724 319 1761 non
327 1716 404 1761 autem
412 1712 500 1775 species
508 1711 599 1775 tepidis,
610 1711 702 1775 nisiper
711 1710 856 1763 reflexionem

54 1782 180 1833 intetmctus
201 1796 273 1847 snpra
293 1783 414 1846 seipsom3
436 1783 535 1847 alioquin
554 1782 655 1833 scientim
674 1795 719 1833 non
737 1786 811 1833 essent
830 1783 857 1833 dc

51 1854 131 1917 rebus,
141 1854 183 1904 sed
198 1854 228 1904 de
237 1856 364 1919 speciebus*
372 1854 561 1917 intelligibilibus.
572 1854 688 1921 Contingit
697 1857 773 1903 alitem
783 1854 857 1905 eidem

53 1927 82 1975 rei
98 1925 192 1976 diversa
206 1927 337 1977 secundnm
351 1927 456 1977 diversas
474 1928 557 1977 termes
571 1926 698 1977 assimilari.
713 1926 741 1975 Et
753 1926 806 1989 quia
821 1940 858 1977 co-

50 1998 120 2057 gnitio
137 1999 163 2048 tit
181 1998 312 2049 secundum
328 1997 515 2049 assimilationem
532 1997 690 2062 cognoscentis
710 1999 737 2047 ad
755 2012 803 2047 rem
821 2012 858 2049 co·

51 2070 149 2132 gnitam,
161 2069 270 2133 sequitur
281 2068 342 2133 quiid
353 2069 417 2119 idem
428 2067 545 2119 ddiversis
554 2069 744 2133 cognoscentibus
754 2069 858 2133 cognosci

48 2141 173 2206 contingit,
188 2144 216 2190 nt
232 2145 296 2205 patet
314 2141 339 2191 in
354 2154 435 2192 sensu.
449 2142 506 2191 Nam
521 2142 597 2205 plures
613 2139 692 2190 rident
703 2141 808 2190 eumdem
819 2155 856 2189 oo-

49 2211 130 2277 torem,
150 2215 282 2263 secundum
302 2207 405 2263 diversas
423 2213 598 2275 similitudinem
616 2216 639 2262 ct
661 2211 764 2261 similiter
784 2213 859 2276 plures

53 2284 177 2336 intellectus
193 2285 329 2347 intelligunt
339 2298 410 2334 unam
429 2298 475 2334 rem
486 2285 634 2335 intellectam,
649 2285 694 2334 Sed
710 2286 754 2334 hec
770 2288 857 2335 tanturn

53 2360 140 2408 tutorem
156 2359 223 2407 inter
245 2370 337 2407 sensum
355 2360 380 2407 ot
399 2355 559 2417 intellectum,
579 2357 704 2406 secundum
722 2356 858 2407 sententiam

55 2429 197 2494 ‚tristotelis‚
216 2430 271 2493 quie
290 2443 327 2480 res
344 2430 443 2480 sentitur
463 2431 588 2480 secundum
606 2430 667 2478 illam
685 2428 857 2493 dispositionem

49 2514 111 2561 poam
124 2505 195 2551 extra
206 2500 308 2551 animam
318 2502 391 2551 habet
402 2501 427 2550 in
438 2514 480 2551 sue
491 2500 680 2565 particularitate,
692 2504 772 2550 natura
783 2506 857 2551 autem

48 2572 76 2620 rei
89 2588 141 2638 qoae
156 2572 304 2637 intelligitur,
319 2578 357 2625 est
370 2573 465 2637 quidem
478 2577 541 2625 extra
555 2572 663 2635 animam,
675 2572 715 2621 sed
728 2585 773 2622 non
790 2573 858 2623 habet

48 2643 105 2695 illurn
121 2646 226 2695 modum
239 2646 330 2695 mendi
342 2650 408 2697 entra
423 2644 536 2705 animam,
555 2646 681 2695 secundnm
692 2658 760 2708 quern
775 2644 859 2695 intelli-

49 2720 110 2768 atur.
132 2714 283 2777 intelligitur
298 2717 362 2769 enim
384 2721 466 2766 natine
482 2716 610 2767 communis
628 2717 721 2766 seclusis
739 2715 858 2779 principiis

50 2787 260 2849 indridnantilius,
276 2803 323 2840 non
335 2793 413 2840 antem
426 2790 488 2839 hunc
500 2790 590 2840 modum
604 2786 694 2839 essendi
706 2788 777 2838 habet
795 2790 858 2835 extra

50 2865 151 2913 mmm.
170 2860 223 2913 Sed
237 2862 364 2916 secuudum
379 2860 518 2915 sententiam
532 2860 635 2913 Platonis
654 2872 691 2910 res
704 2859 857 2910 intellectam
