1984 3309
166 246 283 292 ouonouo
296 244 374 287 ruma
387 242 490 287 maur
502 241 650 299 cocnoscar,
661 248 716 286 nuc.
796 230 842 284 tto

54 320 169 374 intellectus
180 338 254 390 agens
265 324 370 389 pemectt
381 325 473 376 uniatm
485 325 565 389 nobis3
577 327 610 376 ita
623 322 694 390 quot,
704 324 756 375 cium
767 322 843 375 omnia

55 392 158 447 intellecta
172 398 289 462 speculata
302 398 489 464 cognoverimus,
506 399 635 451 frutectum
652 411 722 462 agens
741 395 842 461 perfecti

54 468 134 519 unietur
143 468 217 533 nobis,
230 474 254 520 et
263 469 389 535 poterimus
399 484 439 535 per
448 486 500 523 eum
510 471 587 522 omnia
600 484 744 534 cognoscere,
756 473 780 521 et
795 483 844 520 ma-

54 539 130 591 ferialia
144 546 167 591 et
179 540 355 606 immaterialia;
368 548 391 593 et
402 544 426 593 in
440 545 484 595 hoc
492 543 557 609 ponit
569 543 672 593 ultimam
682 541 782 593 hominis
792 542 844 592 feli-

53 609 143 663 citatem.
155 614 202 663 Nee
216 614 299 674 refert,
314 619 423 677 quantum
441 616 468 665 ad
485 614 627 679 propositum
641 614 751 679 pertinet,
766 612 843 663 utrium

52 680 72 729 in
83 682 118 733 illo
129 688 188 735 statu
206 684 322 736 felicitatis
340 684 468 737 intellectus
483 686 600 749 possibilis
612 685 725 749 intelligat
739 686 845 736 subsun-

52 752 88 830 t'as
99 760 215 819 scematas
228 770 270 820 per
280 756 421 808 intellectum
435 762 554 821 agentem,
568 761 595 807 ut
607 758 655 822 ipse
663 757 746 820 seutit3
758 758 794 806 uel
806 758 845 821 (ut

53 837 95 886 ruse
110 826 206 892 imponit
222 827 365 891 Alexandro)
378 830 426 894 (1),
445 830 574 881 intellectus
590 829 708 894 pcmioffis
726 841 844 893 nunquam

54 895 149 963 intelligat
167 898 309 969 snbstantias
325 905 453 965 separatas,
465 905 558 966 propter
568 902 613 951 troc
626 899 687 965 quod
697 900 763 967 ponit
775 900 844 949 intel-

55 966 123 1020 lectum
130 972 265 1036 possibilem
274 972 452 1047 corruptibilem
464 974 505 1023 sed
514 975 583 1025 horno
591 971 699 1035 inteiligit
706 971 844 1022 mistantias

56 1047 152 1102 seranus
170 1056 215 1109 per
230 1042 372 1095 intellectum
391 1047 504 1109 agentem.
522 1046 567 1096 Seri
587 1043 696 1109 praenota
715 1048 777 1095 stare
796 1056 844 1095 non

56 1118 141 1173 possunt.

78 1184 263 1253 fontanidum,
275 1186 329 1252 quia
340 1186 579 1252 siintcllectusagens
592 1190 627 1240 cst
637 1186 763 1239 substantia
776 1200 845 1252 sepa·

53 1253 102 1320 rita,
113 1257 254 1325 impossibile
265 1263 301 1310 est
313 1258 374 1325 quod
387 1272 429 1325 per
441 1260 518 1325 ipsum
527 1260 653 1311 formaliter
663 1259 817 1323 intelligamus
833 1274 840 1310 :

53 1329 95 1389 quia
104 1331 125 1381 id
140 1347 185 1397 qno
200 1332 327 1384 formaliter
336 1344 406 1397 agens
420 1332 480 1398 agit,
496 1337 533 1383 est
544 1332 618 1383 forrna
630 1336 654 1383 et
667 1335 730 1382 actus
743 1332 843 1395 agentis,

52 1398 93 1451 cim
101 1416 163 1456 omno
172 1418 247 1467 agens
256 1408 308 1468 agat
318 1403 343 1453 iu
355 1409 464 1468 quantum
477 1409 514 1456 est
524 1408 591 1468 actu,
601 1404 661 1455 sicut
672 1402 741 1468 cupri
754 1404 841 1454 dictum

52 1474 142 1527 entciraa
154 1476 302 1529 intellectum
319 1476 376 1541 (qu.
391 1480 439 1540 to,
454 1482 496 1526 art.
512 1477 553 1542 ³).

76 1546 186 1614 Secundo,
206 1548 261 1613 qnia
284 1548 409 1599 secundum
427 1548 520 1599 modum
542 1546 694 1613 pradictum,
712 1546 842 1598 intellectus

51 1628 120 1684 agens,
131 1620 197 1673 siest
213 1619 343 1671 substantia
355 1624 470 1684 separata,
479 1633 526 1671 nou
538 1618 629 1670 unietur
639 1619 705 1670 uobis
718 1616 842 1669 secundum

52 1702 103 1740 suam
112 1690 272 1756 substantiam,
288 1692 328 1742 secl
338 1690 410 1742 solirm
420 1692 498 1743 lumen
511 1692 574 1757 ejus,
585 1690 707 1741 secundum
717 1690 777 1756 quod
790 1703 843 1755 par-

52 1760 142 1826 ticipatur
157 1765 183 1815 in
202 1762 327 1814 intellectis
343 1763 481 1827 speculatis,
501 1766 525 1813 et
543 1776 590 1814 non
608 1767 717 1826 quantum
736 1764 763 1812 td
785 1762 842 1812 alias

53 1834 137 1887 actiones
156 1835 294 1887 intellectis
311 1836 412 1899 agentis,
429 1838 456 1885 'ut
468 1835 586 1899 possimus
599 1848 641 1901 per
658 1837 702 1886 hoc
716 1835 843 1898 intelligere

53 1905 175 1959 substantias
193 1905 367 1958 immateriales.
388 1906 453 1957 Sicut
469 1906 524 1956 dum
538 1905 643 1957 vitemus
659 1907 745 1959 colores
758 1904 843 1954 illumi-

53 1982 106 2029 natos
125 1980 215 2041 isole,
234 1990 281 2029 non
298 1976 456 2028 uniturnobis
473 1977 600 2028 substantia
616 1977 671 2028 solis
689 1982 715 2027 ut
729 1976 842 2041 possimus

53 2051 139 2103 actiones
147 2052 205 2103 solis
219 2062 297 2115 agere,
315 2049 355 2100 sed
363 2048 437 2101 solum
450 2049 518 2099 nobis
528 2048 605 2099 unitur
616 2049 693 2099 lumen
702 2046 757 2099 solis
770 2045 798 2097 ad
807 2046 842 2096 ri·

52 2120 124 2175 sionem
134 2126 247 2176 colorum.
591 2127 595 2136 ’

75 2194 153 2259 fertio,
164 2196 221 2261 quia
228 2194 281 2246 dato
290 2191 351 2258 quod
358 2188 483 2243 secundini
494 2192 587 2243 modum
596 2190 729 2256 pradictum
741 2188 845 2241 uniretur

53 2266 107 2317 nolis
123 2267 252 2319 mbctantia
269 2264 401 2317 frutectis
418 2265 525 2329 agentis,
539 2268 617 2315 umen
631 2262 676 2329 ipsi
691 2274 737 2313 non
755 2264 844 2327 ponunt

53 2335 100 2396 ruta
114 2340 243 2391 intellectus
255 2350 327 2404 agens
340 2336 439 2387 totaliter
452 2336 544 2386 uniatur
557 2333 624 2386 nobis
636 2332 759 2385 omnnium
772 2346 844 2383 unum

53 2407 182 2474 ineligibile
194 2410 234 2461 rel
244 2411 289 2461 duro
296 2444 305 2473 ‚
316 2409 356 2459 sed
369 2406 495 2459 secundl'm
507 2407 582 2457 omnia
594 2406 710 2456 intellecta
719 2406 843 2472 speculam

54 2479 89 2527 Sed
103 2482 178 2531 omnia
193 2480 312 2531 intellecta
327 2478 444 2543 speculata
460 2476 571 2528 deficiunt
589 2475 698 2526 farirtnto
714 2474 845 2524 intellectus

55 2553 144 2614 agentis,
155 2552 210 2618 quia
224 2550 296 2603 multo
307 2550 359 2617 plus
371 2554 407 2601 est
419 2550 546 2611 intelligere
561 2547 699 2597 substantias
709 2549 825 2609 separatas
832 2582 842 2608 ,

55 2622 108 2681 quin
120 2624 250 2689 intelligere·
261 2620 340 2675 omnia
350 2620 484 2672 materialia.
500 2619 566 2669 Unde
577 2618 724 2669 manifestum
737 2621 773 2668 est
781 2615 843 2681 quod

81 2732 109 2795 fl)
127 2736 280 2795 Aphrodisuo
298 2732 355 2793 putt
374 2731 414 2790 qui
430 2732 518 2789 primns
531 2734 698 2776 commentator
712 2724 846 2775 Aristotelis

57 2792 98 2855 fuit,
107 2800 149 2844 etsi
159 2798 279 2845 Aristoteli
289 2810 352 2854 smpe
362 2796 515 2841 contradicat.
525 2794 576 2839 Nou
584 2799 610 2838 ut
617 2792 722 2850 quedam
731 2792 846 2837 editiones

59 2855 137 2919 locunt,
149 2858 342 2911 Ateoeoorlrtmo,
358 2859 410 2904 cum
429 2855 561 2904 Alexander
573 2854 742 2901 Alexandrinus
755 2852 803 2914 (rel
817 2849 845 2893 (ie

58 2921 201 2987 liternuuria)
214 2936 243 2971 ex
255 2922 341 2971 urtice
353 2923 468 2968 lituorum
482 2930 543 2966 anuo
555 2917 617 2967 tant
630 2915 735 2965 floruisse
747 2916 844 2973 dicatur,

58 2990 93 3027 ue
103 2986 188 3035 um
205 2986 326 3047 emmau
338 2985 479 3033 nummus.
