1984 3309
119 140 151 187 ll
316 150 375 187 runs
391 150 414 197 1,
430 149 525 193 onssr.
542 149 613 197 uun,
629 150 685 187 uun.
701 152 720 189 r.

121 225 243 289 corporalis
260 238 306 275 non
319 224 461 289 praecesserit
477 228 579 288 tempore
594 224 752 278 formationem
770 227 857 291 ipsium
877 233 921 281 sed

121 295 193 345 soldm
208 294 293 357 origine
306 295 342 345 uel
355 295 434 347 ordinm
450 296 548 345 nature.
559 295 602 345 Atii
618 295 685 359 uerit,
700 300 726 346 ut
738 296 849 358 Basilius,
862 300 919 350 Am·

120 366 208 417 brosius
219 370 242 417 et
252 366 439 430 chrysostomus,
452 367 531 417 rolant
541 366 601 431 qudd
612 367 739 418 informitas
750 369 851 420 materia
860 373 920 421 tem·

119 452 172 503 pore
190 438 333 503 praecesserit
346 438 511 489 formationem.
529 440 558 489 dt
574 439 678 503 quamuis
696 440 732 489 dre
749 439 867 504 opiniones
881 442 920 492 ui-

119 510 213 559 deantnr
229 522 279 559 esse
301 510 429 570 midranis,
446 513 522 560 tamen
542 523 620 575 pamm
641 511 669 560 ab
683 511 784 561 induem
796 510 919 571 fideman

119 580 185 629 aliter
201 580 260 630 enirn
281 580 363 643 accipit
382 579 565 631 informationem
579 581 680 631 rnateriae
695 582 838 645 Augustinus
850 584 920 647 qultm

119 652 166 701 alii.
177 653 317 713 Augustinus
326 654 386 702 enirn
397 652 480 717 ancipit
488 651 651 702 informitatem
662 651 761 704 materiae
771 667 811 717 pro
819 657 922 707 carentia

118 724 192 775 omnis
201 724 293 785 formae3
304 722 370 775 etsie
381 724 521 787 impossibile
531 727 566 774 est
576 724 651 774 dicere
660 723 720 788 qu'od
732 724 862 776 informitas
870 741 921 777 rna-

118 796 181 846 terim
195 798 296 859 tompore
311 796 455 861 praecesserit
468 796 503 846 uel
518 797 676 846 formationem
688 795 761 859 ipsius
776 798 812 849 rel
826 798 922 851 distinc-

118 867 210 917 tionem.
231 866 259 916 Et
276 869 304 917 dn
323 866 456 917 formatione
475 868 565 931 quidem
579 868 725 920 manifestum
743 873 781 918 est
797 868 839 919 :si
856 871 921 922 euim

121 939 215 989 materia
229 938 332 989 informis
344 940 461 1003 praecessit
472 939 605 1001 duratione,
617 940 665 989 hnc
676 942 725 989 erat
732 938 782 1002 jam
794 944 845 990 antu
852 977 861 1004 ‚
876 942 923 993 hoe

122 1010 183 1063 enim
198 1008 280 1061 creatio
290 1007 396 1075 importat
405 1027 411 1074 ;
421 1009 543 1061 creationis
554 1009 615 1061 enim
631 1010 742 1061 terminus
753 1014 791 1060 est
803 1024 844 1061 ens
858 1017 921 1063 autu.

122 1083 198 1147 lpsnm
215 1092 290 1132 autern
303 1083 362 1147 quod
377 1088 413 1133 est
430 1088 508 1143 antus,
522 1087 556 1133 est
570 1084 649 1133 forma.
671 1082 749 1133 [tinere
767 1083 835 1147 igitur
850 1090 924 1137 mate-

123 1153 180 1203 riam
191 1155 319 1217 praeoedere
331 1154 380 1204 sine
391 1154 477 1217 torma,
487 1158 524 1204 est
536 1154 611 1205 dimne
623 1172 636 1201 n
648 1168 690 1204 ens
699 1160 751 1204 antu
765 1155 814 1205 sine
826 1160 895 1219 antu3
908 1176 922 1204 »

121 1224 182 1291 quod
193 1222 294 1289 implioat
305 1224 516 1275 contradictionem.
526 1225 574 1275 fiee
588 1226 656 1276 etiam
667 1230 741 1291 potest
751 1226 796 1275 diei
810 1224 870 1290 qudd
880 1228 924 1279 lta-

121 1296 171 1346 bnit
186 1296 282 1360 aliquam
303 1294 399 1347 formam
412 1310 572 1358 communem,
586 1302 610 1347 et
622 1300 765 1361 postmodum
782 1312 925 1363 superuene-

122 1371 175 1417 runt
193 1367 216 1419 ei
234 1368 311 1418 torma
331 1367 426 1419 diverse
445 1368 529 1431 quibus
547 1368 578 1419 sit
591 1368 712 1432 distincta3
731 1370 844 1433 quiahoc
860 1377 926 1423 esset

122 1436 182 1489 idem
196 1453 247 1489 enm
258 1439 364 1503 opinione
378 1440 522 1504 antiquonum
533 1441 678 1503 naturalium,
689 1441 730 1503 qui
740 1445 864 1504 posunerunt
875 1456 925 1493 ma·

123 1510 202 1564 tonum
210 1510 305 1574 primam
315 1524 366 1561 esse
376 1511 465 1575 aliquod
474 1525 556 1575 eorpus
564 1512 589 1561 in
599 1516 661 1574 amn,
671 1511 727 1575 putlt
735 1512 821 1575 ignem,
833 1525 923 1576 aarum,

123 1585 162 1632 arnt
171 1594 262 1645 aquam,
271 1585 310 1630 aut
323 1580 414 1645 aliquod
424 1582 536 1632 medium.
550 1583 583 1631 Ex
596 1595 642 1647 qno
655 1584 791 1645 sequebatur
801 1581 862 1647 qudd
872 1583 926 1635 lteri

123 1666 169 1705 non
177 1658 238 1703 esset
247 1652 290 1703 nisi
298 1652 398 1717 alterari3
409 1654 461 1719 quia
471 1652 566 1703 admitte
577 1654 649 1704 forma
657 1656 788 1719 praerodens
799 1656 863 1706 daret
873 1670 926 1707 esse

123 1730 175 1775 antn
188 1723 213 1775 in
227 1736 311 1789 genere
324 1724 453 1777 substantia
467 1730 490 1776 et
504 1726 588 1777 iaceret
605 1739 655 1776 esse
669 1726 713 1776 hon
729 1724 829 1791 aliquid,
842 1740 926 1791 sequo-

123 1798 189 1847 ltatnr
207 1796 268 1861 quod
284 1797 448 1863 superueniens
466 1798 540 1849 forma
558 1812 606 1849 non
627 1798 712 1848 iaceret
732 1797 866 1862 simpliciter
881 1815 927 1849 ens

124 1872 199 1922 ncta,
216 1870 255 1919 sed
269 1884 310 1919 ons
323 1872 381 1919 nolu
398 1869 454 1928 dor,
468 1868 529 1933 quod
544 1873 580 1920 est
589 1868 707 1934 proprium
719 1868 799 1919 formae
818 1869 925 1921 acciden-

123 1934 193 2003 talis„
201 1940 230 1989 Et
240 1938 274 1990 sie
290 1944 410 2004 sequentes
421 1941 500 1991 forma
510 1944 588 1992 essent
597 1940 731 2003 assidentia,
739 1939 864 1993 sosannim
872 1956 926 2005 qun

125 2025 171 2063 nun
186 2011 309 2062 attenditur
329 2012 459 2075 generatio,
473 2012 513 2063 sed
530 2012 641 2063 alteratio.
657 2012 721 2062 Unde
738 2015 828 2076 oportet
846 2011 926 2063 dicere

125 2082 185 2147 qndd
195 2082 288 2134 materia
297 2082 450 2147 primamque
460 2082 743 2133 lnitmeatnnmninosine
758 2082 839 2146 torma,
848 2096 926 2148 neque

125 2155 167 2204 sub
183 2154 255 2205 forma
271 2168 316 2205 una
330 2155 445 2205 nonrmnni
452 2192 460 2219 ‚
475 2156 515 2205 sed
528 2155 570 2205 sub
583 2154 661 2204 formis
673 2153 795 2205 distinotis.
806 2156 835 2204 Et
847 2154 894 2219 ita,
905 2156 927 2205 si

125 2226 252 2278 informitas
265 2228 366 2278 materia
382 2228 493 2278 referatur
507 2227 537 2277 ad
551 2225 704 2277 conditionem
718 2225 798 2291 prima
809 2226 924 2290 materia,

127 2312 177 2363 quan
190 2299 313 2349 secundnm
322 2312 350 2350 se
362 2313 407 2349 nnn
422 2299 490 2349 hahet
501 2298 599 2361 aliquam
611 2297 705 2347 formam
713 2336 720 2359 ‚
729 2296 858 2347 informitas
874 2311 925 2347 ma-

127 2372 189 2421 teria
208 2385 254 2423 nnn
273 2372 388 2436 precessit
403 2375 506 2435 tempore
524 2370 682 2421 formationem
695 2384 737 2421 seu
752 2369 924 2420 distinctionem

126 2442 210 2506 ipsim,
222 2448 248 2494 ut
260 2443 397 2507 Augustinus
408 2443 477 2504 dieii,
488 2444 529 2493 aed
543 2442 630 2506 origine
643 2456 685 2493 seu
694 2446 776 2492 natura
783 2440 884 2505 tantitm,
895 2455 926 2493 eo

126 2515 193 2565 modo
205 2530 249 2579 qun
261 2515 363 2581 potentin
372 2519 407 2566 est
419 2514 551 2579 primumn,
564 2517 589 2565 et
599 2518 714 2579 parstoto.
726 2511 770 2563 Alii
782 2511 837 2563 ueni
850 2514 927 2563 munti

127 2679 173 2724 tole
184 2680 280 2739 aliquid
291 2683 366 2741 [ariane
374 2683 464 2741 [notum
474 2682 622 2739 partem-quin
631 2684 653 2725 et
661 2680 714 2724 olirt
725 2691 817 2737 quoque
826 2680 924 2723 notione

126 2742 255 2800 informem
264 2749 354 2790 terram
365 2746 432 2803 serit,
442 2745 502 2801 quin
515 2747 569 2801 ipsa
581 2749 613 2789 eet
623 2744 715 2789 nutrix
724 2747 808 2787 nostro
816 2740 882 2786 unda
894 2753 927 2785 tte

128 2816 179 2911 ἓξὲξ
195 2806 243 2913 tippp
258 2805 398 2867 beneficium
410 2806 559 2855 tribuamus,
570 2818 622 2853 mm
630 2805 742 2865 primum
759 2804 862 2850 ostendit
878 2816 925 2847 ru-
