1984 3309
162 190 206 236 tlt
338 194 400 235 nass
416 198 437 247 r,
453 196 545 243 onam.
559 195 631 245 rnen,
648 195 703 234 nnn.
721 195 772 234 vrrs.

159 274 211 326 dieo
224 272 405 338 intelligentiam,
416 287 461 338 qua
471 274 621 337 intelligimus
632 275 773 339 regitanum
782 276 807 326 et
814 287 866 326 earn
876 276 947 326 solun·

159 348 230 413 tatem
240 385 247 408 ,
260 346 310 397 sire
322 356 435 412 amorem,
449 346 487 397 vel
497 346 640 397 fflecdcnem
646 384 655 411 ,
668 360 720 410 quae
732 347 805 411 ipsam
816 347 902 411 prolem
914 359 947 411 pa·
975 359 977 404 j

158 421 291 481 realemque
304 417 430 483 conjungit.
449 435 463 466 u
480 420 516 469 lin
528 432 573 483 quo
583 422 648 483 patet
661 419 721 483 quod
736 419 862 483 imaginem
873 418 948 469 diviua
975 439 977 472 r

159 488 277 540 Trinitatis
287 490 434 555 potiuspouit
441 491 465 541 in
472 487 623 555 intelligentia
631 496 655 541 et
662 490 779 541 uoluntate
790 492 882 555 acmab,
890 490 949 557 quim
975 477 977 540 l

159 561 282 613 secundini
295 562 354 627 quod
374 566 427 612 sunt
447 563 472 612 in
488 562 600 613 habituali
613 563 741 613 retentione
753 562 874 616 memoria
885 581 892 627 3
905 564 950 613 lieet
975 581 977 646 q

158 634 227 685 etiam
244 636 354 699 qnantum
372 635 398 685 ad
417 636 461 685 boc
477 633 636 697 aliquomodo
652 634 683 684 sit
701 634 778 699 imago
799 635 916 687 Trinitatis
930 635 949 684 in
975 649 977 702 Ι

159 705 250 770 amma,
266 710 292 756 ut
303 705 389 757 ibidem
401 706 490 758 dicitas.
505 707 535 756 Et
548 707 582 756 sic
594 709 659 771 patet
671 707 732 771 qnod
745 707 876 771 memoria,
890 707 949 757 intel-
975 705 977 754 Ι

157 777 252 841 ligantia
266 780 290 828 et
305 778 408 829 voluntas
421 790 467 829 non
481 781 536 828 sunt
547 782 595 828 tres
606 779 684 843 sires,
698 780 725 828 nt
739 776 765 827 in
780 779 907 830 &utentis
918 778 950 828 di-

96 869 101 885 ·
160 848 226 900 citur.
975 877 977 880 ·

182 922 224 985 ,td
240 924 343 986 quartum
357 920 490 983 dicendum,
505 920 567 986 qubd
577 920 659 986 aliquis
677 922 817 987 respondere
829 926 908 989 posset
916 936 950 989 per

158 994 202 1043 hoc
215 994 273 1057 quod
289 993 429 1055 Augustinus
444 992 500 1043 dicit
514 994 573 1043 xlv.
589 995 627 1043 De
641 995 734 1044 Trinit.
747 996 816 1061 (cap.
835 994 866 1062 o)
877 1032 886 1060 ,
899 994 951 1060 qnod

160 1082 175 1113 u
184 1078 249 1116 mens
264 1077 353 1130 semper
367 1065 402 1115 slri
416 1066 534 1128 meminit,
545 1078 673 1131 semperne
686 1065 808 1131 inlelligit,
823 1072 848 1119 et
859 1073 925 1119 amat.
939 1083 951 1112 s

159 1134 223 1195 Quod
237 1135 327 1199 quidam
341 1134 374 1183 sic
382 1134 530 1199 intelligunt,
542 1136 609 1200 qnasi
621 1136 703 1188 animae
712 1138 771 1187 adsit
782 1138 880 1188 actsralis
889 1136 950 1187 intel-
975 1139 977 1174 ῑ

159 1206 249 1269 digentis
259 1210 283 1257 et
294 1220 356 1257 amor
367 1206 404 1257 sui
418 1208 501 1272 ipsius.
514 1208 559 1259 Sed
573 1221 635 1258 nune
648 1208 789 1260 intellectum
802 1209 905 1261 excludit
916 1223 952 1273 per

158 1280 203 1329 lucc
213 1279 273 1346 quod
292 1278 380 1344 subdit,
393 1278 452 1343 qnbd
465 1298 478 1327 u
492 1292 539 1329 non
553 1290 644 1345 semper
656 1291 681 1330 se
694 1279 781 1344 cogitet
796 1282 919 1334 discretam
930 1282 953 1329 ab

158 1350 195 1400 bis
205 1364 256 1415 qua
268 1364 315 1402 non
325 1355 378 1402 sunt
390 1352 450 1415 quod
461 1351 543 1416 ipsa.»
554 1352 583 1401 nt
594 1354 627 1403 sic
635 1356 700 1417 patet
710 1354 770 1416 quod
781 1354 860 1405 anima
871 1366 954 1416 semper

158 1422 264 1488 intelligit
278 1426 369 1474 elamat
380 1437 404 1474 se
413 1460 420 1486 ‚
429 1437 476 1474 non
485 1424 614 1488 actualiter,
625 1427 665 1476 sed
680 1425 838 1477 habitualiter.
853 1425 954 1487 Quamvis

54 1500 59 1512 '
159 1494 205 1545 diei
221 1495 294 1559 possit
310 1494 370 1559 qudd
390 1496 537 1561 percipiendo
550 1502 625 1552 actum
640 1510 725 1561 snum,
736 1498 837 1562 seipsam
855 1497 954 1559 intelligit
975 1545 977 1558 ἰ

158 1566 342 1631 quandocumque
355 1566 439 1631 aliquid
453 1566 568 1631 iutelligit.
579 1568 624 1619 Sed
635 1568 688 1632 quia
699 1582 746 1619 nen
757 1583 852 1633 semper
863 1575 898 1621 est
910 1572 954 1619 actu

156 1638 303 1701 intelligens,
317 1642 344 1688 ut
360 1640 424 1701 petet
439 1638 464 1688 in
478 1639 623 1702 dormiente,
638 1640 689 1690 ideo
706 1643 795 1704 oportet
808 1640 888 1693 dicere
903 1640 953 1705 quod

158 1710 332 1772 actus,etsiuon
343 1715 547 1775 sempermaneant
555 1712 579 1761 in
587 1710 777 1776 seipsis,mauent
786 1715 867 1765 tamen
874 1725 954 1776 semper

158 1779 182 1829 in
196 1780 244 1831 saris
257 1781 387 1845 principiis,
402 1782 489 1833 scilicet
498 1782 608 1847 potentiis
622 1786 645 1833 et
657 1782 781 1834 habitibus.
793 1783 861 1836 Unde
876 1787 954 1848 suque

159 1851 223 1902 tinus
237 1852 291 1902 dicit
304 1854 362 1903 llll.
380 1854 418 1903 De
436 1855 530 1903 Trinit.
547 1855 616 1919 (cap.
638 1854 666 1920 l)
684 1871 691 1904 t
707 1872 721 1902 u
731 1853 759 1904 Si
773 1856 902 1908 mcundim
917 1858 954 1905 boc

158 1924 218 1973 iacta
232 1927 267 1974 est
284 1925 312 1974 ad
325 1925 448 1989 imaginem
463 1926 504 1977 Dei
518 1926 593 1977 aniona
606 1926 738 1991 usensis,
750 1925 811 1993 quod
824 1929 862 1978 uti
874 1929 954 1979 ratione

159 1998 226 2061 atquc
244 1996 360 2049 intellectu
381 1998 410 2047 ad
431 1997 653 2061 intelligendumet
675 1998 866 2064 conspiciendum
886 2001 954 2052 mun

159 2072 243 2136 polest,
258 2066 364 2121 abluitis
378 2083 421 2133 quo
433 2082 482 2121 esse
497 2070 576 2135 rupit,
587 2069 631 2120 luit
640 2070 666 2121 in
677 2082 705 2122 ea
716 2070 760 2122 [lei
770 2070 857 2136 imago.
870 2090 885 2121 »

442 2222 601 2275 namnetes
614 2224 675 2276 T111.

162 2340 249 2385 Histra
267 2339 347 2398 canopo
365 2340 451 2386 divinas
474 2340 605 2386 Trinitatis
621 2341 654 2386 sit
676 2340 704 2386 ἐκ
720 2341 806 2387 ammo
823 2344 905 2389 sotum
918 2353 955 2400 per

264 2405 464 2461 comparationem
477 2403 510 2449 cd
522 2402 647 2460 adjunctam,
658 2403 721 2462 quod
733 2407 769 2449 est
777 2405 852 2451 Deua.

190 2521 223 2571 ild
236 2522 342 2570 somnum
361 2521 394 2571 sie
410 2522 539 2587 proceditur
550 2521 593 2587 (t).
605 2522 699 2572 videtur
712 2522 772 2586 qued
783 2522 861 2587 imago
876 2523 955 2575 divina

158 2591 275 2645 Trinitatis
285 2592 315 2642 sit
323 2592 348 2642 in
356 2592 441 2657 anima,
451 2607 497 2643 aron
506 2593 580 2643 solium
589 2606 631 2659 per
638 2594 831 2660 comparationem
842 2596 872 2645 ad
881 2594 955 2658 objec-

157 2666 220 2726 tum,
233 2662 293 2727 quod
308 2666 342 2713 est
354 2664 422 2715 Deus,
437 2664 514 2728 Imago
526 2665 589 2715 enirn
609 2664 690 2716 diviua
705 2665 823 2717 Trinitatis
841 2666 955 2717 inuenitur

156 2730 184 2785 'in
199 2734 287 2794 anima,
303 2735 361 2787 sicut
373 2736 459 2786 dictum
472 2740 507 2788 est
518 2739 579 2799 (art.
591 2734 636 2801 T),
649 2736 773 2789 secundnm
788 2740 850 2802 quod
866 2737 955 2788 verbum

192 2860 223 2923 (l)
240 2864 273 2909 De
284 2863 320 2909 bis
333 2863 595 2924 etiam1,Sent.,dist.
608 2864 632 2926 ³,
644 2880 684 2925 qu.
698 2866 722 2926 t,
737 2872 781 2914 art.
793 2864 822 2922 ἡ
833 2873 858 2916 et
869 2879 908 2925 qu.
919 2862 954 2922 tl,

160 2931 203 2972 art.
213 2924 244 2981 tp
260 2932 285 2973 et
295 2938 334 2985 qu.
347 2926 390 2987 rc,
401 2927 433 2973 de
443 2928 503 2973 sarit
515 2941 522 2989 ᾖ
536 2933 581 2974 art.
591 2927 615 2973 T.
