1984 3309
116 193 150 230 nn
162 189 346 232 raovaenrronn
358 184 472 244 maasia,
486 189 600 239 onam
612 193 645 232 an
658 192 762 235 manus.
796 183 845 234 aas
868 220 871 233 .

40 270 79 320 vel
94 267 221 321 semndbm
235 268 385 333 quantitatem
397 269 500 334 mutim,
512 270 571 322 ment
584 271 666 322 accidit
677 271 703 322 in
713 272 845 336 rareiamis,

40 353 140 406 qnorum
157 339 252 390 materia
266 339 364 404 suscipit
377 341 475 404 majorca
490 340 657 407 dimensionem
672 345 710 395 vel
728 344 799 394 etiam
811 359 848 396 sc·

39 411 144 464 cundum
163 411 313 462 substantiam
333 412 442 464 materie.
458 411 510 464 Sola
527 419 602 466 auum
622 415 702 466 cadem
722 415 849 467 amstantia

39 483 146 536 materie
162 487 278 546 manente,
295 495 341 534 uon
354 486 430 548 petest
442 483 487 534 dici
499 484 560 550 qubd
570 487 602 535 sit
617 485 780 552 multiplicata3
793 487 849 552 qnia

38 558 105 606 idem
120 555 151 606 ad
164 555 265 618 seipsum
274 568 322 605 non
332 555 451 605 constitnit
461 555 639 620 multitudinem,
651 555 703 607 cbm
712 571 808 609 necesse
818 559 849 610 sit

38 641 133 679 omnem
147 626 316 678 multitudinem
326 639 356 676 err
366 625 441 690 aliqua
450 627 563 678 divisione
572 627 668 678 causari.
682 629 748 680 Unda
758 633 849 694 oportet

37 699 103 764 qubd
117 699 196 766 aliqua
212 697 257 748 alia
268 697 395 748 substantia
408 698 509 750 materiae
520 700 640 764 adveniat,
651 701 689 751 vel
699 715 741 766 per
753 701 850 753 creatio-

37 785 95 823 nem
101 808 110 834 ,
122 770 161 820 vel
171 783 213 833 per
225 769 398 820 couversionem
408 769 501 820 alterius
511 769 536 820 in
545 769 627 834 ipsam.
640 772 703 822 llnde
712 771 849 836 relinquitur

36 843 103 907 quiid
113 849 163 893 nou
178 841 341 906 potestatique
352 839 445 893 materia
457 839 616 905 multiplicari,
629 839 675 892 uisi
686 842 724 892 vel
737 856 777 906 per
787 856 847 896 rare-

36 913 185 972 fannonem,
202 912 261 962 sicut
284 911 335 962 crim
356 926 384 962 ex
404 925 461 976 aqua
482 912 509 962 llt
526 925 577 976 eer3
594 913 632 962 vel
649 925 690 976 per
710 913 848 967 additionem

36 985 137 1036 alterins
149 983 197 1046 rei,
209 984 268 1032 sicut
279 982 440 1047 multiplicatur
451 982 511 1046 iguis
522 996 563 1046 per
573 983 711 1034 additionem
724 983 846 1050 liguornm3

35 1059 73 1108 vel
94 1065 139 1122 per
153 1055 292 1105 creationem
309 1056 419 1106 mabalon.
434 1054 479 1104 Sed
493 1053 643 1120 manifestum
660 1060 696 1106 est
710 1055 848 1124 multiplica·

34 1130 130 1179 tionem
142 1125 244 1176 materie
262 1126 404 1176 inhumanis
417 1125 548 1190 corporibus
559 1139 606 1176 nou
619 1126 721 1178 accidere
733 1140 775 1191 per
788 1140 849 1178 rara-

34 1200 182 1260 factioncm‚
197 1197 251 1262 quia
269 1196 303 1247 sic
319 1207 413 1262 corpora
431 1197 549 1248 bominum
562 1198 670 1261 perlecto
684 1198 759 1249 etatis
773 1204 849 1250 essem

34 1269 216 1337 imperiectiora
230 1268 299 1334 quim
317 1281 411 1332 corpora
423 1282 556 1333 puerorum.
570 1270 617 1320 Nec
632 1270 715 1320 iterum
731 1283 773 1334 per
786 1284 849 1321 mea·

34 1345 129 1395 tionem
138 1355 207 1394 move
219 1339 332 1404 mannia,
343 1339 396 1404 quia
406 1339 532 1391 secundnm
546 1340 678 1404 emporium
687 1340 744 1406 (lib.
755 1341 848 1392 xxxii.

35 1415 146 1479 lierni,
163 1425 215 1478 cap.
235 1417 249 1462 9
265 1409 302 1463 iel
315 1415 343 1461 lt
352 1412 376 1474 ),
391 1411 467 1462 omnia
484 1411 553 1462 simul
565 1415 619 1462 sunt
633 1416 709 1462 creata
722 1411 848 1462 secundnm

36 1483 199 1547 substantiam
220 1483 334 1546 materie,
352 1481 408 1535 licet
428 1495 474 1533 non
495 1482 626 1534 secundirm
639 1482 740 1547 speciem
760 1482 849 1536 iormae.

37 1559 105 1608 Unde
127 1555 266 1620 relinquitur
281 1553 341 1619 quod
357 1554 515 1618 multiplicatio
533 1553 633 1620 corporis
647 1553 742 1605 humani
758 1567 805 1605 non
826 1555 851 1606 lit
889 1599 892 1604 .

36 1629 86 1679 nisi
99 1640 146 1693 per
159 1629 204 1678 boc
217 1625 279 1690 quod
289 1625 422 1677 alimentum
438 1625 577 1676 convertitur
589 1627 613 1675 in
623 1625 744 1676 reducem
756 1626 851 1677 bomani

36 1703 158 1764 corporis.
167 1695 266 1761 Quarto,
277 1697 331 1760 qnia
344 1696 395 1747 cim
406 1697 475 1748 homo
486 1709 533 1748 non
543 1697 632 1748 diderat
645 1697 674 1747 ab
684 1696 820 1749 animalibus
827 1702 851 1750 ct

36 1771 131 1834 plantis
143 1769 268 1820 secundina
282 1767 380 1818 animam
394 1767 555 1834 vegetabilem,
565 1774 698 1832 sequoretur
708 1768 769 1833 qnod
780 1769 850 1822 etiam

37 1855 142 1907 corpora
153 1841 287 1891 animalium
297 1844 320 1890 et
330 1840 458 1904 plantarum
469 1853 516 1891 nou
529 1839 733 1904 multiplicarentur
744 1854 785 1904 per
795 1853 850 1892 con·

37 1914 177 1965 versionem
198 1911 300 1962 abmcnti
319 1911 344 1960 in
363 1924 446 1976 corpus
465 1911 590 1974 umatum
609 1911 650 1962 sed
669 1923 710 1975 per
729 1913 850 1974 qnamdam

38 1981 274 2049 multiplicationem,
289 1995 397 2047 praeamn
407 1986 542 2055 potestesse
556 1982 679 2045 anmals,
689 1980 742 2031 cim
755 1980 850 2032 materia

38 2053 175 2108 secundiani
186 2058 291 2104 naturam
301 2067 347 2105 noa
357 2054 491 2105 extendatur
502 2054 547 2104 nisi
559 2054 669 2118 usquead
683 2056 768 2103 certam
777 2064 851 2116 quan-

39 2131 153 2187 titutem,
164 2139 207 2176 net
223 2125 338 2188 (iterum)
353 2125 483 2176 inveniatur
496 2126 582 2189 aliquid
595 2124 728 2174 naturaiiter
738 2136 850 2185 crescere

38 2201 87 2250 uisi
97 2213 147 2264 per
158 2197 332 2248 rarefactioucm
341 2198 378 2248 vol
392 2196 564 2248 conversionem
580 2195 675 2246 alterius
687 2195 713 2244 in
723 2193 807 2258 ipsum
821 2195 851 2244 Et

38 2273 73 2322 sic
87 2276 170 2322 totum
188 2281 246 2334 opus
259 2269 397 2332 generativa
415 2273 439 2319 et
456 2268 647 2331 nutritiumque
662 2266 767 2316 dicuutur
784 2267 851 2316 vires

39 2340 194 2404 naturales,
204 2345 264 2392 essct
272 2336 441 2392 miraculosum.
453 2340 518 2400 Quod
527 2343 564 2391 cst
575 2339 667 2390 omnino
676 2337 850 2390 inconveniens.

73 2415 147 2466 Unde
160 2412 198 2462 alii
215 2413 319 2463 dixerunt
335 2410 397 2476 qudd
409 2413 482 2463 lorma
498 2413 598 2462 bumana
610 2413 686 2475 potest
700 2408 791 2474 quidem
804 2409 852 2461 lieri

39 2491 69 2539 dc
83 2497 156 2538 novo
164 2483 188 2533 iu
201 2485 276 2548 aliqua
289 2485 333 2534 ilia
343 2484 450 2547 materia,
462 2483 483 2534 si
493 2483 649 2534 consideretur
659 2485 739 2532 natura
752 2483 852 2533 bumana

40 2562 65 2609 iu
80 2557 218 2618 commum,
235 2569 280 2606 nou
297 2560 373 2606 autem
390 2555 411 2606 si
426 2555 549 2619 accipiatur
561 2557 629 2618 proni
641 2558 676 2605 est
688 2554 714 2603 in
732 2554 778 2605 boc
793 2553 853 2604 indi·

39 2634 130 2694 viduo,
148 2628 174 2677 in
190 2641 234 2692 qno
250 2628 321 2678 torma
336 2628 436 2678 bumana
451 2626 496 2676 lixa
513 2625 628 2677 manetin
647 2627 743 2689 quadam
758 2625 853 2676 mamma

41 2701 216 2760 eleterminata,
233 2700 270 2749 cni
283 2697 356 2764 prirnd
368 2698 508 2762 imprimitur
520 2697 545 2746 in
557 2695 702 2760 generaboue
713 2697 782 2761 bajus
793 2695 853 2745 indi-

44 2775 126 2836 vidui,
150 2771 183 2821 ita
203 2770 263 2835 qadd
279 2769 343 2820 illam
360 2769 476 2820 materiam
494 2766 711 2834 nuspiam‘deserit
728 2780 800 2831 usquo
823 2766 853 2816 ad

43 2848 155 2898 ultimam
179 2840 289 2894 individui
313 2841 490 2908 corruptionem.
511 2843 539 2891 lit
556 2842 616 2890 bane
636 2840 754 2891 materiam
774 2837 853 2888 dicunt

44 2914 205 2983 paindpabter
214 2913 329 2978 pertinere
343 2915 371 2966 ad
380 2913 500 2964 remmom
511 2913 619 2966 numm
635 2915 731 2964 muro.
741 2909 786 2960 Sol
798 2908 852 2973 quia
