1984 3309
123 178 185 226 omn
201 176 361 217 maurosus
374 177 399 217 tlt
412 178 754 220 uehementissimum.
797 172 845 219 295

36 259 117 307 natura
128 256 206 321 possit
217 256 293 307 lutura
306 261 444 321 cognoscere
451 276 459 322 3
467 274 481 306 u
493 262 519 309 et
530 259 580 310 ideo
589 258 680 323 quando
691 258 813 310 retrahitur
829 260 844 310 a

36 329 138 393 eorporis
149 328 273 389 sensibus,
286 332 310 379 et
320 330 486 393 quonammodo
499 330 620 381 revertitur
633 332 662 382 ad
679 330 796 395 seipsam,
815 332 846 382 sit

35 401 150 465 particeps
163 400 255 451 notitia
263 402 401 451 futurorum.
414 402 443 451 Et
454 402 505 453 haec
514 402 605 466 quidem
614 402 692 467 opinio
703 402 845 454 rationabilis

36 479 111 537 esset,
128 474 150 523 si
161 486 303 537 poneremus
314 472 376 536 qubd
390 473 465 523 anima
477 472 593 539 acciperet
605 474 757 539 cognitionem
768 487 846 526 rerum

36 546 163 595 secundum
176 544 378 609 participationem
391 544 502 609 idearum,
513 544 572 595 sicut
587 546 699 596 Platonici
708 548 843 611 posuerunt3

35 618 86 682 quia
99 618 136 667 sic
147 617 232 668 anima
250 629 278 667 er
294 617 331 667 sui
342 616 587 681 natura'cognosceret'
605 618 745 669 universales
764 630 846 669 causas

36 690 137 740 omnium
150 689 342 752 effectuum,se‹l
356 688 505 753 impediretur
517 702 558 755 per
573 704 670 754 corpus3
682 692 743 741 unde
755 690 847 754 quando

37 761 167 827 hcorporis
182 761 292 813 sensibus
305 762 454 825 abstrahitur,
469 760 545 813 lutura
559 766 716 826 cognosceret.
732 762 776 813 Sed
793 762 848 825 quia

37 833 78 885 iste
89 834 175 884 modus
185 832 339 897 cognoscendi
350 845 396 883 non
407 835 442 883 est
458 834 609 889 connaturalis
623 833 750 892 intellectui
759 836 846 897 nostro,

37 906 75 955 sel
90 904 166 969 magis
184 908 214 954 ut
232 904 387 967 cognitionem
400 903 414 955 h
426 906 531 956 sensibus
548 904 658 973 accipiat;
674 905 726 957 ideo
742 918 789 957 non
812 906 850 955 est

37 978 162 1027 secunlum
173 979 283 1026 naturam
296 975 378 1027 anime
389 974 449 1040 qnhd
464 975 541 1027 lutura
557 981 678 1041 cognoscat
691 990 743 1027 oum
761 976 774 1025 h
791 990 846 1027 sen-

38 1048 101 1098 sibus
114 1048 251 1111 elienatur3
267 1048 308 1097 sed
322 1048 395 1111 magle
406 1062 447 1112 per
459 1048 634 1113 impressionem
650 1048 776 1113 aliquarum
789 1061 844 1099 cau-

38 1124 110 1169 sarum
125 1120 288 1184 superiorum,
304 1117 456 1184 spiritualium
475 1124 506 1171 et·
512 1120 670 1185 corporalium.
690 1119 848 1185 spiritualium

37 1192 136 1255 midam,
151 1191 218 1241 sicut
232 1205 284 1241 cum
294 1192 379 1242 uirtute
392 1191 485 1254 diuina,
494 1192 622 1243 ministerio
635 1192 766 1256 angelorum
780 1190 849 1241 iutel-

37 1262 105 1314 lectus
118 1265 241 1313 humanus
251 1263 407 1327 illuminatur,
422 1267 445 1314 et
454 1265 613 1328 phantasmata
627 1264 759 1316 ordinantur
772 1264 799 1313 ad
813 1263 848 1312 lu-

36 1336 83 1384 tura
98 1334 181 1397 aliqua
196 1334 368 1399 cognoscenda3
382 1335 421 1385 rel
431 1335 562 1397 etiamoum
576 1350 618 1401 per
631 1335 787 1399 operationem
801 1334 850 1384 de-

37 1420 128 1457 monum
146 1406 175 1456 lit
193 1405 270 1470 aliqua
289 1401 412 1458 commotio
427 1408 453 1457 in
469 1408 608 1471 phantasia,
620 1408 649 1457 ad
662 1406 849 1471 presignandunr

36 1478 110 1543 mique
126 1479 210 1527 lutura
227 1492 278 1541 qnae
290 1480 406 1529 daemones
421 1482 574 1543 cognoscunt,
589 1482 614 1529 ut
631 1478 699 1543 supra
715 1478 800 1527 dietum
817 1480 852 1526 est

36 1564 70 1614 qu.
87 1556 138 1611 75,
151 1552 200 1599 art.
218 1548 267 1613 la).
281 1550 417 1613 llujusmndi
430 1554 506 1601 auum
520 1550 683 1615 impressiones
696 1547 849 1614 spiritualium

35 1635 157 1672 cansarum
172 1620 250 1683 magis
260 1624 314 1671 nata
328 1626 363 1672 est
374 1622 450 1673 anima
464 1624 567 1674 humana·
577 1622 694 1687 suscipere
705 1620 782 1672 chmh
797 1634 853 1672 sen-

36 1694 98 1745 srbns
108 1693 239 1753 aberratur,
250 1692 303 1755 quia
313 1707 355 1758 per
369 1696 413 1744 hoc
428 1694 578 1759 propinquior
591 1695 617 1744 lit
630 1693 765 1745 substantiis
779 1693 846 1759 spiri·

36 1766 139 1817 tualibus
149 1804 156 1827 ,
167 1768 194 1816 et
206 1764 279 1829 magis
290 1766 361 1815 libera
373 1767 405 1817 ab
413 1766 562 1817 exterioribus
571 1765 777 1830 inquietudinibus.
791 1766 850 1816 Gon·

37 1837 106 1901 tingit
128 1839 210 1886 autem
227 1839 251 1887 et
263 1837 308 1887 hoc
326 1849 367 1900 per
379 1836 553 1901 impressionem
576 1837 716 1902 superiorum
732 1850 851 1887 causarum

38 1909 203 1974 corporalium.
216 1908 360 1959 Manheshm
369 1912 404 1959 est
414 1910 492 1973 enim,
503 1909 564 1974 quod
573 1920 667 1974 corpora
678 1908 797 1973 superiora
808 1906 851 1957 im-

39 1982 144 2045 primunt
157 1980 186 2031 in
199 1979 432 2045 corporarinleriora3
450 1983 512 2032 unde
527 1992 578 2031 cum
594 1980 656 2031 vires
671 1979 788 2031 sensitiva
806 1978 853 2029 siut

40 2059 105 2105 actus
120 2049 274 2118 corporalium
292 2066 442 2118 organorum,
460 2066 605 2117 mnseqnens
625 2055 659 2103 est
679 2052 739 2117 quod
756 2064 786 2101 er
808 2051 851 2100 im·

41 2127 164 2191 pressione
177 2126 306 2177 caelestium
314 2139 445 2191 corporum,
455 2126 587 2177 immutetur
600 2124 764 2189 modammodo
777 2124 851 2188 phan-

42 2200 109 2250 tasia.
126 2198 194 2249 Unde
205 2196 259 2247 cium
271 2198 371 2249 coeletia
386 2212 482 2263 corpora
500 2197 547 2249 sint
564 2211 631 2249 eausa
646 2197 769 2247 multorum
786 2196 852 2245 lutu-

43 2271 198 2331 rorum,iiunt
204 2268 228 2317 in
237 2268 399 2331 imaginatione
408 2269 554 2334 abunasigru
561 2269 710 2332 quorumdam
716 2267 851 2317 futurorum.

44 2345 98 2395 llere
109 2347 190 2393 autem
204 2341 271 2404 signa
283 2341 357 2405 magis
376 2342 533 2406 percipiuntur
544 2341 569 2391 in
580 2344 662 2405 noem,
678 2343 701 2390 et
713 2338 727 2389 i
740 2340 853 2391 dormien-

45 2416 124 2476 tibus,
136 2411 209 2477 'quitm
221 2414 248 2464 de
258 2412 296 2463 (lle
301 2451 310 2476 ,
320 2417 344 2463 et
354 2413 368 2464 h
377 2413 542 2477 variantibus3
553 2412 620 2477 quia,
632 2416 657 2462 ut
668 2412 749 2463 dicitur
762 2411 787 2461 in
796 2410 853 2463 libro

47 2479 180 2537 Decumo.
200 2488 225 2534 et
242 2484 339 2550 cipit:
354 2486 435 2544 «Qnae
453 2486 586 2536 deteruntur
596 2485 624 2534 de
636 2484 681 2549 die,
700 2484 856 2534 dissolvuntur

48 2559 128 2622 magis.
138 2558 196 2607 Plus
208 2560 244 2608 est
257 2556 318 2607 enim
332 2560 381 2607 stne
394 2556 523 2608 turbatione
538 2570 576 2607 aer
584 2556 667 2617 nemis,
678 2569 705 2607 en
715 2555 775 2620 qnod
787 2555 855 2607 silen-

48 2632 116 2682 tiores
125 2633 181 2680 sunt
195 2633 281 2687 noctes
292 2632 316 2680 et
329 2628 353 2678 in
362 2641 456 2693 corpore
470 2628 557 2679 iaciunt
571 2642 674 2690 sensum,
689 2631 781 2693 propter
790 2641 854 2679 som·

49 2716 112 2765 num,
128 2701 184 2765 qnia
194 2701 260 2766 parri
272 2704 346 2751 motus
358 2700 478 2752 interiores
489 2700 563 2765 magis
575 2698 702 2751 sentiuntur
716 2699 855 2751 thermien-

49 2860 149 2905 ticorum
168 2858 324 2905 murationes
338 2858 478 2915 rejiciendae
489 2862 515 2903 et
525 2856 597 2915 impia
614 2856 765 2903 deliramenta
776 2854 856 2909 explo-

50 2923 127 2968 alenrla
140 2922 175 2968 sic
186 2928 260 2979 urget.
