1984 3309
130 171 176 225 tat
332 183 393 224 runs
409 181 432 236 r,
445 177 537 230 onear.
551 181 624 229 em,
636 181 691 221 nur.
707 183 725 220 r.

129 261 257 325 communi,
277 261 400 313 mounddm
423 263 525 311 nutritam
543 259 642 324 aperiei;
657 259 702 309 alio
720 258 789 310 ruodo
807 255 928 308 reenndirm

130 335 190 398 quod
201 337 236 384 est
248 333 272 384 in
286 334 331 384 lton
342 332 465 384 indiuiduo.
482 333 516 382 td
526 331 646 382 raritatem
656 329 728 399 igitur
738 333 827 381 naturae
836 328 930 394 adonius

129 404 154 456 in
169 403 284 456 communi
305 403 470 464 consideratae,¹
484 404 584 468 pertinet
600 403 673 452 torma
686 406 711 453 et
728 401 827 452 matema
846 399 931 466 ejusin

130 475 245 527 communi
258 478 358 540 arrepta.
377 475 411 524 td
423 474 544 526 ueritatem
560 477 636 524 autem
647 476 735 531 naturae
746 473 772 523 in
782 475 829 525 troo
837 471 933 538 partiou-

130 547 172 599 lari
181 547 342 610 considerate,
350 547 448 612 pertinet
458 547 552 598 materia
561 541 706 598 individualis
715 546 819 609 signata,
829 550 856 597 et
867 546 933 596 torna

130 633 172 684 per
191 617 320 682 hujusmodi
337 617 455 668 materiam
470 618 635 669 indiuiduata:
654 617 714 668 sium
728 619 757 668 de
774 617 877 669 veritate
895 618 932 667 lun·

131 703 204 742 mauu
219 695 306 742 nutura
318 689 344 740 iu
357 690 490 754 communi,
501 695 536 741 est
551 691 628 741 anima
639 691 740 740 humana
751 694 775 740 et
790 703 891 756 corpus3
901 688 934 738 sed

132 763 161 813 de
175 763 270 814 veritate
284 763 388 812 humane
400 765 485 812 natiue
496 762 521 812 in
532 764 598 812 Petro
609 765 633 812 et
641 761 748 825 llartino,
757 763 858 813 estnec
867 763 934 812 anina

132 839 156 886 et
167 836 212 886 hoo
222 849 313 898 eorpus.
329 835 388 884 Sunt
401 837 477 884 autem
490 835 606 898 quaedam,
619 845 714 898 quorum
728 832 811 886 iormae
827 848 878 887 non
891 847 935 900 por

133 910 187 957 sunt
199 906 282 958 salvari
292 905 337 956 nisi
346 905 371 955 in
384 919 430 956 una
440 906 535 956 materia
547 903 636 969 signata
647 920 654 954 ι
665 902 725 955 siout
735 903 813 956 forma
826 909 935 958 solia-non

133 982 209 1042 potest
220 972 307 1028 'salvari
323 977 368 1027 nisi
378 977 403 1026 iu
416 976 512 1028 materia
524 979 640 1040 que-artu
655 975 698 1026 sul)
712 988 739 1026 ea
755 977 902 1029 continetur.
914 977 937 1026 Et

134 1049 259 1098 secuudum
269 1049 332 1098 huno
345 1049 437 1100 modum
449 1047 521 1112 aliqui
538 1049 664 1112 posuerunt
678 1045 739 1111 pndd
748 1046 829 1101 formu
841 1050 936 1100 humana

134 1133 180 1171 non
190 1123 265 1185 potest
278 1119 359 1170 salvari
371 1119 416 1171 nisi
428 1120 454 1169 iu
467 1120 561 1170 materia
573 1120 669 1189 quadam
680 1117 778 1182 signatu,
787 1134 844 1184 quar
857 1121 937 1172 seilicet

134 1190 147 1242 a
158 1187 269 1256 principio
284 1191 329 1244 luit
339 1191 380 1240 tali
391 1193 462 1242 torma
473 1192 571 1244 formata
584 1189 692 1255 inprimo
707 1190 818 1256 homine3
834 1192 869 1243 ita
885 1190 937 1258 qudi

133 1261 242 1326 quiequid
256 1263 317 1314 aliud
327 1265 409 1326 preter
422 1261 479 1311 illud
489 1262 550 1326 quod
564 1274 593 1312 ex
606 1261 680 1324 primo
692 1264 789 1331 parente
799 1262 828 1312 in
840 1268 938 1330 posteros

134 1335 262 1402 derivatur,
276 1335 378 1397 additum
388 1332 470 1398 inerit,
486 1346 533 1383 non
547 1332 647 1398 pertinet
660 1333 688 1382 ad
701 1333 825 1385 veritatem
836 1336 937 1386 humanu

135 1412 236 1469 nature,
251 1407 315 1472 quasi
323 1419 369 1458 non
385 1404 440 1456 uere
452 1405 550 1469 arripiat
560 1405 657 1455 formam
667 1405 772 1456 humanu
784 1411 895 1472 naturae3
905 1407 939 1458 sed

135 1479 174 1529 illa
183 1479 276 1531 meieria
287 1492 336 1543 que
345 1478 368 1528 iu
377 1477 452 1543 primo
461 1477 556 1527 homine
565 1477 645 1527 lormae
655 1477 762 1527 humanae
772 1475 819 1527 iuit
829 1480 939 1544 subjecta,

135 1550 160 1600 in
176 1551 250 1614 seipsa
272 1549 442 1614 multiplicatur.
458 1549 487 1598 Et
505 1549 551 1598 hoo
566 1547 634 1598 modo
648 1546 770 1598 multitudo
786 1548 939 1602 humanorum

136 1633 254 1686 corporum
276 1621 288 1670 i
306 1633 399 1684 oorpnre
417 1618 486 1684 primi
504 1617 604 1670 hominis
626 1618 750 1669 derivatur.
767 1619 799 1670 nt
817 1621 938 1673 seeundin

136 1693 192 1753 hos,
205 1691 336 1742 alimentum
344 1703 390 1742 nou
403 1686 543 1742 conuertitur
555 1689 580 1740 iu
590 1688 711 1740 ueritatem
720 1691 830 1743 hnmana
843 1698 936 1755 nature3

137 1763 177 1814 sed
192 1761 271 1813 dicuni
287 1761 347 1826 quud
366 1762 498 1812 alimentum
514 1759 625 1826 adripitur
641 1764 666 1811 ui
680 1758 795 1825 quoddam
812 1763 939 1816 iumentum

137 1839 234 1898 naturae,
244 1833 269 1884 id
278 1836 323 1895 est,
333 1837 357 1882 ut
369 1833 459 1884 resistat
469 1831 552 1883 actioni
561 1831 642 1882 caloris
652 1831 772 1901 naturalis,
782 1847 814 1884 ne
824 1841 941 1887 consumat

137 1907 255 1956 humidum
276 1905 388 1964 radicale3
403 1905 463 1955 sieut
484 1904 604 1968 plumbum
621 1903 658 1954 uel
680 1908 788 1954 stanrmm
809 1907 941 1972 adjungitur

138 1984 247 2046 urgento,
263 1991 293 2028 ne
308 1979 452 2029 consumatur
465 1989 506 2041 per
519 1976 605 2040 ignem.

170 2049 215 2101 Sed
230 2051 281 2101 nuo
295 2047 378 2114 positio
392 2051 427 2100 eat
446 2046 601 2110 multiplieiter
615 2045 784 2116 irrationabilis.
799 2048 883 2101 Primd
896 2051 943 2113 qui-

139 2123 204 2186 dem,
220 2122 274 2188 quia·
284 2120 387 2186 ejusdem
403 2119 497 2190 rationis
511 2123 547 2168 est
557 2117 618 2183 quod
631 2118 707 2183 aliqua
720 2119 794 2170 iorma
806 2122 888 2185 possit
898 2122 944 2172 lieri

139 2193 163 2242 iu
175 2195 219 2244 alia
237 2191 344 2255 materia,
354 2194 377 2240 et
390 2189 451 2254 qudd
465 2189 540 2253 possit
552 2189 666 2253 propriam
684 2190 805 2240 materiam
824 2194 943 2256 deserere3

140 2267 163 2312 et
183 2264 233 2315 iden
254 2263 330 2314 omniu
348 2261 487 2326 generabilia
503 2265 556 2311 sunt
568 2260 737 2326 oumuptibilia,
753 2264 777 2312 et
791 2261 805 2311 ὲ
820 2276 942 2314 conuerso.

140 2333 286 2385 llauiiesium
300 2337 423 2386 astantem
439 2330 501 2396 quudd
515 2332 588 2383 iornra
601 2333 699 2383 humana
713 2337 790 2398 potest
803 2334 904 2386 delinere
918 2337 944 2385 ul

140 2407 183 2456 lrae
198 2407 292 2456 materia
308 2420 357 2471 qua
370 2406 392 2456 ei
405 2404 536 2469 subjicitur3
552 2404 652 2468 alioquin
661 2417 743 2468 eorpus
756 2405 888 2457 humanum
899 2422 946 2457 unr-

142 2475 247 2542 ruptilrile
260 2491 307 2528 non
323 2482 392 2529 esset.
407 2477 471 2528 Unde
484 2475 619 2540 relinquitur
628 2475 689 2540 quud
701 2479 725 2526 et
737 2476 776 2526 alii
789 2480 894 2530 maurim
906 2480 944 2528 ad-

142 2547 221 2598 uenire
234 2549 320 2613 possit,
337 2550 412 2613 aliquo
427 2549 471 2599 ulio
485 2549 509 2598 in
518 2548 637 2598 ueritatem
649 2549 753 2599 humane
766 2553 857 2602 nature
870 2555 946 2600 nans·

143 2623 219 2670 eunte.
240 2619 357 2682 Secundi,
371 2620 423 2684 quia
441 2618 466 2669 iu
480 2618 584 2670 omnihus
600 2631 694 2682 purorum
713 2619 808 2669 materia
829 2620 946 2671 inuenitur

143 2695 191 2741 tota
207 2691 248 2741 sut
260 2705 306 2741 uno
320 2691 451 2752 individuo,
461 2703 508 2740 uon
520 2695 556 2740 est
569 2689 615 2739 nisi
623 2703 695 2739 unum
705 2690 850 2741 individuum
861 2693 886 2741 in
900 2707 945 2740 nna

144 2761 219 2824 speeie
233 2777 242 2808 ι
257 2762 316 2811 eleut
330 2765 392 2823 patet
405 2761 429 2812 iu
444 2763 492 2812 nole
506 2766 531 2811 et
546 2761 612 2823 luna,
623 2764 647 2811 et
663 2761 804 2824 huiuamodi.
818 2761 860 2811 Sir
875 2763 947 2824 igitur

144 2843 191 2880 non
207 2834 268 2880 eruet
277 2830 323 2879 nisi
333 2836 404 2878 uuum
419 2831 562 2881 individuum
571 2833 677 2882 numme
688 2831 782 2896 speciei.
792 2831 880 2894 lentii,
891 2833 946 2897 quia
972 2890 974 2903 Ι

145 2912 190 2949 non
207 2905 242 2950 est
256 2899 363 2964 possibile
382 2899 442 2962 quod
460 2901 619 2965 multiplicatio
632 2903 732 2954 materie
750 2902 881 2953 damnatur
900 2903 947 2954 nisi
972 2938 974 2963 ἱ
