1984 3309
264 5 328 21 '‘W''

306 139 337 179 hs
352 138 443 180 uoutvo
458 135 616 178 vothuululs.
814 129 860 176 'llll

59 216 119 280 quod
132 220 168 267 est
185 215 296 266 adfinem
313 230 319 264 :
335 215 395 266 deut
408 215 566 278 gubernatoris
586 228 623 266 ars
644 215 740 279 imperat
760 214 860 267 navitae·

58 288 126 352 livae,
140 291 167 337 ut
182 287 207 338 iu
220 288 250 338 ll.
265 287 365 352 Phpcic
383 287 466 338 dicitur
479 288 551 352 (text.
566 287 623 352 ht).
644 287 730 338 ffluum
744 290 820 337 auteur
834 287 860 338 in

58 359 174 410 communi
182 398 189 420 ‚
196 359 259 424 quod
266 359 337 410 hahet
347 358 459 410 rationem
470 359 538 422 huis,
549 362 584 410 est
596 358 708 422 objectum
718 357 858 409 voluntatis:

59 435 81 480 ot
95 430 147 482 ideo
158 443 191 482 ex
204 431 248 480 hac
258 434 321 495 parte
334 431 440 482 voluutm
450 434 527 480 moret
540 431 596 481 alias
612 429 726 495 potentias
735 429 819 482 anima
830 430 860 482 ad

60 517 113 553 suos
130 506 208 568 actum
222 502 308 552 utimur
328 502 390 553 enim
407 501 459 553 aliis
476 501 585 566 potentiis
602 501 653 554 clem
671 499 785 554 volumus.
803 502 861 552 Nam

59 574 116 625 tinas
126 576 153 625 et
165 573 318 638 perfectiones
325 573 426 626 emnium
438 573 533 624 aliarum
544 573 699 638 potentiarum
710 575 862 638 comprehen-

60 648 142 696 duntur
153 647 197 696 suh
207 645 298 710 objecto
309 645 443 707 uoluntatis,
454 643 514 695 sicut
523 645 625 708 qttoedtm
636 644 781 710 particularia
790 645 861 696 hona.

59 719 155 781 Semper
167 719 245 767 autem
259 730 296 766 ars
308 718 346 767 uel
359 716 462 780 potentia
475 716 504 766 ad
518 729 586 779 qnam
597 717 695 780 pertinet
705 716 760 768 hnic
767 716 861 766 uniuer-

60 789 126 853 sahs,
142 792 221 840 movet
233 790 261 839 ad
278 790 391 853 agendum
403 791 476 838 arum
489 788 525 838 vet
539 787 677 853 peculiam,
688 789 717 839 ad
729 800 798 854 quam
810 800 863 852 per-

58 862 117 912 tinet
126 862 181 912 finis
189 861 335 926 particularis
345 862 388 911 suh
402 859 442 912 illo
453 857 580 910 uniuersali
593 859 769 924 comprehensus
782 875 788 908 :
801 858 863 909 mont

59 935 104 983 dux
121 933 252 997 exercitiis,
271 933 311 997 qui
327 932 426 983 intendit
440 933 527 983 honum
542 943 678 992 commuue,
694 929 780 981 scilicet
800 927 863 979 ordi-

60 1019 112 1057 nem
131 1006 202 1057 totius
217 1004 346 1067 exercitlls,
362 1009 438 1056 monet
454 1018 496 1056 sno
511 999 608 1068 imperio
628 1003 727 1072 aliquem
746 1015 775 1052 ex
792 1001 864 1050 triho-

59 1078 94 1127 nis
104 1078 139 1142 (1)
149 1116 156 1139 ,
168 1077 209 1142 qni
218 1077 317 1128 intendit
328 1076 430 1128 ordinem
443 1076 513 1128 unius
523 1075 589 1126 aciei.
602 1075 645 1126 Sed
658 1074 772 1138 objectum
786 1074 863 1124 mouet

59 1149 232 1202 determinando
251 1152 328 1200 actum
342 1150 371 1200 ad
389 1149 481 1200 modurn
496 1146 603 1214 principit
620 1143 764 1208 formalisslr
780 1157 825 1209 quo
838 1141 863 1194 iu

59 1223 128 1272 rahans
142 1220 285 1272 naturalihus
298 1221 359 1272 actio
372 1219 530 1284 specificatur,
545 1219 602 1269 sicut
621 1216 738 1268 calefactio
752 1215 766 1266 h
779 1215 861 1266 calore.

60 1293 162 1344 anum
175 1296 253 1345 autam
266 1291 405 1356 principium
418 1289 513 1341 immat'e
532 1291 566 1339 cst
582 1301 623 1339 eus
637 1291 661 1338 et
677 1299 757 1337 verum
769 1285 863 1336 uniuer-
970 1305 982 1354 j*

60 1366 118 1428 sale,
128 1364 189 1429 qnod
198 1367 233 1416 est
241 1363 357 1428 objectum
370 1361 502 1413 intellectis
512 1375 518 1409 ι
527 1363 551 1410 et
563 1359 614 1412 ideo
625 1357 744 1410 istomodo
756 1356 863 1407 motionis
969 1357 971 1424 J

60 1437 190 1487 intellectus
209 1438 287 1485 moret
304 1435 456 1495 voluntatem,
469 1431 530 1482 sicut
545 1427 687 1496 presentans
707 1428 729 1478 ei
747 1426 863 1490 objectum
970 1445 972 1470 l

62 1521 246 1644 81111Αῗῷιὴιηιιῐιι
261 1591 315 1642 ergo
335 1576 470 1639 denudum,
489 1573 551 1638 qudd
567 1587 596 1624 ex
606 1571 647 1622 illa
666 1568 799 1620 auchritate
816 1579 864 1618 nou

62 1652 160 1703 hahetur
171 1650 234 1714 qudd
249 1649 380 1701 intelledns
393 1660 439 1700 non
451 1651 555 1708 moveat,
569 1645 610 1696 sed
628 1641 691 1709 qudd
712 1654 759 1692 non
773 1641 864 1692 moneat
953 1661 955 1665 ,

62 1737 90 1774 eu
103 1721 251 1774 manue.

90 1796 126 1846 hd
142 1795 269 1846 secundnm
282 1791 413 1856 dicandum,
423 1791 483 1855 quod
496 1790 555 1841 sicut
565 1787 698 1852 imaginatio
711 1785 790 1836 torma
799 1822 806 1846 ,
815 1781 866 1834 siue
967 1773 969 1794 ³

61 1869 214 1921 estimatione
234 1865 393 1917 convenientis
413 1863 451 1916 rel
471 1863 561 1926 nocivi,
577 1875 623 1913 non
640 1863 718 1912 movet
737 1855 866 1922 appetitum

61 1941 199 1993 sensitivam
204 1976 213 2003 ,
224 1939 258 1988 ita
265 1951 309 1989 nec
320 1935 532 2002 apprehensionem
542 1934 592 1984 sine
601 1929 785 1982 rationehontet
794 1937 864 1993 appe·

60 2012 140 2065 nihilis.
151 2013 218 2063 Unde
231 2008 360 2061 intellectos
370 2007 523 2072 speculativas
531 2019 577 2056 nou
588 2005 674 2065 mouet,
686 2001 727 2051 aed
736 1997 865 2078 intellectus

60 2085 189 2150 practicus,
200 2085 227 2133 ut
240 2081 323 2132 dicitur
333 2081 358 2130 in
367 2081 407 2130 lll.
425 2078 557 2128 Deoniana
569 2076 642 2139 text.
659 2076 688 2122 td
699 2075 723 2122 et
732 2066 864 2131 deinceps).

89 2157 124 2207 hd
144 2155 238 2206 tertium
260 2152 393 2215 dicendum,
417 2149 477 2214 quhd
497 2149 602 2200 voluntas
623 2143 703 2194 moret
724 2139 867 2191 intellectum

60 2233 172 2293 quantum
182 2227 212 2277 ad
221 2223 356 2278 exercitium
366 2226 445 2286 actus3
460 2221 515 2285 qnia
527 2221 551 2270 et
564 2218 641 2282 ipsum
655 2225 744 2274 uerum,
758 2209 818 2274 qnod
832 2211 868 2259 est
975 2207 976 2210 ’

61 2300 172 2366 perfectio
182 2296 326 2360 intethnm,
339 2295 469 2347 continetur
479 2291 521 2343 suh
534 2286 659 2340 uniuersali
672 2286 747 2364 hono,¹
759 2279 868 2362 etquod-

61 2376 113 2423 dam
133 2373 221 2424 honum
243 2369 389 2435 particulare.
407 2366 452 2416 Sed
473 2365 584 2429 mantum
603 2359 631 2410 ad
653 2357 868 2408 determrnatrouem

62 2450 127 2496 actus
139 2457 193 2508 qum
205 2446 243 2493 ost
254 2455 283 2492 er
293 2442 357 2505 parte
371 2436 470 2502 objecti,
481 2434 611 2485 intellectus
622 2429 700 2480 movet
710 2426 868 2484 compotens

60 2517 116 2580 quia
131 2516 241 2580 etipsam
253 2513 341 2564 honum
355 2507 531 2574 apprehenditur
542 2501 665 2582 secundum
677 2497 798 2580 qnamdam
809 2506 866 2576 ppe-

61 2590 145 2640 cialem
158 2585 271 2637 radonem
284 2583 472 2648 comprehensam
483 2578 526 2629 mh
536 2573 660 2626 umvarsah
669 2573 758 2621 ratione
768 2579 826 2617 veru.
838 2565 867 2614 nt

62 2654 407 2726 siopatetqnhdnouestidem
417 2636 867 2726 movensetmotumsaoundhmidom.

96 2814 129 2878 (t)
145 2817 197 2862 Hoc
216 2813 322 2870 exemplo
340 2811 413 2858 utitur
423 2796 586 2862 Philosophus,
599 2801 641 2848 lib.
658 2799 691 2844 De
709 2791 817 2864 mundo,
836 2787 869 2860 cd

65 2878 251 2928 Almam,
259 2881 286 2924 ut
298 2868 408 2922 ostendat
417 2867 533 2932 quomodo
544 2868 604 2914 Dens
617 2866 693 2910 rector
706 2865 808 2905 umorum
817 2861 869 2898 nui·
