1984 3309
188 177 306 225 ιιιιιιιι
319 174 399 219 anina
408 176 511 219 unsara
524 171 675 230 oomosom,
687 180 740 220 ure.
822 166 869 220 aot

67 254 125 309 latur
139 268 204 307 mens
220 258 319 307 bumana
331 257 401 307 rebus
416 256 604 309 immaterialibus
616 256 686 321 quam
698 256 868 321 materialibus,

67 328 120 380 ebm
132 332 210 381 nostra
229 342 295 379 meus
311 328 341 379 sit
356 329 511 381 immaterialis
521 333 567 393 ‚ut
584 342 613 380 en
626 329 695 394 snpra
712 331 780 381 ‹llotis
796 334 868 396 patet.

67 399 122 451 Cim
136 412 189 463 orgo
203 413 270 451 meus
285 404 362 451 nostra
378 400 490 463 intelligat
504 414 543 453 res
555 401 683 455 materiales
690 438 699 466 ‚
713 402 786 455 mmm
799 403 871 469 magia

67 471 171 535 iutelligit
184 484 222 523 res
237 472 407 525 immateriales.

98 548 121 595 a.
136 546 262 606 Praeterea,
277 544 339 609 qubd
350 558 377 597 ea
387 558 438 610 qum
448 550 503 597 suut
513 547 673 599 meuuibmse
686 546 786 599 maxime
799 549 873 599 sensi-

66 616 133 681 bilia,
145 630 192 667 nou
205 616 307 667 maxime
323 617 448 669 sentiantur
463 618 475 669 i
490 618 569 681 nobis,
589 620 697 685 prouenit
711 634 741 671 er
755 622 800 691 boo
810 620 872 685 queo

69 706 82 737 u
91 689 234 741 excellentie
251 688 392 741 sensibilium
406 687 562 756 corrumpunt
572 706 674 743 sensum.
683 710 698 741 ι
712 694 757 743 Sed
768 710 782 741 u
796 693 873 744 exeol-
979 743 980 746 ,

67 762 141 813 leutiae
156 760 338 824 intelligibilium
349 774 395 813 nou
404 767 552 829 corrumpunt
566 764 719 827 intellectum,
730 781 744 812 u
757 768 783 815 ut
791 766 874 815 dieitm

67 834 90 884 in
98 836 138 884 lll.
150 836 189 885 De
198 835 298 883 animo.
308 834 368 899 lirgo
380 848 407 887 ea
421 850 472 899 qua
482 842 537 887 sunt
551 838 677 888 seeundiim
690 852 715 888 se
726 836 825 888 manime
836 838 873 887 in-

68 905 204 971 telligibilia,
220 908 275 956 sunt
292 906 361 957 etiam
378 907 478 958 maxime
494 909 648 973 intelligibilia
664 909 739 960 nobis.
753 909 799 959 Sed
819 908 873 959 eim

73 990 107 1027 res
113 978 244 1029 materiales
258 990 306 1028 non
317 979 366 1028 sint
373 978 542 1044 intelligibiles,
555 981 600 1031 nisi
609 981 663 1045 quia
673 981 769 1032 tammus
783 987 823 1031 aas
835 980 873 1029 in-

73 1048 196 1122 telligibiles
211 1053 281 1110 aetu,
296 1050 447 1101 abstrahendo
459 1050 472 1101 'a
483 1052 589 1116 materia,
601 1053 749 1103 manifestum
765 1055 802 1103 est
812 1051 874 1116 qubil

70 1121 138 1183 magis
148 1122 197 1173 sint
205 1120 334 1173 seeuudbm
343 1136 368 1173 se
377 1122 534 1186 intelligibiles
541 1124 676 1177 substantie
685 1137 736 1189 que
746 1124 872 1175 mundum

71 1205 130 1245 emm
147 1198 257 1245 naturam
275 1198 329 1243 suut
345 1194 516 1245 immateriales.
530 1198 589 1260 lingo
608 1196 769 1260 multomagis
785 1196 874 1247 intelli·

70 1270 151 1328 guntur
166 1264 273 1329 anobis,
287 1264 356 1329 qnam
372 1278 409 1317 res
422 1266 563 1317 materiales.

97 1342 120 1390 t.
140 1342 274 1397 Pastorem
296 1339 465 1389 Commentator
481 1339 536 1389 dicit
552 1340 578 1389 iu
597 1341 626 1389 ll.
643 1340 795 1404 Metopbps„
813 1338 875 1403 qnbal

71 1430 83 1459 n
97 1413 116 1463 si
131 1411 271 1464 substantie
286 1410 405 1462 abstractae
424 1424 471 1461 uon
484 1416 579 1476 possent
591 1412 689 1474 intelligi
704 1410 806 1470 anobis,
820 1415 876 1461 tune

69 1489 147 1535 namra
163 1482 237 1535 otiose
251 1482 350 1547 egissem
368 1483 422 1546 quia
435 1482 493 1533 teuit
508 1483 565 1535 illud
578 1484 639 1547 quod
652 1486 688 1532 est
701 1480 833 1533 namraliter
848 1483 874 1534 iu

70 1570 92 1606 se
104 1556 253 1609 intellectum
267 1568 314 1605 non
326 1553 465 1605 intellectum
476 1555 599 1619 abaliquo.
613 1570 628 1601 »
636 1554 682 1603 Sed
697 1552 754 1603 nibil
770 1556 806 1603 est
819 1554 877 1605 otio-

70 1643 129 1691 sum,
146 1628 197 1679 sive
213 1626 317 1690 trustra,
334 1626 358 1675 in
377 1628 466 1676 natura.
485 1628 546 1690 lirgo
566 1625 698 1677 substantia
715 1624 876 1677 immateriales

70 1706 163 1763 possunt
177 1698 280 1762 intelligi
295 1694 309 1749 i
323 1696 398 1749 uobis.

99 1777 122 1822 5.
136 1775 274 1833 Preterea,
290 1768 352 1821 siem
365 1783 390 1820 se
400 1768 470 1821 babet
482 1782 564 1820 sensus
576 1769 605 1819 ad
615 1766 745 1832 sensibilia,
761 1768 794 1819 ita
808 1768 877 1819 intel·

69 1843 138 1895 lectus
155 1845 186 1893 ad
205 1840 369 1904 intelligibilia.
384 1841 429 1891 Sed
447 1841 512 1892 uisus
524 1843 601 1891 noster
614 1843 690 1905 potest
706 1840 783 1890 nidere
801 1840 877 1891 omnia

72 1928 179 1979 conpara,
197 1914 248 1965 siue
264 1912 312 1963 sint
327 1912 444 1977 superiora
455 1916 479 1963 et
489 1910 681 1976 incorruptibilia,
692 1910 741 1962 sine
756 1910 803 1960 sint
815 1911 876 1961 iute-

72 1985 127 2036 riora
140 1989 166 2037 et
177 1982 347 2048 corruptibilia.
361 1983 561 2047 Ergo-intellectus
569 1986 647 2033 noster
659 1985 736 2047 potest
749 1981 877 2044 intelligere

72 2070 150 2109 omnes
162 2056 308 2108 substautias
320 2055 487 2119 intelligibilem
496 2061 520 2107 et
535 2056 663 2121 superiores
670 2054 875 2105 etimmateriales.

100 2130 146 2181 Sed
160 2130 304 2191 mortuaest,
319 2128 379 2190 quod
391 2127 475 2177 dieitur
488 2129 615 2193 sapient,
629 2128 660 2177 lli
673 2143 678 2175 ι
691 2126 770 2184 «Qus
781 2124 806 2173 in
814 2125 877 2177 eoelis

72 2207 123 2252 sunt
136 2200 190 2266 quis
207 2198 376 2262 investigabit?
389 2216 403 2246 u
419 2200 446 2249 ln
460 2200 524 2250 omlis
537 2202 614 2249 autem
629 2198 734 2249 dicuutur
746 2196 879 2277 hujusmodi

72 2273 204 2325 substantie
213 2284 277 2331 esse,
286 2262 474 2323 munbbmillnd
481 2270 676 2331 Mutlb.,livlll·:
686 2268 788 2332 «angeli
799 2281 879 2319 eorum

72 2342 183 2409 metetis„
194 2348 243 2395 eto.
254 2358 269 2389 n
279 2342 338 2405 Ergo
352 2356 399 2393 non
410 2340 506 2407 possunt
518 2341 651 2393 substautias
664 2340 826 2412 immateriales
834 2354 879 2405 per

74 2414 279 2478 investigationem
292 2414 416 2464 humanam
429 2414 545 2477 eognosei.
587 2439 589 2448 =
744 2433 746 2436 ·

104 2488 269 2555 (Concessio.
281 2514 314 2533 «-
326 2484 383 2535 Cbm
404 2486 549 2551 experiamur
568 2497 610 2535 nos
626 2485 665 2535 lile
681 2484 739 2535 nibil
752 2484 880 2547 intelligere

77 2560 158 2625 absque
172 2562 338 2625 phantasmate
346 2594 356 2620 ,
366 2558 512 2609 manifestum
524 2562 560 2608 est
576 2555 638 2620 quod
648 2556 786 2606 substantias
801 2554 882 2605 imma·

76 2633 238 2697 terinaneum
252 2630 296 2680 sub
309 2642 401 2680 sensum
412 2629 633 2695 etimaginatinnem
646 2641 693 2678 uon
702 2629 798 2691 mount,
806 2624 882 2691 primi

79 2706 99 2751 et
115 2719 156 2769 per
167 2718 211 2767 se,
226 2700 493 2765 seeunibmpraeseutis
506 2702 560 2752 uite
573 2704 672 2765 statum,
691 2700 821 2763 intelligere
836 2709 882 2747 nou

78 2775 222 2839 possumus.)

107 2847 245 2913 Respondeo
258 2844 382 2895 dicendum
387 2882 396 2909 ‚
404 2844 484 2909 pubi,
496 2844 621 2896 seeundum
629 2841 759 2908 opinionem
773 2838 883 2899 Platonis,

81 2916 207 2971 summatim
226 2914 393 2969 immateriales
409 2931 457 2969 uon
471 2916 545 2969 solbm
555 2915 569 2967 l
581 2916 648 2967 nobis
659 2910 831 2975 intelliguntur,
844 2908 885 2957 sed
