1984 3309
137 73 182 121 llo
262 79 355 120 'amna
369 78 496 130 amnon,
515 71 608 122 ostansa.
627 79 667 130 nx,
684 75 742 116 nau.
761 78 800 116 111.

136 164 172 212 est
183 161 209 211 in
221 162 281 210 actu.
294 159 359 218 Quod
371 160 449 208 autem
459 159 572 219 mouetur,
592 157 627 208 est
635 155 660 204 in
673 155 791 218 potantia,
802 168 857 206 nam
871 159 949 207 molus

136 235 173 284 est
187 249 201 279 a
213 235 277 281 aetus
289 229 408 280 existentis
421 229 447 277 in
465 225 582 292 potentis,
596 227 621 276 in
639 229 755 291 quantum
770 227 921 290 hujusmodi.
938 247 949 274 a

136 303 181 354 Sed
201 315 247 353 non
262 303 296 352 est
315 301 375 351 idem
393 297 536 364 inpotentia
555 293 578 349 et'
596 295 621 347 in
635 300 692 348 notu
708 301 818 363 respectu
830 298 947 363 ejusdem.

138 376 200 437 Ergo
212 373 268 424 nibil
282 374 358 423 mouet
371 370 485 435 seipsum3
501 383 575 434 neque
587 382 641 434 ergo
657 369 765 420 voluntas
780 371 885 434 seipsam
900 386 950 422 mo-

140 458 194 496 uere
204 445 288 509 potest.
534 477 538 482 -

171 518 195 565 2.
210 516 334 576 Helenen,
349 513 432 565 mobile
447 517 551 565 mouetur
561 515 590 564 ad
603 512 750 578 presentiam
762 514 890 566 moventis.
905 515 946 564 Sed

141 586 246 637 uoluntas
265 597 355 650 sempor
373 584 418 636 sibi
432 587 468 634 est
479 597 590 649 presens.
604 585 628 634 Si
642 597 697 644 ergo
712 583 815 648 seipsam
832 591 945 646 moueret,

139 669 228 722 semper
245 659 387 718 moueretur,
401 657 462 720 quod
474 657 539 719 patet
548 669 597 706 esse
611 655 702 708 laisum.

172 733 194 778 3.
209 729 336 792 Praeterea,
345 728 451 778 uoluntas
466 731 569 779 movetur
579 729 608 779 ab
623 727 753 790 intellectu,
764 731 791 778 ut
808 728 898 778 dictum
914 733 944 778 est.

138 802 198 865 (art
209 803 219 850 l
230 800 250 864 l.
264 799 288 850 si
296 798 365 863 igitur
375 800 481 850 uoluntas
493 802 569 850 mouet
577 799 685 864 seipsam,
697 799 803 863 sequitur
816 800 944 864 quddidem

138 871 205 922 simul
220 873 338 922 moventur
350 870 364 920 a
377 870 463 921 duobus
478 869 604 921 motoribus
617 869 765 932 immediate,
779 872 845 934 quod
861 871 944 922 uidetur

138 943 310 997 inconveniens.
325 943 376 992 Non
391 955 445 1005 ergo
455 943 562 993 voluntas
574 952 651 994 movet
663 940 774 1006 seipsam.

172 1015 217 1065 Sed
235 1017 314 1064 comba
324 1016 371 1072 est,
386 1012 439 1076 quia
452 1014 560 1066 uoluntas
576 1013 670 1064 domina
688 1016 725 1064 est
736 1015 774 1064 sui
789 1019 873 1078 actus,
888 1019 911 1066 et
922 1015 943 1064 iu

137 1087 187 1151 ipsa
202 1089 236 1136 est
249 1085 310 1136 velle
324 1087 347 1136 et
360 1098 409 1134 ooo
421 1084 500 1135 velle:
512 1087 572 1148 quod
591 1089 731 1150 comesset,
747 1087 769 1136 si
786 1100 838 1136 non
854 1087 943 1138 baberet

138 1159 163 1208 in
176 1159 289 1223 potestate
308 1166 399 1210 mouere
414 1156 515 1221 seipsam
528 1158 555 1209 ad
569 1157 701 1209 volendum.
721 1158 786 1224 Ergo
800 1159 853 1224 ipsa
872 1163 944 1210 mouet

140 1243 250 1295 seupsam.

170 1303 487 1369 (Concessio-Voluntas
502 1301 571 1353 linem
581 1305 604 1352 et
616 1303 703 1354 bonum
718 1301 939 1368 uolendo‚seipsan

140 1388 232 1428 mouere
243 1377 317 1439 potest
331 1375 360 1425 ad
372 1374 493 1426 solendum
506 1387 534 1425 ea
546 1388 597 1440 quae
609 1374 638 1426 ad
651 1375 720 1425 finem
732 1377 819 1437 sunt.)

171 1446 306 1511 Respondes
318 1445 452 1508 dcundum,
462 1445 523 1508 qubd
537 1443 595 1496 siem
607 1445 676 1510 supra
687 1443 824 1496 dictumest
836 1445 891 1510 (art.
906 1446 937 1506 t),

140 1520 169 1569 ad
179 1519 319 1569 uoluntatem
329 1517 429 1583 pertinet
437 1529 530 1569 mouere
540 1517 597 1568 abas
609 1515 725 1582 potentias
738 1529 770 1566 ex
781 1516 874 1568 ratione
884 1516 942 1574 finis,

141 1590 180 1654 qui
193 1592 230 1640 est
241 1589 365 1640 uoluntatis
377 1589 505 1654 objectum3
517 1590 558 1640 sed
571 1588 631 1640 sicut
644 1587 730 1642 dictum
743 1590 781 1638 est
795 1587 893 1652 (arbe),
904 1589 941 1637 boc

142 1662 209 1712 modo
223 1674 248 1712 se
259 1661 329 1712 babet
343 1661 396 1712 finis
409 1661 435 1712 in
449 1660 627 1727 appetibilibus,
639 1660 698 1711 siout
712 1659 857 1726 principium
869 1662 894 1713 iu
909 1661 941 1711 iu-

139 1731 303 1796 telligibilibm.
315 1733 459 1784 Manifestum
474 1736 511 1783 ast
527 1735 606 1783 autem
623 1731 683 1795 quod
698 1731 834 1784 intellectus
848 1747 889 1798 pen
903 1735 941 1782 boc

141 1801 202 1868 qudd
219 1803 335 1866 cognoscit
354 1803 507 1869 principium,
525 1803 614 1854 reducit
627 1802 730 1866 seipsum
749 1801 778 1854 de
798 1803 903 1868 potentin
922 1803 941 1851 iu

141 1877 229 1936 actum,
245 1879 354 1938 quantum
365 1875 393 1925 ad
410 1874 565 1939 cognitionem
583 1873 768 1934 conclusionum,
781 1878 806 1925 et
819 1877 865 1926 boo
881 1875 940 1925 modo

140 1949 217 1997 mouet
226 1945 341 2010 seipsum:
354 1949 378 1996 et
388 1945 493 1996 similiter
504 1947 609 1998 uoluntas
621 1957 663 2011 per
673 1946 717 1996 boo
726 1944 789 2012 qubd
802 1947 853 1998 vult
866 1945 937 2006 inem,

142 2020 220 2069 movet
236 2017 335 2082 seipsam
354 2018 381 2067 ad
397 2019 520 2068 solendum
532 2031 560 2070 oa
573 2031 623 2082 qun
641 2017 735 2068 suntad
754 2017 836 2070 finem.

173 2090 208 2140 dd
225 2089 323 2154 primum
339 2102 392 2153 ergo
409 2088 545 2154 dicendum,
559 2087 620 2154 quod
633 2087 740 2140 uoluntas
754 2103 804 2140 non
819 2089 938 2142 secuudbn

141 2161 202 2213 idem
211 2164 289 2219 mouet
300 2163 323 2213 et
332 2163 436 2212 mouetur
446 2177 454 2210 a
466 2161 527 2214 unde
539 2175 582 2213 nec
593 2159 719 2214 secuudum
728 2160 793 2213 idem
805 2166 841 2214 est
853 2163 879 2214 in
893 2167 938 2213 actu

141 2238 166 2284 et
179 2234 204 2284 in
215 2233 329 2298 potentia3
344 2247 369 2284 se
382 2234 406 2283 iu
420 2243 530 2298 mantum
544 2237 598 2288 acto
610 2234 661 2284 uult
675 2233 743 2284 tinem
749 2271 758 2298 ‚
770 2234 862 2286 reducit
876 2249 901 2284 se
915 2235 937 2283 de

144 2306 248 2368 potentia
262 2307 288 2357 in
297 2310 373 2358 actum
385 2310 491 2370 respectu
502 2319 581 2358 eorum
598 2319 648 2370 quae
663 2305 756 2356 suntad
772 2305 857 2368 finem,
867 2309 893 2356 ut
902 2305 939 2354 sci·

148 2378 202 2428 licet
214 2382 266 2428 actu
276 2391 304 2429 ea
312 2377 378 2429 uelit.

176 2449 210 2499 dd
219 2451 343 2500 secundnm
348 2450 478 2516 dicendum,
486 2451 547 2516 qodd
555 2450 788 2517 potentiavoluutatis
797 2463 888 2515 semper
896 2452 942 2498 nolu

145 2521 181 2569 est
189 2520 234 2570 sibi
241 2534 356 2586 presence
365 2523 479 2575 seductus
486 2523 609 2577 uoluntatis
617 2536 662 2588 quo
673 2522 723 2574 solt
733 2521 804 2574 finem
816 2520 939 2586 aliquando,

145 2603 192 2642 non
202 2605 291 2655 semper
299 2593 366 2643 estin
376 2594 427 2658 ipsa
436 2596 567 2660 uoluntate;
580 2597 691 2660 perbono
702 2600 780 2646 autem
793 2595 886 2645 modum
900 2602 940 2640 mo

145 2747 195 2788 tum
209 2743 238 2788 dd
250 2742 276 2794 it
287 2749 312 2787 at
325 2756 365 2800 qu-
377 2744 406 2804 3,
421 2747 450 2793 de
462 2749 537 2808 malo,
553 2755 597 2796 art.
607 2748 631 2810 3,
642 2749 667 2796 lu
676 2759 753 2811 corp„
764 2756 788 2797 et
802 2755 847 2796 art.
857 2743 881 2809 6,
894 2751 935 2791 tum

144 2804 169 2848 in
180 2817 257 2865 corp,
271 2811 320 2851 tum
333 2806 362 2852 ad
372 2805 388 2850 6
399 2813 423 2854 et
438 2809 476 2856 td.
