1984 3309
120 205 151 252 st
306 216 367 255 saus
382 218 405 267 t,
420 215 514 265 oum.
530 218 603 271 lxxv,
621 213 676 258 aba.
693 220 729 260 iu.

414 376 571 428 abllcULle
585 377 627 429 ΙΙΙ.

168 488 255 533 vistim
264 490 350 535 saissa
358 492 483 537 Morum
492 492 636 537 animatum
646 492 695 537 sini
708 494 885 544 subsistentes.

151 606 184 657 lo
197 606 290 658 leuium
300 606 333 659 sie
342 609 471 673 proceditur
477 608 520 676 (l).
531 606 625 663 Videtur
635 610 696 674 qubd
705 610 789 663 anime
798 613 943 669 brutorum

120 677 252 730 animalum
269 678 314 731 sint
329 681 486 742 subsistentes.
501 684 572 733 llomo
589 682 652 735 enim
665 683 772 735 convenit
791 685 819 735 iu
835 702 943 751 genere

119 763 172 799 oum
185 746 236 801 aliis
249 750 392 803 animalibus.
411 754 457 803 Sed
473 752 550 803 anima
569 753 668 804 bominis
680 758 715 805 est
728 755 817 818 aliquid
835 760 949 813 subsis-

119 823 181 884 tens,
189 826 220 874 nt
231 826 345 874 ostensum
359 826 469 887 estiugo
482 828 600 877 etunius
610 824 706 875 αΙίοτιιω
719 825 860 883 animalium
877 836 946 883 sunt

119 890 276 945 subsistentes.

152 968 176 1013 2.
190 966 315 1029 Praeterea,
328 965 431 1019 simililer
450 979 476 1017 se
496 966 564 1017 babet
578 958 729 1019 seruitium
743 968 772 1017 atl
790 970 943 1040 sensibilia,

119 1035 180 1087 sieut
193 1036 375 1089 intellectivam
388 1039 418 1090 ad
430 1038 592 1102 intelligibilia.
605 1038 651 1091 Sed
663 1039 793 1091 intellectus
809 1041 944 1113 intelligit

118 1106 273 1171 intelligibilia
285 1108 334 1160 bue
347 1124 443 1174 wipere
460 1126 466 1159 :
480 1114 572 1174 ergoet
585 1124 666 1161 seusus
679 1112 834 1175 apprehendit
845 1120 940 1170 sensi-

118 1178 174 1229 bilia
192 1179 242 1231 siue
259 1180 361 1244 corpore
376 1180 463 1232 inim
479 1185 558 1231 autem
577 1182 696 1233 brutorum
711 1181 847 1235 animalium
869 1197 942 1241 sunt

119 1250 243 1301 sensitiva.
258 1252 317 1315 Ergo
333 1255 387 1303 sunt
399 1251 549 1305 subsistentes
566 1250 617 1317 pati
629 1252 716 1303 rabone
736 1267 781 1317 quia
798 1258 824 1305 et
843 1260 941 1315 anima

119 1320 219 1371 bominis
231 1336 282 1386 que
295 1326 331 1374 eet
349 1323 497 1374 intellectiva.

159 1398 182 1443 3.
201 1395 331 1459 praterea,
344 1396 462 1447 brutorum
483 1395 615 1449 animalium
634 1395 711 1447 anima
729 1400 806 1449 movet
826 1413 941 1467 corpus,

119 1464 205 1529 Corpus
222 1472 361 1519 autemnon
381 1472 471 1532 movet,
490 1468 531 1519 sed
549 1472 662 1519 movetur.
682 1468 765 1519 Anima
780 1483 838 1533 ergo
859 1472 940 1529 bruti

118 1537 188 1587 babet
199 1539 298 1602 aliquem
310 1539 466 1603 operationem
479 1540 529 1591 siue
543 1554 644 1603 corpore.

60 1659 64 1666 ,
151 1609 197 1659 Sed
205 1615 283 1661 contra
288 1615 333 1673 est,
339 1611 399 1675 quod
407 1611 490 1661 dicitur
497 1611 521 1660 iu
528 1612 567 1663 lib.
578 1612 610 1661 de
620 1612 715 1663 liuciae.
729 1613 934 1677 Doqmutibus:

121 1696 135 1727 n
149 1680 227 1731 Solum
242 1680 358 1733 bominem
371 1681 485 1732 creemus
507 1683 591 1735 habene
610 1683 709 1733 ammam
725 1682 904 1738 substantivam
928 1707 937 1741 ι

120 1752 255 1802 animalium
264 1766 319 1815 ergo
332 1752 414 1803 animae
426 1766 473 1803 nou
483 1757 536 1803 sunt
545 1753 701 1805 substantive.
712 1770 726 1801 »

152 1822 162 1888 (
168 1824 310 1874 Concsmm.
320 1851 352 1861 -
364 1824 421 1875 cum
433 1826 517 1875 anime
529 1826 647 1877 brutorum
664 1838 705 1889 per
716 1822 805 1889 seipsas
820 1828 936 1885 minima

119 1899 256 1958 operentur,
270 1894 418 1946 subsistentes
432 1909 479 1945 uon
494 1900 548 1947 suut
561 1913 567 1947 ι
581 1896 685 1948 similiter
697 1896 759 1949 euim
771 1906 936 1965 unumquod-

119 1979 165 2029 que
177 1967 247 2017 babet
256 1983 306 2017 esse
316 1970 340 2017 et
351 1967 531 2033 operationem.)

152 2039 287 2101 Respondeo
302 2038 435 2102 bendum,
450 2038 512 2101 qubd
527 2038 615 2104 antiqui
628 2038 759 2104 philosophi
771 2041 860 2091 nullam
875 2044 935 2098 dis-

120 2108 252 2161 tinctionem
263 2110 381 2174 ponebant
390 2108 452 2159 iuter.
459 2124 551 2161 sensum
561 2114 585 2161 et
597 2110 752 2175 intellectum,
761 2115 785 2162 et
794 2115 933 2181 utrumque

118 2195 226 2245 eorporeo
246 2181 359 2246 principio
371 2181 538 2245 attribuebant,
554 2185 580 2233 ut
594 2182 679 2235 dietum
696 2187 740 2235 est.
761 2184 825 2236 Plato
839 2191 933 2242 autem

118 2250 222 2302 distinxit
237 2253 298 2303 iuter
308 2253 450 2303 intelootum
462 2257 486 2303 ot
499 2267 592 2305 sensum
598 2290 610 2317 ,
622 2257 741 2320 utrumque
755 2257 832 2305 tamen
853 2261 933 2311 attri-

118 2322 168 2373 buit
185 2323 298 2387 prineipio
313 2324 460 2387 incorporeo,
475 2338 564 2388 ponens
579 2324 639 2389 qubd
652 2324 711 2375 siout
727 2324 858 2394 intelligere
865 2366 875 2393 ,
890 2330 933 2384 ila

117 2397 142 2443 et
157 2394 242 2444 sentire
260 2394 368 2446 convenit
380 2394 462 2447 anime
474 2396 601 2447 secundini
619 2396 729 2460 seipsam
745 2400 769 2447 et
783 2410 812 2446 ex
822 2398 870 2449 hoo
884 2414 933 2455 se-

116 2467 228 2529 quebatur
241 2466 301 2530 qubtl
319 2466 389 2516 etiam
400 2467 483 2518 anime
500 2469 617 2518 brutorum
630 2467 760 2519 animalium
770 2468 817 2518 sint
830 2471 934 2525 subsis-

117 2540 200 2587 tentes.
215 2538 261 2588 Sed
278 2536 410 2587 bnistoteles
422 2538 498 2602 posuit
515 2537 575 2603 qubd
594 2539 666 2589 solum
682 2538 838 2603 intelliqeoe,
858 2541 932 2597 inter

117 2621 187 2671 opere
204 2608 302 2672 anime,
316 2607 365 2659 sine
378 2622 462 2673 organo
480 2623 590 2674 wipere«)
606 2614 724 2661 exercetur
740 2626 745 2660 :
760 2610 846 2661 sentire
864 2617 931 2669 verb

118 2682 142 2727 et
155 2684 321 2744 consequentes
336 2682 479 2744 operationes
493 2680 575 2732 amma
593 2681 727 2744 sensitiva,
743 2682 867 2733 manifeste
883 2700 932 2739 ao-

118 2749 198 2800 eilunt
211 2764 264 2801 oum
274 2752 350 2816 aliqua
364 2754 464 2818 conpone
478 2752 646 2817 immutatioue3
661 2752 719 2803 siout
730 2753 754 2801 in
765 2753 866 2805 videndo
878 2757 931 2810 im-

132 2934 137 2943 .
155 2866 230 2977 “ive
245 2871 282 2917 bis
296 2872 366 2918 etiam
378 2872 461 2921 eonor.
482 2873 564 2922 Geni„
578 2872 621 2917 lib.
638 2870 666 2931 ἢ,
682 2884 735 2929 cap.
753 2872 783 2917 80
802 2878 826 2917 et
841 2872 891 2935 82,
903 2886 933 2925 et

122 2934 164 2978 lib.
202 2944 255 2989 esp.
267 2932 307 2979 ee.
