1984 3309
126 158 154 203 tt
326 166 386 203 rins
403 167 424 213 1,
442 168 533 211 onnon.
551 168 611 213 ιιι,
629 166 683 204 nur.
701 170 718 203 r.

125 247 192 305 rent,
204 256 281 293 eurum
293 239 412 305 productio
424 241 516 304 ponitur
532 242 598 305 qnasi
612 244 717 305 quedam
729 248 795 295 terro
808 246 935 298 formatio.

156 316 190 364 Ad
199 314 322 365 secundum
334 312 468 374 dicendum,
483 313 543 376 quod
559 315 629 365 etiem
640 318 693 366 onte
706 315 768 365 ittam
783 318 934 369 maledictio·

125 400 179 443 nenr
193 387 265 451 spine
283 390 306 436 et
318 385 394 435 tributi
408 386 511 449 producti
525 387 934 454 enutrelvirtute‚vetacn1;sed

125 472 172 509 non
184 462 249 509 oront
260 457 364 521 prodnoti
376 456 465 509 homini
480 458 504 507 in
517 472 623 523 punem,
636 463 662 508 ut
672 458 758 509 scilieet
774 465 845 521 terre,
857 476 934 524 qnam

124 533 217 594 propter
228 529 303 579 oioum
317 529 415 591 doleret,
430 529 571 583 intnntnoun
584 531 687 594 quedem
701 534 725 580 et
735 532 802 581 noxia
812 533 936 593 germina-

126 605 168 653 ret.
179 600 243 657 Unde
254 600 395 651 dictumest:
408 617 422 647 n
432 602 571 653 dormitabit
583 602 634 652 tihi.
647 617 662 649 o

157 673 190 723 nd
209 672 301 722 tert-inin
321 672 455 736 dicendum,
472 672 533 737 quod
553 674 643 739 Moyses
662 688 691 726 en
702 678 789 725 tanturn
808 678 935 739 proposuit

126 742 337 806 queinrnnnitesto
346 750 464 807 apparent,
474 745 533 795 sient
538 746 680 808 jamdictum
689 750 732 796 eet.
742 748 839 811 Corpora
849 748 934 799 entem

125 815 242 867 minoratio
260 816 345 865 nobem
360 817 531 878 generationem
543 818 653 869 onutnu
667 818 692 868 in
709 817 835 869 visceribus
847 824 930 871 torrae.

125 889 154 939 Et
170 887 252 937 iterum
269 900 316 935 non
330 888 414 940 trabem
431 888 576 941 manifestam
589 890 756 941 distinctionem
767 889 781 939 d
794 895 872 954 terra,
887 894 934 943 sed

127 958 569 1023 quodnmtorraeepoeieeoidontor.Et
580 962 632 1013 ideo
643 962 714 1013 doeio
727 962 869 1013 mentionem
881 978 935 1015 non

127 1030 189 1083 tecit.

382 1263 555 1335 donorio
571 1264 666 1330 LXX.

151 1470 186 1515 De
197 1482 268 1529 opere
283 1476 401 1521 orrrotne,
414 1475 533 1529 quntum
545 1471 578 1515 ud
591 1474 707 1530 prement
719 1470 800 1521 dm,
812 1472 843 1515 do
855 1475 908 1517 tm

417 1543 537 1589 minolon
550 1542 641 1587 diuino.

158 1686 326 1747 Consequentur
337 1682 528 1733 considerandum
537 1686 572 1733 ost
583 1684 611 1733 do
625 1696 693 1747 opere
704 1688 806 1734 ornatus.
816 1686 845 1734 nt
854 1685 935 1748 primo

127 1755 155 1805 de
169 1756 264 1819 singulis
274 1755 354 1805 diebus
365 1755 490 1805 seeundum
504 1767 538 1804 se.
552 1754 671 1817 Seoundd,
682 1757 711 1806 de
721 1756 828 1809 omnious
839 1760 933 1819 septem

127 1828 208 1879 dietus
218 1829 242 1879 in
255 1828 378 1895 eommuni.

157 1900 222 1951 Circo
231 1900 330 1963 primum
341 1912 404 1962 ergo,
416 1897 604 1950 considerandum
613 1904 648 1949 est
659 1900 688 1953 do
699 1913 767 1963 opere
776 1902 862 1963 qnnrtae
873 1899 934 1948 dioi.

127 1971 231 2023 Secundo
246 1972 274 2021 de
291 1982 360 2034 opero
376 1969 471 2033 quintu.
487 1970 563 2021 tertio
581 1972 609 2021 de
625 1985 695 2035 opere
708 1974 785 2023 uento.
800 1970 886 2029 Quarto
903 1972 934 2021 de

126 2040 155 2091 iis
170 2056 221 2105 qne
237 2042 351 2104 pertinent
362 2040 390 2090 nd
408 2041 539 2105 septimum.

158 2115 221 2165 Circa
237 2114 335 2178 primurn
346 2118 478 2178 queruntur
493 2116 558 2165 trin:
578 2120 603 2164 1⁰
616 2116 651 2163 De
667 2114 815 2177 productione
831 2115 934 2165 luminu-

127 2186 195 2235 n'nnr.
214 2190 240 2235 pe
256 2188 288 2237 tto
302 2186 347 2237 tino
365 2185 523 2250 productionis
533 2200 620 2237 eorum.
634 2190 660 2235 3⁰
673 2187 752 2235 Utrum
761 2185 808 2235 sint
819 2187 931 2236 animatu.

429 2330 589 2381 nntriendos
605 2330 624 2379 Ι,

210 2444 295 2491 Utrdm
307 2446 439 2491 luminaria
452 2447 576 2491 debuerint
587 2445 687 2503 produci
701 2448 789 2503 quarta
802 2445 848 2490 die.

158 2563 192 2612 nd
205 2562 303 2626 primum
317 2562 349 2613 sio
362 2562 490 2627 proceditur
503 2561 546 2628 (t).
561 2563 654 2613 Videtur
668 2562 729 2627 qudd
742 2561 863 2613 luminaria
879 2578 930 2615 non

127 2636 247 2685 debuerint
256 2634 348 2699 produci
359 2640 437 2698 quarta
451 2636 496 2686 die.
510 2636 640 2685 Luminnrin
651 2635 712 2685 enirn
724 2639 777 2684 sunt
788 2648 884 2698 corpora
895 2636 933 2686 iu-

128 2706 282 2770 eorruptibitin
297 2706 436 2758 naturaliter.
450 2710 510 2770 Ergo
524 2720 602 2757 eorum
615 2707 710 2757 matoria
727 2718 774 2756 non
789 2710 866 2769 potest
880 2711 932 2759 esse

128 2777 212 2841 absquo
222 2777 300 2829 formis
312 2791 398 2829 eorum.
408 2779 455 2829 Sed
465 2790 545 2828 eornm
557 2778 652 2827 materia
660 2778 770 2842 producta
779 2781 815 2826 est
824 2776 850 2825 in
859 2791 932 2843 opere

162 2894 236 2957 (1)De
247 2899 282 2944 his
295 2900 365 2949 etiarn
376 2898 446 2959 intro,
456 2903 538 2956 quest.
548 2896 594 2954 74,
604 2902 647 2942 art.
659 2896 674 2941 1
687 2896 716 2941 nd
725 2896 754 2950 ις
765 2902 790 2942 et
799 2898 836 2955 11,
847 2896 930 2949 Sunt„
