1984 3309
154 162 200 210 'tot
307 177 526 234 inmensum,
542 185 635 229 omnen.
649 191 689 243 tv,
705 191 761 232 aar.
776 197 803 236 v.

152 249 311 312 p'orteohonem
333 259 425 307 namra,
448 258 493 309 Sed
507 260 623 315 beatitudo
643 271 679 318 εει
694 273 807 334 perfectio
825 277 915 332 virtutis
928 285 946 333 ει

151 320 241 385 gramm
261 323 336 374 anima
357 330 432 377 autom
449 330 500 380 sine
517 345 612 398 conpone
628 350 674 388 uon
697 341 768 394 hahet
791 349 945 412 perfectionem

151 394 236 444 nature
244 431 250 453 ‚
258 393 310 444 oium
318 395 349 446 sit
354 411 410 460 pars
419 403 552 454 naturaiiter
561 407 665 461 hmnanae
676 417 779 480 εειετεες
792 422 869 473 omnis
878 429 945 475 antem

149 473 203 524 pars
215 468 251 513 est
262 465 394 530 imperfecta
406 469 421 519 a
433 485 476 524 suo
485 477 535 526 toto
547 483 658 542 separata.
671 483 732 547 dago
742 489 822 542 anima
836 492 889 544 sine
907 510 945 546 aor-

148 545 203 593 pore
216 543 263 585 non
275 540 352 600 potest
365 554 417 593 esse
434 544 510 596 beata.

178 607 201 652 ε.
219 607 343 674 Paeterea,
364 612 480 666 beatitudo
494 622 530 668 εει
549 624 650 684 operatio
670 630 778 690 quadam
791 636 911 702 pertenta,
925 643 944 686 ut

146 688 213 738 supra
228 679 316 731 dietum
330 684 381 746 (qu.
396 689 425 748 ε,
440 691 484 738 art.
499 690 540 752 ε).
550 691 600 744 'Sed
611 698 713 759 operatio
727 703 834 764 perieota
849 711 945 774 sequitur

146 757 195 794 εεεε
215 749 353 816 perfectum
368 756 423 818 quia
436 758 495 808 nihii
511 765 618 825 operatur
637 766 681 818 misi
696 774 826 826 seeundum
839 781 902 842 opnod
917 784 942 830 εει

58 814 61 821 ’
144 816 168 865 in
181 821 242 870 actu.
253 821 310 872 Cium
322 837 375 888 ergo
389 827 466 879 anina
480 843 527 880 mom
542 834 624 886 habam
637 851 687 890 esse
700 844 846 912 perfectum,
861 853 943 914 quando

143 893 179 938 est
191 887 205 938 h
217 905 311 957 oorpore
324 901 442 962 separatu
454 900 566 954 sioutneo
575 919 628 969 pars
637 915 742 974 sepaaata
753 915 768 965 d
781 919 847 982 toto,
861 923 943 972 uidetur

143 961 204 1021 quod
218 963 294 1015 amima
307 967 357 1017 siue
369 983 463 1034 oorpore
474 987 522 1024 nom
535 977 610 1039 possit
623 993 674 1032 εεεε
688 983 766 1036 beata.

175 1035 197 1080 3.
208 1033 327 1100 Praeterea,
336 1038 454 1093 beatitudo
462 1048 499 1094 est
508 1047 617 1110 portantia
629 1053 737 1106 hominis.
750 1057 797 1109 Sed
809 1063 890 1114 amima
900 1065 939 1114 sime

141 1113 302 1185 conporenmon
324 1114 361 1160 est
382 1112 459 1165 homo.
477 1118 536 1180 [tngo
556 1119 672 1174 beatitudo
688 1139 733 1176 mon
754 1134 838 1193 potest
859 1137 940 1186 esseio

141 1185 216 1224 amma
229 1189 279 1226 ειεε
294 1191 398 1244 corpore.

172 1248 194 1294 t.
212 1247 336 1312 Pnaetesoa,
352 1255 476 1306 monadum
490 1259 651 1326 Philosophum
664 1266 688 1316 im
700 1269 730 1318 X.
743 1273 876 1345 Ethemon
891 1293 938 1344 ope

139 1315 197 1366 natio
211 1318 326 1372 felicitatis
338 1323 364 1372 in
378 1339 422 1389 qua
434 1329 541 1380 consistit
558 1332 691 1403 beatitudo,
710 1345 746 1392 εει
765 1357 814 1396 mom
826 1347 936 1414 impedita.

138 1388 182 1438 Sed
194 1392 297 1453 operatio
310 1395 392 1447 animae
402 1405 511 1462 separato
526 1407 562 1454 εει
574 1406 695 1471 impedita;
706 1414 759 1477 quia
765 1453 773 1480 ,
787 1423 816 1469 ut
830 1422 889 1474 dimit
899 1428 936 1475 tu-

137 1461 241 1521 gostinus
259 1465 308 1515 xm.
321 1467 404 1530 Super
417 1470 478 1520 Gen.
492 1474 528 1522 ud
542 1475 672 1538 litteram,
692 1485 754 1549 (cap.
775 1493 825 1552 ³5)
837 1531 846 1558 ,
858 1513 873 1543 u
884 1495 935 1546 inem

136 1529 159 1578 ei
174 1533 283 1583 maturatis
295 1536 387 1598 qudam
402 1543 520 1604 appetitus
533 1559 616 1611 eorpus
632 1553 827 1624 administrandi,
845 1580 891 1629 quo
901 1581 934 1631 ap

134 1602 208 1663 petitu
217 1607 342 1658 retardatum
349 1611 515 1672 quodammodo
524 1630 553 1668 aa
564 1622 611 1670 tota
620 1621 748 1678 intentione
758 1639 847 1696 pergat
856 1637 880 1688 in
888 1639 933 1689 hlud

135 1685 248 1724 summum
268 1679 365 1739 emtum,
386 1697 401 1728 a
417 1684 446 1733 id
460 1689 516 1752 εει,
534 1688 560 1738 iu
580 1691 693 1746 visionem
714 1705 827 1756 essentiae
848 1710 931 1761 dimna.

132 1742 192 1805 dego
201 1745 277 1794 amima
289 1747 339 1799 siue
352 1763 447 1816 corporo
460 1771 508 1808 non
521 1765 596 1823 potest
609 1777 658 1816 osse
673 1768 749 1820 beata.

164 1816 187 1864 5.
201 1817 327 1881 eremias,
340 1821 457 1878 beatitudo
467 1833 504 1879 est
515 1833 631 1886 suitteiems
646 1840 745 1906 bonum,
757 1850 783 1895 ει
797 1847 887 1912 quietat
898 1854 931 1903 de·

131 1883 249 1936 siderium.
260 1888 305 1938 Sed
316 1891 361 1942 hoo
370 1907 416 1944 nou
428 1900 538 1950 conuenit
551 1906 635 1958 auimo
651 1916 777 1980 separatae3
794 1919 852 1982 quia
863 1923 931 1974 adbuc

131 1956 219 2019 appetit
234 1961 335 2022 corporis
357 1965 479 2031 unionem,
492 1977 523 2022 nt
536 1975 675 2038 Augustinus
693 1984 749 2035 dicit
765 1987 822 2052 (ubi
839 1994 930 2058 supra).

131 2026 191 2090 Ergo
204 2029 279 2080 anina
291 2038 395 2097 separata
408 2051 527 2105 osorpoue
540 2059 586 2098 nom
599 2053 633 2100 εει
644 2052 719 2105 beata.

159 2103 184 2149 o.
200 2100 330 2166 Pietatem,
342 2107 415 2158 homo
427 2109 453 2160 im
465 2112 606 2172 beatitudine
617 2125 652 2172 εει
663 2129 753 2190 augetis
767 2135 873 2197 aqualis.
888 2139 928 2189 Sed

127 2170 202 2221 anima
218 2173 268 2225 sine
280 2189 375 2241 eorporo
389 2194 435 2232 nou
446 2191 549 2248 equatur
559 2192 660 2258 angelis,
674 2199 702 2246 ut
718 2201 864 2264 Augustinus
876 2209 927 2260 dicit

130 2240 183 2300 tubi
194 2247 283 2311 supra).
300 2250 359 2313 Engo
371 2265 417 2302 mom
428 2259 464 2305 εει
473 2257 548 2309 beata.

156 2312 201 2363 Sed
217 2320 296 2368 contra
312 2324 363 2383 est,
377 2326 437 2387 quod
452 2327 535 2380 dieitur
547 2334 634 2398 Apoo„
648 2339 699 2389 xiv
714 2356 720 2390 ε
737 2358 751 2389 u
765 2344 833 2397 Beati
847 2350 924 2402 mortui

124 2381 163 2444 qui
179 2383 310 2440 inbonino
323 2395 461 2446 moriuntur.
472 2416 486 2446 n

157 2452 314 2515 (Coucnusao.
331 2489 361 2500 -
374 2465 431 2516 Cinna
445 2470 547 2532 perient-n
564 2477 664 2530 hominis
681 2481 800 2538 beatitudo
816 2491 923 2542 consistat

122 2521 148 2571 iu
158 2522 244 2576 visione
254 2533 359 2585 essentis
372 2537 469 2601 diuina,
481 2557 531 2606 quan
543 2559 583 2610 pen
593 2551 756 2612 phantasmata
767 2572 814 2612 mou
824 2563 920 2624 uidetur,

121 2595 148 2644 ad
159 2594 232 2660 ipsam
241 2612 286 2650 mou
297 2609 424 2660 necessario
433 2625 515 2676 eorpus
526 2618 648 2680 requiritur
658 2624 723 2687 quasi
732 2626 794 2680 iltius
801 2634 920 2686 esseutinm

120 2667 277 2731 constituam
288 2673 403 2728 beatitudo
415 2686 490 2734 tamen
502 2701 552 2749 quae
562 2689 586 2738 iu
602 2693 645 2742 hac
661 2694 708 2746 vita
722 2701 841 2762 possibilis
856 2705 919 2757 uobis

119 2815 200 2868 Geni„
217 2821 314 2881 iib.1v‚
329 2839 381 2884 cap.
400 2832 445 2887 tus
460 2843 485 2882 et
497 2851 538 2896 qn.
560 2842 589 2901 5,
609 2847 638 2892 de
656 2855 759 2913 potent,
773 2863 821 2905 ort.
840 2859 879 2914 to;
896 2869 919 2908 et

119 2876 219 2931 Opone„
232 2884 278 2941 111,
293 2897 345 2943 oop.
358 2889 416 2946 tom
430 2902 455 2942 ει
466 2901 521 2952 dod,
532 2906 596 2966 xtm,
611 2909 765 2965 oiroohuam.
