1984 3309
252 138 284 173 oe
299 136 391 174 nnrnnn
407 135 491 173 arms
507 137 539 174 au
555 136 654 175 conaus.
808 129 853 177 12³

52 213 94 261 alia
106 225 159 277 pars
171 214 202 263 sit
214 213 266 264 talis
275 228 328 277 qnae
338 213 412 277 possit
422 227 473 265 esse
483 216 554 265 mota.
565 214 611 263 Sed
623 214 717 265 materia
727 214 800 279 prima
809 230 854 267 nou

51 289 125 346 protest
137 285 237 342 moveri,
249 289 278 335 nt
291 284 377 335 dicitur
389 284 414 335 in
427 286 455 335 V.
466 286 566 350 Pityaia.
582 289 648 346 (text.
665 286 697 351 t),
711 286 762 337 cium
771 288 802 337 sit
812 302 855 339 ens

50 360 120 407 scutum
132 357 157 407 in
176 358 298 421 potentia;
314 358 420 425 quinimo
435 372 502 408 omne
516 360 575 421 quod
590 364 693 409 movetur
707 364 741 409 cst
760 364 853 425 corpus.

51 431 108 491 Ergo
119 436 209 493 oportet
227 432 291 494 quod
308 431 334 479 in
349 430 443 481 homine
460 431 635 494 alioquolibet
651 430 743 481 animali
761 432 793 482 sit
810 432 853 483 alia

51 501 119 551 locuta
129 502 298 566 svrhslantialis,
308 516 351 567 per
361 516 430 565 quam
441 504 592 553 constituatur
606 516 696 567 corpus.

79 579 101 625 3.
112 576 301 637 Pretevea‚ordo
309 574 335 623 in
345 574 426 624 formis
435 575 556 623 attenditur
563 576 686 625 secundum
694 574 851 627 habitudinem

53 648 76 694 al
96 647 215 697 maleum
234 647 341 710 primam.
358 648 436 696 Prius
449 646 512 696 enim
529 650 553 697 et
568 648 696 710 posterius
716 647 798 697 dicitnr
813 662 854 712 par

53 719 244 781 comparationem
261 718 291 768 ed
308 718 399 781 aliquot
412 716 563 781 principium.
583 718 607 767 Si
625 732 679 780 ergo
692 732 740 768 non
756 724 817 769 essct
830 720 854 771 in

53 791 139 842 homine
152 792 233 854 aliqua
243 792 318 841 torma
335 790 491 839 substantialis
503 794 582 854 preter
596 790 694 841 animam
704 790 852 849 rationalem,

53 865 89 912 sad
97 862 233 914 immediate
240 862 343 913 materia
352 862 432 925 primae
441 862 572 926 inhereret
585 865 717 926 sequeretur
726 863 786 927 qnod
795 870 855 915 esset

54 935 77 983 io
93 936 169 986 omine
188 934 446 999 imperfectissimam
464 934 602 998 turmarum,
617 949 667 1001 qna
679 935 808 987 immediate
820 937 856 987 in-

57 1008 135 1058 tarent
143 1007 263 1058 materiae.

87 1083 108 1127 t.
121 1081 251 1142 Praeterea,
267 1092 351 1142 corpus
364 1079 491 1128 humanum
510 1083 546 1128 est
561 1092 642 1143 corpus
658 1078 763 1129 mixtum.
778 1080 856 1132 llirtio

56 1161 126 1203 autem
135 1167 183 1203 non
192 1153 220 1202 fit
230 1152 358 1201 secundum
368 1150 487 1201 mammam
497 1155 585 1201 tantvm
594 1191 600 1215 ‚
610 1153 663 1216 qnuia
673 1155 727 1202 tnnc
737 1156 797 1203 esset
808 1167 856 1205 cor—

54 1226 125 1287 ruptio
136 1227 196 1276 sola.
212 1227 312 1287 Oportet
325 1237 381 1286 crgo
392 1224 452 1286 qnod
460 1228 593 1275 remaneant
606 1226 684 1275 formae
693 1226 857 1275 elementorum

54 1295 75 1344 in
87 1311 182 1362 corpore
195 1297 287 1357 mixto,
300 1310 351 1359 quaa
362 1299 416 1346 sunt
426 1296 504 1347 formae
518 1296 686 1347 substantiales.
698 1298 756 1359 Ergo
772 1297 796 1349 in
807 1311 858 1348 cor-

55 1382 104 1427 pure
122 1370 227 1418 hnmano
244 1370 300 1417 sunt
319 1366 371 1416 alim
392 1367 471 1417 torma
487 1369 646 1418 substantiales
663 1371 745 1431 praeter
759 1369 858 1419 animam

57 1439 225 1490 inlelectivam.

86 1513 126 1561 Sca
136 1516 229 1571 contra,
238 1512 311 1561 unius
324 1511 358 1561 rei
369 1516 406 1561 est
414 1525 484 1561 unum
494 1528 546 1561 ease
556 1511 702 1562 substantiale
713 1528 720 1574 3
731 1514 771 1563 set
788 1514 859 1563 torma

61 1582 207 1634 substantialis
216 1584 258 1633 dat
265 1599 317 1632 esse
323 1582 473 1635 substantiale
482 1600 487 1632 :
496 1598 550 1645 ergo
559 1584 625 1633 unicus
634 1582 667 1633 nei
674 1588 708 1633 est
716 1598 761 1633 nna
771 1588 856 1634 tantvm

59 1654 125 1704 torma
141 1655 311 1705 substantialis.
325 1655 408 1705 Anima
426 1659 501 1705 autem
519 1660 554 1705 cst
566 1656 638 1705 forma
652 1655 803 1705 subsuntialis
817 1658 857 1705 hc-

57 1726 128 1777 minis.
144 1728 207 1789 Ergo
226 1727 372 1789 impossibile
388 1730 425 1776 est
441 1728 501 1790 quod
519 1727 543 1776 in
563 1728 657 1777 homine
672 1726 702 1776 sit
722 1728 797 1793 aliqua
814 1728 857 1778 alia

55 1796 123 1847 torna
137 1798 315 1860 substantialis,
325 1812 396 1862 quam
410 1798 485 1847 anima
499 1798 648 1849 intellectiva.

88 1870 354 1933 (corausto—curn
363 1870 440 1920 anima
448 1872 547 1921 humana
556 1870 648 1920 uniatur
656 1870 744 1934 corpori
753 1873 778 1919 ιιι
786 1870 858 1921 turma

55 1940 107 1991 dans
119 1941 155 1990 illi
168 1956 222 1990 esse
231 1941 384 2005 simpliciter,
394 1941 533 2005 impossibile
546 1946 580 1991 est
592 1955 642 1992 esse
650 1941 675 1991 in
685 1940 777 1993 humine
790 1942 857 1991 aliam

56 2011 147 2061 turmam
159 2018 246 2077 practer
256 2013 359 2063 animam
371 2013 558 2073 intellectivam.)

83 2087 220 2150 Respondeo
236 2087 374 2147 dicendum,
389 2084 449 2148 quod
461 2086 481 2135 si
493 2090 616 2149 poneretur
632 2086 707 2135 anima
722 2086 857 2135 intellectiva

55 2170 98 2206 non
112 2158 175 2208 uniri
188 2158 280 2222 corpori
290 2162 317 2207 nt
329 2157 422 2220 forma,
436 2158 476 2207 scd
487 2158 561 2209 sulum
577 2161 695 2220 ninantur,
712 2160 736 2206 ut
747 2157 857 2206 Platonici

57 2234 187 2290 posuerunt,
196 2244 292 2281 necesse
302 2234 364 2280 esset
373 2230 448 2279 dicere
460 2231 520 2293 quod
529 2230 554 2278 in
563 2229 654 2279 homine
664 2233 724 2279 esset
733 2230 776 2278 alia
787 2230 857 2279 torma

58 2302 224 2362 substantialis,
238 2317 280 2366 pec
291 2314 368 2365 ,quarn
386 2314 467 2364 corpus
483 2301 600 2351 abaninn
613 2300 696 2350 mobile
711 2301 735 2349 iu
753 2314 793 2351 sno
809 2316 859 2350 esce

61 2375 239 2423 constitueretur.
250 2376 294 2424 Sed
306 2374 328 2424 si
339 2372 417 2422 anima
428 2372 565 2422 intellectiva
572 2372 746 2437 unitureorpori
754 2376 779 2421 ut
788 2372 858 2422 sonna

59 2444 220 2502 subsannatis,
238 2446 300 2497 sicut
314 2457 386 2508 supra
400 2444 447 2507 jam
463 2444 560 2495 diximus
569 2482 578 2508 ,
590 2444 729 2507 impossibile
747 2448 783 2495 est
799 2445 859 2507 qnoul

57 2517 127 2579 atqua
136 2515 528 2578 lormasulrstantialispraeteream
537 2515 668 2566 inveniatur
681 2516 705 2565 in
714 2515 813 2565 homine.
826 2516 858 2564 Ad

57 2589 117 2650 cujus
129 2587 272 2639 evidentiam
281 2585 473 2638 considerandum
487 2590 538 2650 est,
550 2587 610 2649 quocl
624 2586 696 2636 forma
707 2585 860 2635 substantialis

57 2658 78 2707 in
90 2661 133 2709 lroc
142 2660 157 2710 l
166 2661 239 2711 torma
251 2657 395 2711 accidentali
408 2656 496 2720 differt,
509 2658 563 2721 quain
572 2658 644 2708 forma
656 2657 804 2707 accidentalis
813 2670 858 2705 non

58 2730 92 2778 lat
103 2746 154 2781 cose
168 2730 317 2797 simpliciter,
331 2730 374 2779 sed
385 2744 435 2777 esse
449 2729 507 2791 tale3
520 2731 578 2779 sicut
592 2730 653 2779 calor
664 2728 719 2778 lacit
731 2741 797 2778 snum
808 2728 859 2777 suh-

60 2803 141 2863 jectnm
156 2818 202 2856 non
217 2803 358 2869 simpliciter
374 2814 441 2863 esse,
455 2802 495 2851 secl
515 2814 564 2853 esse
580 2800 685 2851 calidum.
698 2802 729 2851 Et
743 2800 794 2849 ileo
808 2812 858 2847 cnm

61 2876 147 2931 cavent
156 2877 229 2930 turma
237 2873 403 2937 accidentalis,
412 2887 459 2925 non
468 2872 548 2925 licitur
559 2870 643 2937 aliquid
653 2870 703 2923 lieri
710 2871 748 2921 vel
755 2866 857 2933 generari
