1984 3309
150 199 197 245 teo
334 202 396 244 runs
410 178 433 253 ι’,
449 199 544 245 eoam.
559 197 633 247 erut,
648 197 703 236 nar.
721 197 765 238 rrr.

151 300 166 332 n
179 293 259 334 omnes
276 284 331 331 snnt
352 277 539 332 administratorii
560 276 653 342 solutus
670 276 695 325 iu
717 275 876 338 ministerium
895 279 957 330 missi

149 358 242 418 propter
257 353 350 416 eosqui
366 349 521 402 hereditatem
535 348 628 412 rapiunt
644 347 733 398 salutis.
750 365 764 395 u
780 349 817 398 Ex
831 356 880 414 quo
895 339 973 418 patet}

148 425 209 490 quod
225 424 300 476 oiiioia
318 423 449 486 angelornm
464 421 596 473 ordinantur
615 421 643 470 nd
664 422 710 470 hoo
724 419 787 484 qnod
802 423 918 474 homines
937 426 973 510 adu

149 499 244 548 mittem
254 495 410 546 adducantur.
426 493 470 544 Sed
484 505 564 544 omnes
579 491 645 542 olenii
661 505 732 556 usqne
746 493 776 542 ad
792 493 858 544 diem
874 493 960 560 judicii

150 569 245 619 saluum
257 569 432 629 consequuntur.
444 565 494 614 Non
505 577 559 628 orgo
573 566 624 627 post
637 563 698 613 diem
705 562 788 628 judicii
802 568 958 618 remanebunt
972 511 973 604 i

150 640 226 692 oifioia
239 643 263 690 et
277 638 370 690 ordines
383 637 526 700 angulorum.

182 713 226 764 Sed
237 715 315 764 eontra
328 713 376 773 est,
391 709 451 773 quod
465 709 547 758 dicitur
559 707 660 764 ludim,
672 709 692 757 V
706 723 713 757 ε
726 723 740 755 n
753 707 828 759 &ede
837 718 960 763 manentes

151 783 176 834 in
193 784 273 834 ordine
293 786 317 833 et
331 795 399 832 onrsn
417 793 466 830 sno.
484 780 577 838 »Quod
597 777 717 842 exponitur
736 779 764 830 de
778 779 882 842 engolis.
904 785 957 848 Ergo

151 855 227 920 angeli
237 852 328 919 semper
338 853 364 903 in
378 851 426 904 suis
438 850 555 902 ordinibus
568 851 725 900 remanebunt.

187 928 340 992 (Coumusro.
358 953 389 962 -
410 923 572 974 llemnnebunt
594 921 691 984 angelici
708 920 802 972 ordines
821 927 877 987 post
903 927 958 976 dieu

149 999 241 1062 judicii,
249 999 324 1063 quoad
334 998 441 1059 graduum
451 993 633 1056 distinctionem
645 993 720 1057 quoad
729 992 893 1046 executionem
907 997 959 1046 uerri

152 1083 245 1121 suorum
263 1068 403 1129 officiorum,
418 1066 501 1131 partim
513 1064 676 1128 remanebunt,
690 1063 808 1128 etonrtirn
820 1065 898 1133 non.)

184 1141 320 1204 despondeo
332 1139 467 1201 dicendum,
483 1136 544 1202 qnbd
558 1137 582 1186 in
597 1137 713 1188 ordinibus
723 1135 833 1200 enneli&
849 1139 899 1190 duo
908 1155 958 1206 pos·

154 1216 210 1262 snut
222 1210 376 1272 considerari,
391 1210 481 1261 seilicet
494 1207 611 1260 distinctio
625 1210 734 1272 grndnnm
750 1212 774 1259 ot
787 1209 896 1261 executio
913 1214 959 1263 oru-

153 1284 251 1334 ciorum.
268 1281 391 1335 bistinctio
405 1286 481 1333 nutam
499 1281 611 1344 graduum
627 1283 664 1332 est
682 1281 707 1330 in
725 1281 814 1344 nugalis
833 1284 958 1334 seonudtm

153 1355 305 1406 ditioremiem
325 1353 403 1418 gratio
418 1355 443 1404 et
454 1355 555 1414 botruo,
570 1356 596 1403 ut
609 1353 678 1418 supet
690 1352 826 1404 dictumest
840 1355 907 1415 (art.
921 1357 957 1420 t).

153 1426 183 1477 Et
196 1431 292 1491 utraque
303 1424 431 1478 differenti-a
440 1431 531 1488 semper
544 1423 569 1474 iu
579 1424 668 1488 engeis
676 1423 815 1476 remanebit.
831 1425 884 1476 Nou
898 1429 956 1477 enim

154 1502 285 1549 naturarum
294 1496 427 1548 differentia
439 1497 468 1546 ab
479 1495 514 1549 eis
523 1495 607 1546 auferri
615 1499 725 1560 possent,
735 1495 779 1548 nisi
789 1497 826 1547 eis
833 1501 956 1563 ourrtrptis.

153 1569 285 1620 differentia
304 1569 372 1620 etiam
386 1568 462 1632 glorian
475 1567 518 1618 erit
532 1568 556 1618 in
567 1567 601 1618 eis
612 1581 702 1632 semper
715 1567 836 1619 senunddm
853 1569 955 1621 differen-

154 1641 208 1690 tiam
218 1641 293 1691 meriti
300 1639 574 1706 praecedentislixeeutio
585 1643 662 1690 nutem
669 1638 797 1690 oilioinrnm
806 1639 955 1703 angelicorum

154 1713 230 1776 aliquo
247 1713 313 1763 ruodo
325 1712 450 1764 remanebit
462 1714 515 1776 post
525 1711 586 1762 diem
597 1710 693 1776 judieii,
706 1714 730 1761 et
741 1711 816 1775 aliquo
830 1714 898 1763 modo
913 1728 956 1764 oes-

155 1784 224 1834 satit.
235 1783 336 1834 cessabit
348 1783 438 1848 qudem
448 1783 572 1834 seeunddm
583 1781 643 1848 qudd
651 1795 729 1834 eornm
739 1782 817 1833 officia
828 1783 956 1834 ordinantur

155 1856 183 1904 ad
194 1855 361 1918 perducendum
372 1854 460 1918 aliquos
475 1855 499 1904 iu
511 1855 593 1919 iiuem;
605 1853 731 1906 remanebit
741 1859 820 1905 anteon
830 1857 954 1906 seunuddu

155 1926 215 1990 quod
231 1926 339 1978 conuenit
354 1927 380 1976 in
394 1926 473 1977 ultima
493 1925 546 1976 lunis
558 1926 729 1976 consecutione
747 1925 813 1976 Sient
830 1927 899 1980 otium
919 1929 956 1976 aliu

155 2003 209 2048 sunt
224 1998 300 2048 oitiuia
314 1997 449 2050 militarium
464 1998 570 2048 ordinum
586 1997 703 2062 inpugna
713 2000 737 2048 et
748 1995 776 2048 in
786 1998 912 2063 triumpho.

187 2071 221 2122 ild
231 2071 331 2134 priunum
343 2083 397 2134 ergo
413 2069 549 2132 dicendum,
560 2068 621 2133 qndd
632 2068 777 2133 Principibus
795 2073 820 2120 et
833 2071 959 2122 Potestates

156 2143 325 2193 evacuabuntur
343 2141 367 2192 iu
382 2141 419 2192 illa
441 2141 505 2192 finali
522 2141 718 2193 consummatione
738 2146 851 2204 qnantum
869 2143 899 2193 nd
921 2145 957 2192 bor

157 2215 217 2277 (ruod
233 2215 288 2265 elios
301 2216 328 2264 ad
343 2213 412 2263 finem
431 2214 570 2278 perduoaut;
588 2215 642 2278 quia
658 2217 781 2264 consecuto
790 2214 839 2278 jam
852 2215 897 2265 iine
916 2229 957 2264 nou

157 2290 193 2336 est
210 2287 363 2337 necessarium
376 2287 469 2337 tendere
480 2285 505 2335 in
518 2285 596 2336 luem.
611 2288 640 2336 Et
651 2288 701 2336 hren
716 2287 774 2337 ratio
784 2286 922 2352 inteligitur
932 2303 956 2337 er

157 2358 233 2407 uerbis
247 2358 350 2421 Apostoli
366 2357 464 2409 dicentis
480 2373 486 2406 :
510 2375 525 2406 u
538 2357 596 2408 Ciam
616 2357 734 2408 tradiderit
750 2371 847 2422 mgnum
868 2353 915 2410 ileo
937 2364 956 2408 et

158 2428 232 2490 Patri,
252 2429 376 2493 uideat,
396 2429 448 2479 cium
469 2430 601 2493 perdtmerit
618 2429 698 2480 fideles
718 2431 888 2482 adfruendum
908 2432 955 2494 ipso

189 2573 222 2621 lid
243 2573 367 2622 secundnm
386 2573 506 2623 dicendum
511 2610 520 2636 ,
540 2571 601 2636 quod
618 2573 720 2624 actiones
737 2575 872 2638 angelorum
893 2587 956 2638 orroei·

158 2641 215 2693 alios
225 2645 319 2706 angelos
331 2643 501 2695 oonmdmandao
509 2649 563 2694 snut
572 2643 697 2696 secundinus
707 2645 880 2696 similitudinem
892 2646 958 2696 actio-

159 2726 213 2762 num
225 2713 401 2775 intelligibilium
413 2729 465 2777 qnae
483 2714 573 2764 suntin
591 2716 665 2766 nobis.
680 2717 830 2766 inveniuntur
840 2721 918 2768 auteur
935 2718 955 2764 iu

158 2784 308 2838 uobismultae
317 2784 472 2848 inteligibiles
481 2787 647 2851 sudoresque
656 2787 826 2838 suntordiuatn
835 2789 955 2838 secundini

159 2854 261 2907 ordinem
273 2867 346 2907 cause
357 2860 382 2904 et
391 2857 477 2907 causati
486 2873 492 2907 :
507 2858 564 2910 sient
577 2857 631 2912 cirin
638 2873 679 2923 per
686 2858 755 2915 nonita
765 2859 841 2910 media
850 2860 956 2922 matutini

159 2924 183 2972 in
196 2937 264 2973 unam
281 2925 447 2977 conclusionem
455 2928 598 2981 devenimus.
609 2931 752 2982 Manifestum
763 2933 888 2982 ostentent
901 2929 957 2994 quot
