1984 3309
321 218 355 257 ne
371 220 448 258 onnes
463 220 547 259 smus
560 223 618 260 nmr.
837 217 868 263 69

52 299 134 349 tionem
150 296 323 360 generationis.
337 298 456 357 Quantum
474 301 551 348 autern
569 300 599 349 ad
612 298 701 363 adquae
710 299 861 364 opacitates,

51 371 114 421 etiem
127 370 205 434 aliqua
218 368 338 421 animalia
349 368 484 431 imperfecta
492 368 570 432 *magis
582 370 674 433 vigent3
685 374 710 420 nt
721 384 776 434 apes
786 376 810 423 et
820 372 866 421 lor·

49 442 119 491 mica.
135 443 162 491 lit
175 441 233 493 ideo
250 440 333 505 pisces
350 444 418 491 vocat
431 452 478 489 nou
497 440 626 491 «animem
642 441 774 498 viventem.
789 458 804 491 n
822 444 865 493 sed

53 529 67 558 n
81 512 156 575 reptile
164 512 258 563 animet
274 510 394 573 viventis3
405 527 418 557 u
431 512 472 561 sed
484 514 575 566 terrem
585 512 691 562 animalia
707 515 775 563 vocat
784 530 798 561 (ι
812 513 868 563 aui-

51 596 107 633 mam
114 584 249 646 viventem,
260 600 275 629 »
288 587 383 647 propter
394 583 558 646 perfectionem
566 582 620 633 sitae
630 585 655 633 in
664 584 711 646 eis,
722 585 776 635 acsi
787 585 863 649 pisces

49 655 90 705 sint
103 669 202 721 corpora
217 653 334 705 habentia
348 654 435 718 allpuid
450 654 533 717 anime
540 692 550 718 ,
560 655 677 712 terrestria
689 656 743 707 verb
757 656 865 707 animalia

50 732 135 791 propter
146 726 327 792 perfectionem
336 726 390 776 vitae
402 725 448 776 sint
458 726 523 789 quasi
533 728 614 777 animo
626 727 770 778 dominantes
782 741 867 791 corpo-

48 798 113 849 ribus.
128 797 327 850 Perlectissimos
336 801 414 848 antem
425 798 508 859 gradus
515 798 570 849 vita
581 802 617 847 est
627 798 651 847 in
661 799 761 849 bomine.
774 801 804 849 llt
813 800 869 849 ideo

47 869 113 923 ιιιιιιι
123 870 235 922 bominis
247 883 297 919 non
311 869 366 919 dicit
379 868 501 933 producit
512 873 572 921 terra
584 871 622 919 vel
636 883 703 934 aque,
719 870 779 921 sicut
792 876 867 923 cete-

49 954 119 993 romm
132 942 300 1003 animalium,
316 940 357 990 sed
373 940 387 991 d
400 942 457 991 beo.

77 1014 108 1063 rid
117 1013 257 1065 secuudum
266 1012 401 1073 dicendum,
408 1010 469 1077 qudd
476 1026 518 1075 per
523 1013 672 1077 jumentavel
684 1026 768 1077 perora
779 1013 866 1065 iutelli-

49 1088 127 1145 guntur
137 1084 257 1135 animalia
266 1082 393 1134 domestica
399 1097 450 1146 que
456 1083 543 1133 bomini
551 1084 655 1136 seruiunt
663 1084 864 1149 qualitercunque.

48 1155 89 1205 Per
99 1156 192 1207 bestias
202 1159 285 1208 autem
295 1154 458 1221 intelliguntur
467 1154 574 1205 animalia
581 1155 867 1219 carnutensietleones.

48 1228 91 1277 Per
99 1228 197 1293 reptilia
210 1226 285 1289 verb,
301 1225 472 1289 animamque
485 1228 523 1276 vel
539 1240 586 1277 nou
601 1227 688 1277 babent
701 1227 772 1291 pedes
785 1228 868 1291 quibus

49 1298 167 1351 eleventur
190 1296 206 1349 d
224 1300 302 1358 terra,
319 1301 345 1347 ut
362 1301 496 1361 serpentem
515 1299 552 1349 rel
567 1299 656 1349 babent
672 1300 768 1363 breves,
786 1300 868 1363 quitsu

51 1384 128 1433 pamm
142 1372 283 1432 elevantur,
295 1373 320 1418 ut
328 1368 419 1420 lecerlae
429 1372 452 1419 et
463 1369 570 1423 lormiuae.
584 1370 628 1430 Sed
637 1370 691 1434 quia
699 1371 867 1434 suntquaedam

52 1442 156 1495 animalia
168 1456 224 1506 quae
239 1441 283 1493 sub
299 1442 363 1491 nullo
376 1442 458 1493 borum
470 1442 704 1505 comprehenduntur,
719 1446 746 1492 ut
764 1442 827 1493 cerri
844 1446 869 1494 et

54 1517 173 1578 capre3ut
182 1513 260 1564 etiam
268 1513 314 1563 iste
320 1512 576 1577 comprehenderentur,
583 1513 669 1564 addidit
675 1513 865 1579 quadrupedem

55 1582 94 1633 Vel
102 1584 265 1649 quadrupedia
276 1584 389 1647 premisit
398 1584 463 1647 qlttlsi
475 1596 561 1648 genus,
573 1589 598 1636 et
613 1585 658 1635 alia
672 1584 792 1649 subjunxit
802 1586 869 1649 quasi

52 1656 149 1721 speciem
161 1660 219 1707 sunl
231 1654 295 1705 enim
309 1656 416 1719 quaedam
430 1656 529 1719 reptilia,
536 1660 563 1706 ut
574 1657 665 1707 lucente
679 1656 820 1707 etlormice.

81 1730 114 1779 lld
126 1727 226 1779 tertium
241 1725 379 1787 dicendum,
396 1725 456 1790 qudd
473 1727 498 1777 lu
517 1726 568 1778 allis
586 1728 722 1778 animalibus
735 1732 760 1779 et
779 1728 865 1792 plantis

51 1800 194 1850 mentionem
207 1797 267 1849 iecit
277 1798 305 1847 de
317 1810 403 1860 genere
415 1801 440 1847 et
450 1800 539 1863 specie,
552 1803 578 1849 nt
588 1799 719 1863 designaret
734 1800 863 1863 generatio

51 1885 103 1921 nem
115 1871 219 1921 similem
233 1883 265 1920 ex
277 1868 400 1921 similibus.
413 1870 440 1918 ln
458 1870 552 1921 bomine
570 1874 706 1921 autemnon
723 1871 767 1920 init
783 1883 864 1921 neces-

50 1943 132 1993 sarium
146 1947 173 1993 nt
187 1944 234 1993 boc
251 1940 382 2005 diceretur;
398 1938 452 2004 quia
465 1944 525 2006 quod
542 1943 684 2007 premissum
700 1943 745 1992 luit
760 1944 788 1993 de
801 1943 862 2004 aliis,

50 2013 116 2063 etiam
129 2015 159 2064 de
173 2012 272 2065 bomine
290 2011 390 2075 intelligi
403 2014 486 2075 potest.
498 2013 541 2064 Vel
553 2014 608 2078 quia
621 2014 728 2064 animalia
740 2017 765 2063 et
778 2014 863 2077 planta

50 2086 207 2147 producuntur
219 2084 347 2135 secnnddm
363 2096 442 2145 genus·
451 2088 474 2133 et
483 2084 585 2148 speciem
597 2098 676 2147 suam,
685 2084 750 2148 quasi
766 2084 834 2147 longi
852 2084 866 2135 l

52 2156 202 2207 similitudine
216 2155 299 2206 divini
309 2161 408 2205 remota.
422 2156 494 2206 llomn
506 2161 581 2207 auten
595 2156 676 2207 dicitnr
689 2173 703 2203 (ι
715 2155 826 2205 formatus
837 2158 866 2207 ed

52 2228 174 2293 imaginem
189 2232 214 2279 et
225 2227 403 2279 similitudinem
413 2226 461 2277 bel.
474 2244 488 2275 n

81 2302 114 2353 td
129 2304 241 2367 quartum
261 2299 401 2361 dicendum,
415 2297 475 2361 qudd
495 2298 628 2351 benedictio
645 2300 687 2350 Ilei
705 2300 744 2351 dat
757 2299 866 2350 virtrrtem

55 2371 222 2437 multiplicandi
238 2383 281 2435 per
296 2369 478 2433 generationem.
498 2372 526 2421 Et
539 2371 591 2421 ideo
606 2372 666 2435 quod
681 2371 781 2435 positum
794 2374 829 2421 est
840 2370 866 2421 in

54 2441 129 2495 aribus
139 2447 164 2494 et
176 2443 282 2509 piscibus
293 2455 347 2506 quae
361 2441 436 2505 primd
446 2445 584 2505 occurrunt,
595 2456 642 2493 non
655 2443 700 2492 luit
709 2443 865 2494 necessarium

52 2515 122 2577 repeti
138 2516 166 2566 in
186 2515 288 2567 terrems
309 2512 462 2574 animalibus,
476 2514 518 2565 sed
533 2514 675 2576 mtebigitnr.
689 2516 716 2563 ln
735 2514 868 2564 bominibus·

52 2590 126 2637 eutem
142 2588 242 2637 iteratur
262 2584 413 2646 benedictio,
426 2585 479 2649 quin
495 2585 520 2635 in
539 2584 573 2635 eis
587 2590 623 2636 est
636 2586 741 2649 quedam
761 2586 866 2649 specialis

52 2658 247 2723 multiplicationis
263 2656 334 2719 ratio,
348 2660 443 2719 propter
462 2658 621 2720 complendum
640 2670 758 2706 numerum
777 2658 863 2707 electo-

52 2742 112 2793 rum,
124 2734 149 2781 ct
165 2748 181 2779 ιι
195 2729 362 2793 nequisquam
377 2726 462 2779 diceret
471 2728 495 2779 iu
511 2728 587 2779 officio
598 2728 705 2792 gignendi
720 2728 779 2778 illios
792 2727 863 2777 ullum

52 2811 98 2849 esse
107 2804 243 2865 peccalum.
253 2815 267 2847 n
278 2800 369 2848 Plantae
378 2797 432 2849 verb
443 2800 530 2849 nullum
539 2799 625 2849 babent
635 2799 787 2863 propaganda
794 2796 865 2860 prolis

52 2872 169 2930 electum,
182 2886 210 2922 ac
226 2872 279 2921 sirre
287 2871 337 2921 ullo
349 2882 418 2921 sensu
430 2875 550 2935 generent.
563 2871 628 2921 Unde
642 2869 744 2931 indigna
757 2866 865 2930 judicata

54 2946 105 2993 sunt
120 2940 298 2995 benedictionis
309 2940 395 2993 uerbis.
