1984 3309
119 186 150 233 8⁰
271 198 274 205 ¹
306 170 366 231 rins
381 192 405 242 1,
422 189 514 237 uumsr.
528 190 610 242 cxxiv,
628 189 683 229 unu.
699 190 727 227 rr.

120 270 180 321 esset
192 270 340 335 superfluum.
356 268 407 319 Non
420 268 538 331 igiturest
550 266 610 318 nlius
627 266 677 318 dies
690 267 811 331 sequentis
826 274 959 337 operisd

120 338 158 391 dio
171 340 247 404 operis
259 340 415 405 precedentis.

153 412 198 463 Sed
207 416 284 464 contri
293 415 342 475 est,
356 412 416 477 quud
427 413 523 472 Genus„
537 412 563 476 l,
577 411 660 463 dicitnr
672 428 679 459 ε
690 429 704 460 u
716 411 812 462 Factum
826 421 875 467 est
891 434 961 471 ves-

121 498 176 549 pere
189 489 212 535 et
227 497 293 535 mune
305 485 354 534 dies
367 485 499 546 secundus,
513 488 536 534 et
548 483 597 536 dies
609 484 704 541 tertius,
718 500 733 531 u
742 488 766 535 et
778 484 812 535 sie
825 488 861 539 de
876 494 957 544 aliis

122 556 263 607 Secundum
276 560 351 607 autem
370 560 394 607 et
410 558 517 606 teritum
532 551 636 606 dici‘non
651 560 727 621 potest
744 556 784 607 ubi
798 563 840 609 est
861 576 958 615 unum

121 630 220 677 mnium.
235 628 294 691 Ergo
307 641 352 678 non
366 627 410 677 luit
422 640 481 677 uuus
494 627 543 677 dies
559 630 657 684 tuntum.

156 698 315 761 (Coruinum.
330 700 423 749 —Nou
438 712 501 763 uno,
513 699 553 749 sed
571 703 659 764 septem
677 698 758 751 dicium
770 700 873 752 condita
900 706 959 757 fuit

124 768 198 821 omnis
209 773 336 831 creatum.)

155 841 290 905 despondeo
304 842 423 893 dicendum
430 882 439 909 ‚
452 842 511 909 qudd
524 842 549 892 in
560 842 604 892 nae
612 842 735 905 questione
745 842 907 905 Augustinus
920 852 957 902 ab

124 910 175 963 aliis
185 909 351 977 expositoribus
362 914 474 965 dissentit.
489 913 629 977 Augustinus
640 913 701 963 enim
714 913 827 975 vult‚1V.
842 916 958 983 Super

125 982 186 1035 Gen.
197 984 232 1034 ud
241 984 289 1042 lit„
301 986 372 1036 etlll.
385 986 502 1036 Decipit.
511 986 565 1047 Dei,
576 989 599 1035 et
609 986 635 1035 ud
645 984 763 1048 monium,
773 984 837 1047 quod
848 999 956 1044 omnes

123 1054 164 1119 qui
176 1055 281 1106 dicuntur
292 1060 379 1121 septem
390 1058 453 1120 dies,
465 1057 512 1108 sint
520 1070 580 1107 unus
591 1056 653 1120 dies,
664 1054 847 1120 septempliciter
859 1062 954 1115 renus

122 1132 305 1191 representatus.
326 1128 370 1179 Alii
392 1128 448 1181 uero
472 1128 613 1191 expositores
628 1128 730 1178 sentiunt
749 1127 811 1191 quod
833 1127 956 1185 inerunt

124 1202 214 1263 septem
228 1199 277 1249 dies
289 1199 390 1265 diuersi,
403 1204 426 1250 et
437 1211 483 1249 non
494 1213 555 1249 unus
565 1202 661 1251 tentum.
672 1200 711 1251 lim
723 1202 800 1249 autem
813 1198 872 1250 duae
890 1206 955 1269 opi-

124 1270 221 1333 niones,
233 1270 254 1321 si
264 1268 390 1321 referantur
403 1270 430 1321 ad
441 1269 607 1334 expositionem
618 1269 699 1321 littere
710 1268 805 1320 Genesis
817 1283 952 1334 maguam

125 1341 281 1393 dissimum
299 1342 393 1393 hubent.
405 1342 470 1393 ‘Num
487 1342 615 1395 secundum
628 1341 780 1404 Augustinum
793 1352 838 1403 pur
854 1342 949 1397 diem

124 1411 259 1479 intelligitur
270 1412 372 1477 cognitio
384 1412 469 1465 mentis
482 1412 607 1476 regemn,
619 1415 647 1461 ut
657 1411 691 1461 sic
710 1412 812 1476 prim
823 1412 892 1464 dies
912 1419 952 1469 sit

126 1484 226 1547 cognitio
236 1483 305 1548 primi
317 1483 388 1535 diuini
398 1483 486 1548 oper's3
500 1482 624 1533 emunder
637 1482 706 1538 dieo,
716 1482 818 1545 cognitio
832 1492 949 1542 secundi

127 1554 217 1619 operis,
230 1556 297 1607 etsie
314 1556 342 1607 de
353 1554 412 1607 eliis.
422 1556 451 1607 lit
465 1555 499 1605 siu
513 1554 600 1605 dicim
612 1554 788 1618 unumquodque
803 1567 870 1618 opus
881 1571 952 1613 esse

127 1624 213 1679 lactum
226 1625 250 1675 in
266 1626 340 1689 aliqua
353 1628 390 1677 dle
405 1642 412 1675 z
429 1626 482 1689 quir
494 1624 553 1675 nihii
566 1626 627 1676 itous
639 1625 745 1689 produxit
754 1624 784 1675 in
796 1638 880 1677 rerum
896 1644 951 1683 na-

127 1698 178 1747 tura
188 1697 249 1760 quod
263 1709 308 1747 non
318 1695 459 1761 impresserit
469 1695 541 1746 menti
552 1696 676 1759 angelium
690 1710 741 1759 pue
749 1695 844 1759 millum
859 1703 949 1753 multa

128 1768 197 1819 simul
210 1770 287 1832 potest
301 1781 448 1831 cognoscere,
462 1766 578 1832 precipui
585 1769 609 1818 in
619 1769 702 1830 turbo,
712 1768 737 1817 in
747 1781 795 1831 quo
802 1770 888 1821 omnis
895 1787 950 1825 an-

129 1840 231 1903 gelomm
245 1839 346 1903 cognitio
359 1839 485 1902 perlinitur,
500 1844 524 1890 et
539 1840 683 1892 terminator.
695 1840 725 1890 lit
735 1839 770 1891 sic
780 1837 948 1905 distinguitur

129 1910 178 1960 dies
191 1910 315 1960 secundum
328 1910 451 1959 naturalem
461 1910 564 1961 ordinem
579 1925 654 1961 rerum
667 1912 821 1976 cognitarum,
836 1926 889 1965 non
903 1930 948 1969 se-

129 1982 228 2037 cundum
241 1980 407 2033 succussionem
417 1982 567 2046 cognitionis,
576 1987 617 2033 ant
625 1984 747 2034 secundum
759 1986 944 2040 successionem

128 2052 285 2117 productionis
298 2066 382 2105 rerum.
399 2053 503 2117 cognitio
518 2059 593 2105 anem
611 2054 712 2117 angelica
727 2054 819 2118 proprio
836 2060 863 2105 st
879 2061 946 2111 vere

131 2123 180 2177 dies
193 2124 304 2175 nominari
318 2127 407 2189 potest,
424 2124 587 2189 nimiusque
601 2129 637 2175 est
646 2138 714 2176 ceusu
728 2125 788 2188 diei,
802 2128 903 2191 proprie
916 2131 944 2181 in

131 2195 285 2260 spiritualibus
297 2196 421 2247 secundum
431 2197 581 2260 Augmtinum
589 2197 728 2247 inueniatur.
737 2198 869 2249 Secundum
878 2204 945 2255 vero

131 2266 201 2328 alios,
216 2280 258 2330 per
269 2266 326 2319 istos
337 2267 401 2330 dieu,
415 2270 439 2318 et
449 2268 566 2319 ¹successio
580 2268 666 2319 dierum
681 2267 841 2333 temporalium
854 2276 942 2324 osten-

131 2338 204 2402 ditur,
220 2343 243 2389 et
254 2338 368 2392 successio
379 2340 536 2404 productionis
548 2343 632 2391 reruni.
648 2339 728 2391 Sedsi
746 2339 864 2392 iste-due
884 2347 946 2408 opi-

131 2410 213 2459 niones
220 2409 346 2460 reiciantur
356 2410 383 2459 ad
394 2411 485 2461 modum
497 2411 651 2475 productionis
663 2424 738 2461 rernm
747 2447 753 2472 ,
762 2423 810 2459 non
817 2411 946 2467 inuenitur

132 2494 215 2545 magun
228 2481 365 2533 differentia.
383 2482 411 2532 Et
422 2484 466 2533 hou
478 2488 571 2548 proptor
583 2483 644 2545 duo,
654 2482 680 2531 in
692 2482 775 2546 quium
791 2487 944 2545 exponendis

132 2552 298 2606 diversificatur
317 2552 455 2617 Augustinus
472 2555 502 2605 uh
514 2554 581 2618 eliis,
596 2558 623 2605 ut
640 2566 670 2604 ex
687 2566 757 2617 supra
774 2552 844 2604 dietis
861 2558 942 2619 putet.

132 2622 209 2675 Primd
226 2624 317 2687 quidem
325 2660 334 2686 ,
348 2624 401 2687 quio
419 2624 561 2689 Augustinus
574 2638 617 2689 per
631 2629 716 2675 mirum
733 2628 757 2674 et
768 2637 855 2687 equum
873 2628 945 2689 prius

133 2698 247 2759 creatum,
260 2694 368 2759 intelligit
380 2696 499 2747 maurium
512 2696 613 2747 totuliter
624 2696 754 2747 intormem.
767 2696 943 2749 Perfeetionem

133 2769 208 2816 autem
219 2766 394 2827 lirmementlet
403 2766 601 2831 congregationem
609 2780 726 2832 equarum,
735 2769 759 2816 et
766 2767 943 2829 apparitionem

133 2836 202 2889 eride
210 2876 219 2903 ‚
232 2838 338 2903 intelligit
350 2838 522 2903 impressionem
540 2837 662 2908 turmarum
681 2837 706 2886 in
721 2835 839 2890 materiem
853 2851 941 2902 corpo

133 2908 211 2962 uelem.
230 2910 273 2961 Alii
284 2910 342 2964 uero
360 2909 434 2960 suncti
445 2922 487 2973 per
503 2912 589 2959 terrum
604 2912 628 2958 et
642 2920 723 2971 aquam
741 2906 815 2973 primo
831 2912 943 2975 creatas,
