1984 3309
150 150 197 198 aaa
334 158 397 195 raus
412 158 435 206 r,
449 156 543 201 possa.
558 155 645 203 mua,
661 154 716 191 nnn.
736 152 770 191 nv.

151 237 215 290 Unde
225 238 314 299 oportet
323 233 413 297 (licere,
426 233 486 296 quot
500 232 525 281 in
538 231 585 295 ipsa
601 230 720 292 etantiqua
736 229 810 279 virtus
823 228 930 281 derivata
947 228 958 278 'a

149 308 261 376 asperiori
271 306 397 368 intellectu,
407 318 449 369 per
459 318 527 368 quam
541 302 610 367 possit
621 304 781 367 phantasmata
794 301 920 353 illustrare.
931 302 958 352 lit

150 386 195 435 hoc
205 380 360 446 experimento
373 374 531 441 cognoscimus
540 413 546 436 ,
556 374 610 423 duur
619 372 759 437 percipimus
769 386 814 424 nos
824 375 957 425 abstrahere

150 456 235 506 lormas
252 450 392 501 uniuersales
411 445 605 499 acouaitiouibus
625 444 818 509 particularibuse
836 448 901 509 quod
925 453 959 498 est

150 528 226 578 lacere
239 528 293 575 acto
302 520 462 585 intelligibilia,
472 518 539 569 Nulla
550 520 627 567 auteur
640 516 699 567 actio
712 518 822 567 conuenit
834 519 908 569 alicui
916 520 957 583 rei,

150 598 197 649 uisi
210 611 251 662 per
268 595 359 659 aliquod
376 590 514 657 principium
528 588 652 639 formaliter
663 588 685 638 ei
702 587 835 652 iuhaerens,
853 595 958 656 utsupra

150 670 234 721 dictum
248 671 296 730 est,
311 669 364 730 (qu.
379 668 420 724 te,
430 667 473 713 art.
486 662 514 726 l)
534 674 584 710 cum
605 661 633 711 de
648 664 700 710 actu
719 660 826 724 possibili
840 669 957 725 ageretur.

150 742 210 806 Ergo
221 744 311 805 oportet
321 739 444 796 uirtutem,
455 749 506 798 que
516 738 551 785 est
559 731 697 798 principium
707 734 775 795 huius
785 733 903 799 actionis,
912 750 959 786 esse

151 812 273 877 ahquidiu
289 810 374 861 anima.
392 810 422 858 Et
437 808 488 858 ideo
508 805 639 858 Aristotcles
655 803 794 868 comparavit
813 805 959 857 intellectum

151 890 258 949 agentem
277 882 374 945 lumini,
389 882 450 943 quod
467 883 503 930 est
524 878 608 941 aliquid
629 880 745 939 receptum
762 874 787 924 in
808 888 875 928 aere.
897 880 959 930 Plato

151 962 229 1007 autem
237 955 378 1008 intellectum
389 955 526 1016 separatum,
539 948 707 1013 imprimentem
716 946 742 997 iu
753 946 845 998 animas
857 956 959 1013 nostras,

151 1026 293 1092 comparauit
306 1024 366 1084 soli,
380 1027 405 1073 ut
424 1020 564 1074 themistius
581 1019 636 1069 dicit
652 1019 675 1069 in
692 1019 859 1069 commentario
878 1022 912 1072 lll
929 1026 961 1072 nc

151 1101 244 1149 maimo.
258 1096 304 1145 Sctl
316 1095 445 1146 intellectus
463 1096 597 1157 separatus,
609 1091 733 1141 secundum
751 1094 834 1140 nostum
850 1091 909 1143 iudei
924 1096 961 1145 do·

150 1174 271 1232 eumenia,
284 1170 320 1219 est
328 1168 379 1231 ipse
389 1167 460 1228 Deus,
470 1165 509 1227 quui
524 1166 559 1213 est
572 1166 660 1213 creator
669 1160 766 1222 animm,
780 1166 804 1211 et
817 1162 845 1213 in
854 1174 904 1227 quo
915 1168 961 1217 solu

150 1240 305 1300 beatificatur,
321 1242 348 1288 ut
358 1236 419 1287 iulra
431 1236 520 1301 patebit
530 1236 582 1300 (qu.
598 1238 656 1293 lto,
670 1238 712 1283 art
727 1232 765 1296 a).
779 1234 848 1285 Unde
866 1238 898 1287 ah
914 1240 961 1302 ipso

151 1312 227 1363 anima
239 1313 340 1362 humana
351 1310 430 1360 lumen
450 1306 603 1371 intehectuale
623 1304 742 1370 participat
755 1304 889 1359 secunnhm
908 1310 960 1359 iuno

152 1384 221 1435 Paul.
232 1384 262 1435 lV
275 1400 280 1432 :
292 1400 306 1431 n
320 1382 439 1446 Signatum
461 1383 582 1442 estsuper
602 1390 644 1428 nos
666 1378 742 1427 lumen
761 1376 840 1427 uultus
867 1381 962 1431 tuitio
986 1384 987 1457 l

150 1470 890 1591 murifa'p’rmumemouoeuuumqutunramxresalutamus
904 1524 961 1573 sicut

78 1595 80 1598 ’
152 1612 221 1650 causa
234 1596 382 1658 universalis,
398 1594 412 1643 a
426 1607 473 1657 qua
487 1593 563 1643 anima
578 1594 676 1643 humana
694 1588 814 1657 participat
835 1597 962 1657 (mmmm
986 1592 987 1631 t

152 1670 311 1735 particularem
326 1665 448 1724 uirtutem,
462 1668 488 1714 ut
501 1665 588 1715 dictum
601 1667 644 1713 est.

184 1741 219 1790 Λᾶ
229 1739 352 1791 meandum
367 1736 507 1800 dicendum,
525 1738 584 1799 quod
598 1735 753 1799 Philosophus
766 1734 805 1785 ilia
824 1738 899 1789 verba
918 1754 963 1789 non

153 1813 207 1864 dicit
221 1811 248 1862 de
262 1809 381 1860 intellectu
395 1812 495 1870 agente,
508 1808 549 1857 sed
566 1808 594 1857 rie
610 1806 738 1857 intellecto
758 1808 784 1855 io
801 1810 887 1871 actu,-
902 1814 963 1862 uude
986 1820 987 1859 t

151 1896 222 1950 supra
233 1884 260 1933 de
272 1882 323 1945 ipso
333 1879 491 1945 premiserat:
507 1896 520 1925 ιι
531 1880 594 1929 idem
606 1882 684 1929 autem
696 1884 731 1929 est
743 1880 874 1935 secuudum
887 1888 963 1933 actum
986 1868 987 1951 l

154 1954 251 2008 scientia
270 1952 314 2002 rei.
330 1967 345 1999 u
360 1952 402 2001 Vel
418 1952 439 2001 si
453 1950 592 2015 intelligatur
614 1951 641 2001 de
660 1950 776 2001 intellecta
798 1958 899 2018 agente,
921 1957 963 2005 hor

153 2026 237 2079 dicitur
250 2022 367 2089 quianon
385 2028 421 2074 est
440 2036 471 2073 en
491 2026 555 2089 perte
575 2021 703 2072 intellectus
726 2020 816 2085 agentis
834 2023 882 2073 hoc
901 2026 964 2089 quta
986 2022 987 2087 i

154 2117 170 2148 n
181 2098 316 2162 quaudoque
329 2094 496 2159 intelligimus,
511 2098 533 2145 et
550 2095 685 2158 quandoque
699 2106 747 2145 nou
762 2092 934 2163 intelligimus;
950 2116 963 2144 n
986 2090 987 2151 i

153 2170 194 2222 sed
207 2182 237 2219 ex
246 2171 310 2233 parte
324 2164 455 2217 intellectus
467 2164 507 2228 qui
523 2170 558 2216 est
572 2166 596 2215 iu
610 2165 720 2229 potentia.
784 2204 786 2211 .
986 2162 987 2229 ζ

185 2240 220 2291 hd
231 2238 324 2291 testim
337 2236 466 2299 dicendum,
478 2236 538 2300 quini
552 2238 572 2287 si
582 2229 711 2287 intellectus
726 2249 797 2299 agens
812 2246 965 2303 comparetur
986 2236 987 2271 ³

153 2313 183 2363 ad
199 2312 339 2361 intellectum
356 2308 503 2371 possibilem,
519 2313 544 2359 ut
559 2308 675 2373 ohJectum
689 2320 759 2371 agens
771 2308 799 2360 ad
812 2312 963 2376 potentiam,

152 2378 311 2435 sicutuisihile
325 2379 351 2427 iu
363 2383 415 2429 actu
426 2380 455 2429 ad
470 2378 557 2445 visum,
573 2385 704 2450 sperneretur
717 2379 776 2443 quot
789 2380 867 2434 statim
884 2386 964 2435 omnia

152 2452 348 2515 intelligeremus,
359 2450 412 2501 chun
421 2452 550 2501 intellectus
559 2466 629 2516 agens
640 2452 670 2500 sit
683 2466 727 2515 quo
738 2455 774 2501 est
784 2452 861 2501 omnia
873 2455 962 2507 lacere.
986 2452 987 2493 ἶ

153 2526 221 2578 Nunc
238 2528 314 2573 autem
327 2536 374 2571 nou
387 2537 412 2573 se
421 2525 491 2575 hahet
501 2530 526 2572 ut
535 2525 664 2589 objectum,
677 2525 717 2575 sel
727 2528 752 2573 ut
767 2523 855 2573 iaciens
868 2527 963 2591 objecta

153 2594 179 2647 in
198 2600 265 2657 actu,
287 2593 315 2642 ad
337 2595 398 2655 quod
416 2594 537 2659 requiritur
559 2598 641 2659 praeter
664 2594 806 2660 praesentiam
829 2595 964 2649 intellectus

154 2668 245 2732 agentis
255 2666 374 2731 prasentia
384 2668 575 2731 phantasmatum,
586 2668 675 2717 ethona
684 2667 802 2731 dispositio
811 2667 897 2719 uirium
910 2686 964 2722 seu-

154 2741 287 2801 nannum,
300 2739 323 2786 ei
335 2738 469 2788 exercitium
483 2740 508 2787 in
521 2736 651 2797 huiusmodi
664 2753 732 2803 opere
744 2755 749 2788 ε
760 2740 813 2803 quia
828 2753 871 2805 per
887 2756 961 2793 aunum

154 2812 312 2869 intellectum,
331 2807 389 2859 liunt
408 2810 476 2860 etiam
495 2811 539 2861 alia
560 2804 688 2874 intellecta;
701 2802 760 2861 sicut
774 2825 814 2875 per
827 2813 963 2879 terminos,
986 2826 987 2829 ’

155 2881 336 2949 propositiones,
347 2883 371 2930 et
381 2895 422 2946 per
435 2883 508 2947 prirna
517 2883 644 2948 principia,
661 2883 826 2935 conclusiones.
837 2885 867 2935 Et
884 2901 963 2951 quan·
