1984 3309
137 198 168 241 mr
181 194 298 241 nonnum
311 200 340 239 rr
354 192 452 239 narnia
466 195 622 239 sumnonnrr
635 195 742 239 rcrnnx.
798 182 844 241 stt

43 280 166 331 voluntatis
183 280 265 346 aeelpit
283 279 382 345 speciem
397 277 480 342 lime,
494 279 553 329 sieut
571 277 583 327 i
596 276 688 346 proprio
704 278 802 343 objecto.
820 281 846 331 ld

44 358 119 403 autem
128 352 190 416 qnod
201 356 236 403 est
248 366 276 403 ex
287 356 351 418 parte
367 350 490 403 voluntatis
502 389 508 413 ,
519 350 621 402 sehabet
632 354 658 400 ut
671 349 764 403 formale
777 350 806 402 ad
823 352 847 401 id

44 427 103 489 quod
120 428 157 475 est
169 436 198 473 ex
208 428 271 489 parte
285 422 401 475 exterioris
418 425 492 487 aetus3
507 423 560 486 quia
569 424 673 473 voluutas
687 423 759 472 utitur
770 436 848 474 mem-

43 498 88 547 hris
105 496 275 561 adigendum,
291 494 349 545 sieut
364 494 537 558 instrumentis;
553 508 626 559 neque
641 496 705 545 aolus
726 494 850 546 exteriores

44 568 128 619 habent
142 567 254 619 rationem
273 568 420 630 moralitatis,
433 566 478 616 nisi
491 566 514 615 in
529 570 640 630 qnantum
654 570 707 618 sunt
721 568 846 618 vountarii.

44 642 71 688 Et
83 638 135 689 ideo
148 642 213 689 aetus
226 639 318 689 humani
327 638 415 703 speeies
424 635 549 688 formaliter
555 638 710 689 consideratur
719 637 847 691 seeundum

45 711 121 774 linem,
131 710 279 760 materialiter
289 712 366 761 auteur
377 708 503 779 secundpm
513 710 628 773 objectum
638 709 756 760 exterioris
771 713 847 762 actus.

44 782 106 833 Unde
117 780 270 845 Philosophus
285 780 339 831 dioit
353 780 377 831 in
390 782 418 831 V.
429 780 514 831 stote.
528 780 590 845 quod
605 780 666 831 «ille
675 780 715 845 qui
727 780 813 831 iuratur
822 783 850 832 ut

44 853 171 904 committat
183 852 326 915 adulterium,
335 856 368 905 est
380 867 420 919 per
430 866 454 903 se
468 852 582 917 loquendo
594 852 668 915 magis
681 850 769 903 adulter
779 852 847 917 quam

44 928 89 976 iun.
105 944 119 974 n

75 1000 109 1049 dd
125 997 226 1063 primum
240 1011 294 1061 ergo
307 998 440 1061 dicendum,
453 995 514 1061 quod
532 996 585 1047 finis
598 996 667 1047 habet
681 994 792 1048 rationem
805 995 848 1047 ob·

42 1071 110 1135 justi,
129 1072 155 1119 ut
170 1069 307 1121 dictumest
322 1072 368 1134 (qu.
384 1074 407 1131 l,
422 1072 464 1118 art.
480 1073 495 1117 2
509 1072 532 1119 et
539 1066 608 1133 paulo
618 1067 687 1132 supra
699 1067 723 1119 iu
737 1071 829 1133 corp).

74 1142 108 1192 Ad
119 1141 245 1191 seeundum
257 1140 392 1202 dicendum,
404 1139 465 1205 qudd
476 1139 576 1190 ordinari
589 1140 616 1190 ad
631 1140 701 1191 talem
715 1140 792 1204 finem,
804 1138 847 1191 etsi

44 1214 131 1263 aecidat
151 1211 258 1263 exteriori
271 1212 329 1261 actui
340 1251 346 1273 ‚
358 1226 404 1263 nou
418 1215 494 1261 tamen
514 1210 597 1261 accidit
610 1210 670 1261 actui
683 1211 784 1262 interiori
801 1226 847 1261 vo·

43 1284 153 1346 luntatis,
172 1282 213 1349 qui
236 1286 379 1349 eomparatur
399 1282 426 1334 ad
449 1282 598 1345 exteriorem,
618 1282 677 1333 siout
698 1283 792 1336 lormale
817 1283 847 1334 ad

44 1354 170 1407 materiale.

75 1430 109 1479 ad
120 1428 213 1477 tertium
223 1428 342 1479 dicendum
347 1465 356 1493 ,
369 1429 427 1493 qnod
442 1427 531 1492 qnando
545 1426 610 1476 multi
626 1430 688 1477 aetus
697 1426 774 1490 speeie
784 1426 848 1478 dilie-

45 1504 121 1553 reules
135 1499 268 1551 ordinantur
280 1502 307 1551 ad
321 1515 392 1551 uuum
409 1501 492 1564 linem,
505 1503 539 1550 est
555 1498 646 1563 quidem
660 1498 780 1551 diversitas
794 1512 848 1563 spe-

46 1573 88 1625 del
106 1586 134 1624 ex
151 1574 215 1637 parte
229 1572 367 1623 exteriorum
379 1576 479 1637 actuum,
494 1572 534 1625 sed
551 1570 628 1621 unitas
642 1569 727 1636 speciei
744 1573 848 1635 exparte

46 1650 109 1699 aetus
123 1644 248 1696 interioris.

337 1726 497 1781 ARTICULUS
512 1726 562 1780 Vll.
595 1765 599 1774 .

51 1840 138 1884 Utrum
146 1837 234 1893 spectet
244 1836 355 1881 domitatis
364 1848 415 1893 pua
424 1838 459 1880 eat
466 1848 495 1880 eu
497 1836 560 1891 flete,
565 1834 718 1880 molimatur
724 1835 767 1880 eod
776 1834 849 1893 specte

113 1915 167 1960 qaus
176 1903 210 1945 eei
219 1913 249 1946 em
258 1900 358 1957 objectu,
368 1900 431 1945 eierat
440 1899 484 1943 aula
493 1911 586 1955 periere,
595 1896 635 1943 oet
641 1900 654 1943 ἑ
662 1910 780 1943 comeo.

78 2010 112 2063 nl
126 2012 252 2075 septimum
264 2009 297 2060 sic
310 2008 450 2073 proceditur.
461 2007 557 2059 Videtur
570 2005 630 2070 qudd
645 2006 733 2071 speeies
743 2005 851 2057 nouimus

41 2098 98 2148 qne
117 2087 154 2135 est
170 2096 199 2133 ex
211 2081 271 2145 fine,
282 2081 425 2133 contineatur
438 2080 480 2131 sub
498 2078 575 2143 specie
587 2077 696 2128 bonitatis
710 2091 762 2141 que
775 2081 850 2128 estex

39 2157 155 2220 objecto,
171 2154 231 2205 sieut
251 2153 340 2219 speeies
360 2152 402 2205 sub
423 2165 507 2216 genere
521 2167 528 2199 r
544 2152 613 2215 puta,
633 2147 683 2199 oium
703 2146 785 2211 aliquis
800 2149 851 2198 nult

38 2228 117 2278 furari
129 2230 156 2277 ut
172 2226 210 2276 det
224 2227 400 2291 eleemosynam.
413 2226 481 2275 dotus
496 2223 559 2274 euim
576 2222 645 2273 habet
657 2219 757 2285 speciem
768 2233 798 2269 ex
807 2220 850 2271 ob·

33 2302 120 2367 jecto,
133 2302 160 2349 nt
178 2298 263 2349 dietum
281 2302 324 2349 est.
340 2296 384 2349 Sed
399 2295 539 2361 impossibile
552 2297 587 2345 est
600 2293 660 2359 quod
674 2291 758 2357 aliquid
775 2292 850 2345 eonti-

36 2376 128 2425 neatur
135 2372 161 2422 in
170 2370 244 2435 aliqua
253 2370 337 2436 speeie,
348 2370 408 2434 quod
419 2369 459 2421 suh
470 2368 561 2433 propria
569 2366 645 2433 speeie
655 2378 702 2417 uun
712 2362 850 2431 contiuetnr3

34 2445 101 2511 quia
113 2444 176 2494 idem
184 2456 230 2495 uon
240 2445 316 2509 potest
325 2455 374 2493 esse
383 2441 407 2491 in
417 2440 514 2492 diuemis
523 2439 642 2504 speciebus
651 2451 697 2490 non
705 2436 851 2491 subalternis.

34 2520 107 2581 Ergo
119 2516 272 2581 speciesque
287 2517 321 2566 est
332 2528 361 2566 ex
372 2512 417 2565 due
429 2513 558 2565 continetur
568 2512 610 2563 sub
622 2510 699 2579 speeie
712 2524 763 2575 que
777 2514 852 2564 estex

33 2590 149 2653 objecto.

80 2667 105 2711 Ξ.
120 2662 250 2722 preterea,
268 2671 357 2719 semper
376 2654 455 2707 ultima
475 2653 602 2708 differentia
622 2654 740 2707 constituit
754 2652 853 2719 spectem

31 2732 247 2801 specialissimam.
264 2730 308 2781 Sed
327 2728 454 2781 differentia
468 2742 519 2792 quae
532 2732 567 2779 est
586 2741 616 2778 ex
626 2728 684 2792 fine,
698 2726 787 2778 uidetur
803 2739 854 2777 esse

33 2808 163 2877 posterior
175 2817 243 2868 quam
253 2802 380 2855 dlllerentia
390 2816 441 2867 quar
451 2804 488 2851 est
500 2814 530 2851 ex
544 2801 648 2868 object03
658 2800 711 2865 quia
722 2798 774 2850 linis
783 2798 854 2851 umet

33 2881 164 2934 nationem
174 2874 258 2927 ultimi.
273 2874 332 2939 Ergo
351 2873 440 2939 speeies
452 2887 503 2937 quae
515 2877 550 2925 est
560 2888 589 2926 ex
599 2872 657 2934 line,
670 2870 798 2922 continetur
811 2870 854 2923 ont

32 2950 128 3019 speeie
142 2964 194 3015 quar
206 2950 242 3001 est
253 2960 282 2999 er
294 2946 469 3011 superemmens
485 2947 575 3011 speeies
587 2942 758 3010 specialissima.¹

163 3062 219 3099 n..
712 3047 743 3095 18
