1984 3309
114 218 161 277 la‘t
292 236 353 274 rans
369 236 392 286 r,
409 234 501 281 pnnsr.
519 234 605 285 surr,
623 233 676 271 aar.
696 234 740 271 vir.

114 316 168 366 dnm
185 326 329 365 eemmnnem
348 312 460 368 rationem
481 310 579 382 objecti,
600 324 647 361 non
672 309 868 362 diversificabilnr
890 316 933 367 illa

113 387 217 453 petentia
234 386 359 437 secunlum
376 384 517 435 diversitates
535 382 706 447 particularium
727 382 930 440 differentiarum.

113 461 179 511 Sient
193 458 296 524 potentia
306 456 396 520 risina,
410 470 460 521 qna
474 455 570 520 respicit
583 470 648 506 suurn
664 454 780 519 objectum
793 460 931 511 seeundum

113 532 224 583 rationem
238 529 331 581 colorati
335 567 343 593 ‚
358 542 403 579 nen
420 527 586 578 diversiiieatur
599 528 723 577 seeundum
741 526 859 579 rationem
880 534 933 583 albi

113 611 137 657 et
147 606 214 671 nigri.
231 605 360 655 intellectus
379 606 456 653 antem
470 602 562 666 respicit
575 617 641 653 suurn
660 601 774 665 objectum
793 606 930 657 seeundum

113 694 256 731 eemmnnem
263 678 375 729 rationem
384 678 454 741 entis,
462 677 558 739 eoquod
565 675 695 729 mteneetm
704 675 819 739 possibilis
826 682 865 729 est
875 696 930 745 qno

112 755 152 802 eet
163 753 249 801 omnin
262 751 328 814 fieri.
347 750 413 799 Unde
429 749 554 799 seeundum
567 749 652 799 nnllam
668 747 822 799 differentiani
833 751 930 805 entium

114 819 930 887 dirersilieatnrpotentiaintellectnspossillllis.[liversilicaturtamen
986 842 987 929 p

112 896 215 960 petentia
225 895 357 946 intelleelus
368 893 469 956 agentis,
482 896 507 943 et
519 892 648 945 intellectus
661 891 797 956 passibilis3·
805 894 864 956 qnia
876 910 930 947 ras-
986 930 987 955 ι

113 972 182 1031 peetu
189 968 293 1031 ejusdem
301 965 398 1029 objecti,
409 965 470 1015 alind
482 964 621 1030 principiam
631 967 721 1027 eportet
729 976 781 1014 essa
792 967 929 1027 potentiam

113 1038 286 1101 nativamque
304 1036 359 1086 iacit
371 1035 485 1099 obiectum
498 1048 547 1085 esse
562 1034 587 1084 in
599 1037 663 1097 actu,
678 1038 702 1084 et
715 1033 776 1085 alind
790 1038 930 1098 polentiam

111 1109 243 1173 passivam,
256 1120 307 1172 qna
325 1110 428 1158 meretur
445 1108 475 1157 ab
486 1106 582 1171 objecta
594 1106 619 1156 in
631 1110 684 1157 netu
695 1105 808 1157 existente
825 1122 832 1155 ι
851 1112 878 1158 et
894 1111 931 1161 sie
986 1122 987 1213 p

113 1180 215 1245 petentia
228 1178 300 1229 aenea
317 1181 461 1241 eomparatur
474 1178 502 1227 art
518 1190 586 1227 snam
594 1176 720 1240 objectum,
733 1181 760 1227 ul
774 1190 817 1227 ens
828 1179 856 1229 in
870 1188 929 1233 actu
986 1214 987 1221 2

112 1248 927 1313 ademinpetenlia3petentiaautempassiracomparatnradsunm

112 1321 227 1384 obiectum
241 1333 255 1371 e
268 1319 393 1382 eonverslr‚
410 1322 490 1369 utens
509 1318 534 1369 in
550 1318 654 1382 petentia
667 1318 695 1369 all
711 1318 790 1369 enain
804 1324 868 1371 netu.
886 1324 929 1373 Sic
986 1332 987 1385 i

111 1392 181 1455 igitur
190 1392 305 1443 nullaalia
316 1390 443 1443 dillerenlia
451 1389 603 1455 martiarum
612 1388 638 1438 in
646 1389 765 1439 intellectu
773 1396 926 1458 essepnlest‚
986 1402 987 1477 l

112 1464 158 1515 nisi
172 1464 301 1529 passibilis
315 1467 339 1515 et
353 1464 460 1527 arpentis.
475 1462 539 1513 llnele
553 1461 685 1525 patelpnerl
699 1460 810 1511 memoria
823 1469 875 1513 nori
887 1472 929 1517 est
986 1492 987 1501 κ

113 1536 158 1586 alia
170 1534 272 1601 potentia
282 1536 311 1585 ab
323 1536 454 1598 intelleeln3
465 1535 495 1584 arl
505 1534 618 1585 rationem
626 1531 689 1583 enim
700 1532 808 1595 petentia
821 1534 928 1597 passivae
986 1534 987 1551 ¹

113 1609 213 1671 petinet
226 1619 379 1666 conservare,
391 1605 451 1655 sient
460 1608 485 1655 at
496 1605 606 1669 resipere.
986 1602 987 1607 ’

144 1679 178 1729 ild
190 1677 288 1743 primum
302 1688 355 1739 erge
370 1675 506 1734 dicendum,
516 1674 576 1737 quill
587 1672 726 1739 quamvisin
741 1674 810 1727 tertia
823 1676 928 1731 nisano-
986 1704 987 1719 ÷

114 1750 176 1800 tiene
191 1749 262 1814 primi
277 1747 442 1798 sententiamm
462 1746 567 1809 dinatus,
583 1746 644 1809 pared
662 1764 676 1793 <r
692 1746 818 1809 memoria,
833 1747 927 1799 intelli·
986 1774 987 1817 1

113 1820 189 1884 gentia
198 1824 221 1871 el
229 1820 335 1871 voluntas
345 1818 449 1870 sinltres
457 1817 546 1878 vires»
554 1821 631 1867 tamen
639 1818 682 1869 hon
692 1830 738 1867 nen
747 1820 783 1867 est
792 1820 925 1872 seeundum
986 1818 987 1869 l

113 1891 262 1941 intentionem
275 1888 396 1952 Augustini
411 1888 450 1952 qni
464 1887 573 1953 expressi
586 1888 642 1959 dicit
652 1888 692 1939 liis
707 1887 771 1949 XIV,
786 1902 838 1953 cap.
858 1893 925 1943 lDe
986 1936 987 1941 ,

114 1962 193 2020 Tria„
204 1963 264 2026 qued
274 1977 288 2009 (ι
299 1958 320 2011 si
329 1959 454 2024 aeeipiatur
466 1962 591 2024 memoria,
603 1958 766 2025 intelligentia,
775 1962 798 2010 et
811 1961 926 2033 voluntas
986 1976 987 1979 ’

114 2034 237 2083 seeundum
253 2034 313 2097 qued
327 2046 417 2096 semper
435 2035 518 2095 praesto
534 2036 588 2082 sunt
606 2031 701 2094 animae,
715 2030 763 2081 sive
779 2032 924 2099 cogitentur,
986 2044 987 2095 j

113 2104 162 2155 sive
175 2119 221 2156 non
235 2105 377 2169 eripientur,
391 2106 418 2155 ad
436 2104 507 2164 solam
521 2104 652 2157 memoriam
668 2102 783 2167 perlinere
799 2104 922 2158 videnlur.

113 2177 289 2241 intelligentiam
305 2180 383 2229 antem
394 2190 457 2227 nane
470 2176 535 2238 dieo,
547 2177 600 2239 quia
610 2174 759 2239 intelligimus
772 2176 922 2245 cogitante53
986 2186 987 2193 ’

114 2252 137 2299 el
150 2261 200 2298 eam
212 2249 368 2309 veluntatem,
381 2248 430 2298 sive
447 2260 555 2310 amorem,
566 2250 603 2298 vel
617 2248 775 2311 dilectionem,
788 2262 840 2313 qua
852 2250 923 2303 istam

114 2320 200 2383 prolem
213 2323 378 2383 parentemque
388 2318 515 2382 conjungit.
533 2334 546 2365 n
558 2320 593 2369 Ex
604 2332 649 2383 que
661 2322 739 2383 petel,
749 2320 809 2382 qnod
821 2318 867 2371 ista
878 2322 924 2375 tria
986 2316 987 2331 ³

113 2404 159 2441 nen
175 2390 256 2455 ancipit
270 2389 408 2452 augustinum
421 2403 462 2455 pre
478 2390 525 2440 illis
540 2390 614 2441 tribus
626 2389 751 2455 potentiis,
765 2391 805 2443 sed
822 2406 923 2443 premo-

114 2464 185 2513 riam
197 2462 281 2527 aeeipit
292 2476 333 2525 pre
343 2461 454 2515 habituali
466 2461 548 2513 anima
556 2462 703 2527 retentione,
719 2456 922 2527 intellipealr'am

114 2536 190 2583 autem
206 2546 247 2597 pro
263 2535 315 2582 actu
332 2532 473 2597 intellectus,
484 2532 640 2583 volunlatem
658 2538 734 2585 aulem
748 2545 790 2597 pro
808 2537 861 2586 aetn
877 2548 923 2585 vn-

113 2604 217 2654 luntatis.

147 2677 181 2727 nd
205 2676 330 2727 mundum
350 2676 483 2739 dicendum,
499 2675 560 2741 qnid
582 2678 746 2741 praeteritum
765 2680 788 2727 el
808 2692 922 2741 presens

115 2750 210 2812 possunt
220 2759 269 2796 esse
282 2746 380 2811 proprie
393 2746 525 2800 dillerentiae
536 2747 690 2810 potentiarum
704 2746 867 2800 sensitivarum
882 2763 921 2800 se-

116 2819 217 2870 cundnm
230 2818 384 2871 diversitatem
402 2820 556 2884 olrjenterum,
567 2832 613 2869 nen
628 2823 702 2871 aulam
717 2820 872 2885 potentiarum
883 2820 922 2871 in-

115 2889 279 2941 tellectivamrn
290 2892 379 2942 ratione
388 2905 456 2957 supra
469 2891 538 2941 dicta.

147 2964 181 3013 ild
193 2962 286 3013 tertiam
297 2961 432 3027 dicendum,
441 2963 502 3029 qnid
515 2960 666 3028 intelligentia
677 2964 920 3032 emmeramensem,
