1984 3309
165 206 175 221 ²
234 204 264 240 nr
279 203 504 244 rormrusbnmn
521 206 547 245 m
562 206 679 245 seueram.
807 196 854 245 lot
900 220 905 230 ·

35 278 135 343 recipiat
147 279 241 343 species
258 282 415 339 sensibilium,
428 282 479 332 edm
493 281 667 347 presentialiter
681 280 813 333 immutatur
824 284 854 335 ab

35 349 87 411 eis,
103 350 235 400 sedetiam
253 364 292 402 eas
305 353 404 403 retineat
416 357 440 404 et
457 351 583 405 conservet.
604 356 720 419 Recipere
740 355 854 406 autemet

36 424 153 470 retinere
165 423 308 489 reducuntur
316 425 342 473 iu
355 426 508 489 corporalibus
520 428 546 475 ad
560 426 648 475 diuersa
661 423 782 491 principia.
793 428 855 477 Nam

34 493 132 543 humida
148 495 210 544 bene
220 496 338 559 recipiunt
346 500 370 545 et
383 497 442 546 male
454 498 567 555 retinent;
580 498 719 563 eontrarium
734 502 808 550 autern
820 501 856 549 est

34 566 62 613 de
78 566 163 616 siccis.
183 566 250 616 Unde
262 581 315 616 cum
332 568 434 632 potentia
450 570 560 622 sensitiva
578 570 609 619 sit
627 566 690 619 actus
708 570 792 632 organi
806 583 854 619 cor-

34 638 140 698 poralis,
162 641 259 701 oportet
280 651 331 688 esse
351 640 420 688 aliam
437 640 560 703 potentiam
584 654 634 705 quae
653 641 748 704 recipiat
767 642 855 716 species

35 708 204 770 sensibilium,
217 713 244 759 et
257 724 309 772 qua
324 714 455 764 conservet.

66 779 158 830 Rursus
171 781 369 830 considerandum
379 785 427 841 est,
438 782 499 845 quod
511 780 531 833 si
542 782 626 836 animal
639 786 768 833 moueretur
780 783 854 834 solum

35 855 130 913 propter
149 852 293 902 delectabile
315 855 338 901 et
358 852 511 921 contristabile
532 852 659 903 secuudiim
682 868 790 919 sensum,
810 868 855 905 non

35 926 98 970 esset
106 923 272 973 necessarium
285 933 374 985 ponere
384 922 409 972 in
422 924 521 985 animali,
532 924 577 975 o‘isi
590 926 794 989 apprehensionem
806 924 854 975 lor-

35 1005 125 1041 marum
134 1008 197 1057 quas
212 994 315 1059 precipit
325 1008 422 1059 sensns,
432 996 457 1045 in
470 997 555 1060 quibus
567 998 705 1057 delectatur,
719 1000 757 1045 aut
767 998 854 1045 horret.

35 1062 82 1110 Sed
93 1066 256 1115 necessarium
270 1064 555 1131 estanimali‚utquae1·at
569 1066 644 1133 aliqua
657 1066 694 1115 vel
707 1066 793 1129 fugiat,
809 1080 855 1117 neu

34 1135 109 1183 solum
124 1137 180 1199 quia
195 1140 256 1186 suut
270 1136 446 1201 convenientia,
465 1140 502 1187 vel
516 1137 569 1189 non'
580 1138 739 1189 convenientia
757 1138 786 1187 ad
802 1152 855 1187 sen-

33 1206 150 1269 tiendum,
162 1210 208 1258 sed
222 1208 297 1258 etiam
309 1211 407 1271 propter
415 1209 502 1272 aliquas
516 1209 573 1259 alias
590 1208 763 1259 commoditates
777 1213 800 1259 et
811 1208 856 1259 uti·

35 1276 120 1341 litates,
137 1280 191 1329 sive
206 1282 362 1329 nocumenta.
381 1279 445 1329 Sicut
458 1280 509 1331 ouis
523 1280 605 1330 videns
620 1280 854 1341 lupumueuieutem,

35 1348 106 1409 fugit,
120 1364 168 1401 nou
182 1354 285 1415 propter
297 1348 453 1419 indecentiam
469 1352 563 1411 eoloris,
577 1351 614 1400 vel
628 1351 721 1413 figure,
737 1352 776 1399 sed
789 1350 855 1416 quasi

36 1418 151 1471 inimicum
165 1426 275 1472 uaturae.
294 1423 326 1469 Et
341 1421 447 1472 similiter
459 1422 508 1473 avis
522 1422 608 1485 colligit
623 1422 727 1485 paleam,
743 1435 788 1471 uon
801 1422 854 1483 quia

37 1490 131 1543 delectet
143 1507 265 1555 sensum,
282 1492 326 1541 sed
340 1491 395 1554 quia
411 1497 446 1542 est
460 1493 523 1543 utilis
539 1494 567 1543 ad
584 1492 757 1542 nidificandum.
772 1494 856 1543 Ncees-

39 1561 119 1611 sarium
130 1569 165 1614 est
177 1577 240 1627 ergo
253 1562 366 1625 animali,
376 1563 436 1625 quod
447 1564 556 1628 percipiat
564 1562 697 1627 hujusmodi
706 1558 854 1633 intentiones,

37 1644 93 1691 quies
101 1648 146 1684 nou
156 1635 266 1699 percipit
274 1648 362 1683 sensus
370 1634 475 1685 exterior.
488 1637 517 1684 Et
526 1636 594 1699 hujus
601 1634 756 1699 perceptionis
767 1638 856 1698 oportet

34 1715 85 1752 esse
96 1705 190 1769 aliquod
205 1704 274 1755 aliud
292 1704 452 1767 principium,
467 1720 518 1755 cum
532 1705 649 1769 perceptio
662 1706 783 1764 formarum
800 1718 855 1755 seu.

33 1776 131 1826 sibilium
145 1777 178 1828 siu
190 1791 224 1827 ex
237 1776 406 1825 immutatione
418 1778 537 1844 sensibili,
548 1791 595 1827 nou
606 1781 683 1826 autem
694 1776 808 1840 perceptio
819 1776 856 1826 in·

33 1849 159 1897 hirhouum
178 1842 362 1912 predictarum.
377 1847 416 1897 Sic
434 1860 501 1911 ergo,
517 1850 544 1898 ad
560 1848 713 1911 receptionem
733 1849 855 1899 turmarum

32 1920 176 1969 sensibilium
202 1919 332 1969 ordinatur
356 1923 441 1967 serene
461 1923 584 1983 proprius
606 1921 631 1967 et
654 1920 808 1983 commanis,
827 1920 855 1969 de

31 2005 126 2051 quorum
139 1990 299 2040 distinctione
313 1993 370 2053 post
383 1987 467 2039 dicetur
481 1989 518 2055 (ad
530 1995 543 2039 l
556 1994 579 2040 et
592 1990 626 2053 2).
640 1991 674 2039 hd
686 1990 767 2043 harum
777 1992 854 2037 autem

31 2061 156 2111 formarum
170 2061 354 2122 retentionem,
370 2062 409 2108 aut
422 2061 634 2121 conseruationem,
651 2060 766 2109 ordinatur
777 2058 856 2121 phon-

32 2137 95 2182 loeia
109 2134 164 2183 sive
180 2132 369 2196 imapinatio,
386 2145 435 2193 quae
449 2132 509 2181 idern
528 2137 596 2191 suut;
609 2135 645 2181 est
658 2128 717 2179 euim
737 2130 856 2193 phantasia

31 2206 75 2253 sive
89 2202 244 2267 imaginatio,
251 2202 324 2267 quasi
339 2204 461 2251 thesaurus
472 2202 564 2265 quidam
576 2202 699 2253 formarum
713 2214 753 2263 per
763 2213 855 2257 sensum

30 2281 184 2340 acceptarum.
205 2274 241 2323 nd
264 2272 488 2337 apprehendendum
502 2276 579 2323 autem
594 2273 735 2325 intentiones
749 2284 799 2334 que
817 2284 857 2334 per

30 2360 122 2397 sensum
139 2336 190 2395 non
211 2344 382 2409 accipiuntur,
393 2343 508 2393 ordinatur
521 2346 560 2393 vie
575 2345 739 2393 aestimativa.
755 2342 789 2393 nd
803 2355 859 2395 cona

31 2420 172 2469 seruandum
189 2422 273 2467 autem
292 2428 353 2474 eas,
369 2414 409 2461 vie
426 2417 608 2474 nzemocctiuo,
622 2428 672 2477 quae
686 2415 857 2481 estnthesaurus

31 2492 120 2550 quidam
135 2488 280 2551 hujusmodi
294 2485 464 2535 intentionum.
477 2486 547 2550 Cujus
561 2486 651 2548 mgnum
660 2490 702 2551 est
715 2485 775 2547 qiiod
789 2483 858 2547 prio7

32 2561 111 2623 eipium
130 2559 283 2610 memorandi
298 2557 333 2607 sit
348 2556 375 2605 in
390 2556 524 2605 animalibus
537 2556 658 2619 exaliqua
673 2554 805 2618 huiusmodi
820 2554 858 2601 in*

33 2634 134 2682 tentione
145 2648 153 2695 ;
165 2630 225 2695 puta
233 2630 300 2693 quod
313 2633 354 2681 est
363 2628 480 2688 nocivum,
491 2628 527 2679 vel
537 2626 686 2693 couveniens.
701 2628 730 2677 Et
740 2626 790 2689 ipsa
801 2624 859 2674 ratio

35 2704 140 2762 praeunti
155 2702 240 2767 (auam
252 2698 363 2751 attendit
374 2698 493 2761 memoria)
507 2700 568 2748 inter
576 2696 708 2761 hujusmodi
721 2696 859 2746 intentiones

35 2779 183 2839 opputatur.
193 2772 406 2825 Considerandum
414 2774 541 2833 estantem,
551 2768 611 2833 quod
622 2774 731 2833 qirautum
740 2768 768 2817 ad
776 2768 859 2843 lormas

35 2847 168 2909 moabites,
181 2860 232 2896 uon
247 2849 288 2896 est
301 2839 439 2893 differentia
448 2841 508 2891 inter
521 2841 637 2891 hominem
649 2848 674 2888 et
687 2838 730 2889 alia
740 2837 855 2897 animalia,

34 2918 135 2969 similiter
157 2918 223 2969 euim
241 2916 408 2967 immutantur
429 2911 442 2963 i
463 2912 608 2963 sensibilibus
629 2910 788 2961 exterioribus.
812 2902 857 2955 Sed

722 3006 749 3055 51
