1984 3309
206 157 239 194 uu
254 154 390 194 waletuna
405 154 584 194 carlmannum
600 156 618 194 a
632 157 687 194 nro.
805 146 852 194 tre

80 238 105 282 Ξ.
122 234 247 295 Praeterea‚
261 232 281 282 si
296 233 388 296 aliquod
403 246 474 296 agens
487 233 611 298 aetatem
623 233 651 284 ad
664 233 751 295 multa,
765 231 852 284 nudlum

49 319 126 356 eorum
140 305 261 368 producet,
270 305 316 355 uisi
324 304 485 356 determinetur
496 305 524 356 ad
534 319 607 354 unum
620 318 660 370 per
672 304 758 368 aliquid
769 304 831 356 aliud
844 320 849 356 :

48 380 75 426 ut
89 375 152 427 enim
165 375 190 424 iu
212 376 251 426 lIl.
265 376 303 426 De
320 379 407 426 anima
428 375 510 426 dicitur
525 375 596 440 (text.
616 376 672 439 58),
690 393 704 424 u
716 375 853 430 universalis

48 447 185 512 opinionon
199 450 277 497 movet
294 446 340 498 nisi
357 447 471 499 mediante
485 447 562 510 aliqua
579 447 707 514 particulari
721 449 853 512 appretien-

50 520 121 569 sione.
138 535 152 566 o
165 519 211 569 sed
221 518 294 570 virtm
304 519 383 570 divim
396 522 432 570 est
445 518 580 571 universatis
590 531 659 568 causa
670 517 780 568 omnium.
793 519 852 582 Erga

49 603 95 640 uon
105 594 183 654 potest
195 591 319 654 producere
338 588 611 655 aliquam'particularem
623 589 732 652 formam,
747 589 792 640 uisi
805 602 854 641 me·
947 645 950 654 ,

50 660 125 713 diaute
139 662 223 726 aliquo-
233 663 363 727 particulari
377 666 469 726 agente.

81 739 106 784 3.
119 738 250 798 Praeterea,
267 735 326 785 siem
339 747 389 786 esse
410 747 530 784 commuue
548 734 661 798 dependet
673 733 686 784 a
698 733 772 797 prima
784 746 853 784 eausa

50 806 174 857 universali
195 807 251 856 :ita
269 822 320 856 esee
338 806 514 857 determinatum
535 805 649 870 dependet
670 804 853 858 ldetermiuatis

50 879 123 928 causis
139 878 326 942 particularibus,
341 883 367 928 ut
380 878 449 943 suprir
461 878 565 928 habitum
576 881 611 928 est
621 877 629 943 (
639 892 678 940 qu.
696 881 736 940 ts,
753 883 796 928 art.
813 877 851 942 t).

50 949 97 1000 Sed
110 950 286 1000 determinatum
299 965 350 1000 esse
359 950 457 1014 alicujus
472 949 506 999 rei
518 953 552 999 est
565 962 605 1013 per
613 947 732 1014 propriam
744 950 795 1013 eius
807 949 853 999 ior-

50 1034 121 1071 mam.
137 1023 197 1084 Ergo
209 1022 308 1088 proprie
319 1036 395 1072 reram
409 1023 487 1072 lorum
496 1035 541 1074 non
551 1021 703 1084 producuntur
712 1020 726 1070 t
735 1021 796 1082 lteo,
806 1020 852 1072 nisi

49 1092 203 1143 mediantibus
217 1093 292 1143 causis
303 1091 482 1157 particularibus.

81 1163 124 1214 Sed
142 1167 221 1214 contra
239 1168 291 1226 est,
305 1164 366 1228 quod
385 1163 468 1214 dieitur
484 1165 554 1226 Gen,
576 1163 596 1214 ll
613 1163 853 1214 :«Formavit1teue

48 1235 168 1286 hominem
182 1237 210 1287 de
223 1236 278 1286 limo
291 1239 366 1288 terre.
381 1253 395 1282 o
645 1283 653 1297 l

82 1309 241 1370 (Couuuusro.
252 1336 283 1346 -
293 1308 350 1360 Cim
360 1311 424 1358 Dens
434 1307 476 1356 sub
487 1310 600 1372 potestate
615 1319 656 1356 sua
667 1319 735 1370 quam
748 1307 854 1370 produxit

48 1380 168 1429 materiam
178 1378 304 1441 contiueat,
314 1377 447 1429 immediati
456 1391 507 1428 earn
515 1378 542 1427 ad
550 1375 645 1428 tonnam
653 1390 744 1427 movere
753 1379 853 1442 potest.)

77 1451 219 1514 Respondeo
235 1451 372 1511 dicendum,
387 1449 446 1514 quod
462 1451 522 1499 Deus
533 1447 662 1498 immediate
676 1451 751 1511 potest
764 1461 855 1498 morere

48 1522 168 1572 maurium
183 1523 211 1572 ad
226 1522 336 1586 formam3
349 1522 403 1586 quia
417 1535 459 1572 eus
469 1521 495 1571 in
508 1521 609 1585 potentia
623 1519 714 1584 passiva
728 1520 805 1570 reduci
814 1533 855 1583 po·

49 1598 93 1643 test
113 1591 139 1643 iu
155 1598 231 1662 actum
246 1593 374 1658 inpotentia
387 1593 475 1656 activa,
489 1607 540 1656 que
554 1605 603 1644 eam
617 1591 660 1642 sub
674 1595 786 1655 potestate
801 1605 856 1642 con·

47 1666 115 1716 tinet.
130 1665 189 1717 Ciam
203 1665 273 1728 igitur
288 1666 385 1716 materia
404 1665 547 1719 contineatur
566 1665 607 1714 sub
627 1667 739 1728 potestate
760 1663 854 1727 divina,

47 1741 126 1801 utpote
140 1738 154 1787 a
167 1737 214 1788 Deo
237 1739 361 1802 producta,
375 1742 452 1802 potest
466 1736 547 1787 reduci
567 1736 592 1785 in
610 1739 684 1786 actum
698 1749 741 1800 per
754 1735 856 1798 divinam

47 1809 184 1870 potentiam.
207 1810 238 1859 Et
257 1811 301 1860 troc
325 1814 360 1860 est
376 1823 470 1861 movere
490 1809 608 1858 materiam
626 1809 654 1858 ad
674 1809 786 1870 formam,
803 1809 857 1872 quia

48 1880 119 1932 torma
133 1880 193 1931 uitari
207 1884 243 1932 est
256 1881 318 1932 aliud
331 1895 401 1944 quam
416 1884 480 1932 actus
495 1880 606 1931 materie.
699 1911 701 1917 r

79 1953 115 2001 rid
130 1953 232 2016 primum
244 1967 299 2016 ergo
316 1952 451 2015 dicendum,
462 1951 522 2016 quod
537 1953 631 2002 effeetus
645 1951 726 2014 niquis
741 1951 858 2001 invenitur

46 2024 170 2074 assimilari
179 2024 535 2089 causeageutidaplieirertlno
544 2023 610 2073 modo
620 2021 857 2072 secundumeamdem

46 2095 165 2159 speciem,
182 2099 208 2145 ut
224 2096 294 2146 homo
311 2100 432 2160 generatur
450 2095 479 2146 ab
500 2095 608 2155 homine,
626 2096 649 2143 et
667 2092 728 2156 ignis
750 2093 778 2142 ab
795 2092 855 2154 igne.

47 2168 96 2217 alio
119 2168 188 2218 modo
209 2167 336 2218 secundum
353 2167 475 2218 virtualem
492 2164 670 2224 continentiam,
689 2164 756 2226 prout
771 2161 859 2213 scilicet

48 2241 119 2289 torma
138 2239 238 2290 effectus
252 2239 378 2289 virtualiter
393 2239 522 2290 continetur
535 2238 560 2286 in
575 2247 642 2292 eausa
654 2250 659 2283 :
671 2239 694 2285 el
709 2233 742 2284 sio
753 2233 859 2284 animalia

49 2324 76 2359 er
92 2311 265 2376 putrefactione
287 2314 408 2374 generata,
427 2315 451 2360 et
469 2311 568 2375 plante,
586 2311 609 2358 et
626 2319 719 2370 corpora
740 2305 858 2359 minerelia

49 2384 205 2434 assimilantur
225 2382 269 2433 seli
288 2386 311 2432 et
329 2381 416 2445 stellis,
435 2394 532 2446 quorum
550 2381 634 2430 virtute
654 2381 800 2441 generantur.
821 2376 858 2426 Sic

48 2455 116 2517 igitur
131 2455 230 2506 effectus
244 2465 319 2503 causae
330 2453 407 2517 agenti
416 2453 528 2504 similatur
541 2451 666 2502 seeundum
674 2449 729 2501 illud
742 2452 816 2499 totum
829 2447 858 2498 ad

49 2527 107 2588 quod
116 2540 142 2579 se
152 2525 261 2577 extendit
277 2524 350 2574 virtus
362 2526 460 2588 agentis.
474 2523 550 2573 Virtus
565 2525 640 2572 aulem
655 2521 698 2572 Dei
714 2535 739 2572 se
754 2519 858 2570 extendit

50 2598 76 2646 ad
89 2599 188 2649 formam
202 2600 226 2647 et
242 2597 371 2659 materiam,
386 2601 412 2645 ut
428 2609 496 2660 supra
506 2594 610 2646 habitam
624 2595 658 2644 est
671 2594 721 2658 (qn.
733 2595 772 2652 tr,
787 2593 856 2640 artl

50 2673 73 2717 et
89 2670 120 2733 t)
138 2669 220 2718 :unde
233 2660 385 2730 compositum
398 2667 457 2730 quod
474 2669 608 2730 generatur,
628 2664 741 2716 similatur
760 2663 805 2712 lteo
822 2673 858 2710 se-

51 2741 148 2791 cuudum
168 2740 293 2805 virtualem
311 2736 500 2802 ‘continentiam
516 2739 577 2800 sicot
600 2737 709 2800 similatur
731 2730 857 2795 composito

52 2813 184 2877 generanti,
199 2825 243 2876 per
254 2809 427 2862 similitudinem
442 2810 540 2875 speciei.
557 2807 621 2860 Unde
635 2809 693 2858 scut
706 2802 857 2867 compositum

53 2895 160 2943 genereus
185 2883 267 2948 potest
288 2885 382 2932 movere
406 2881 523 2933 materiam
544 2881 574 2932 ad
591 2879 707 2945 turmam,
728 2870 857 2938 generando
