1984 3309
131 145 164 183 DE
172 142 287 184 moutam
295 144 324 183 itt
335 143 433 183 uuiti
443 145 528 184 Hm-
538 144 636 183 etrum
648 144 742 185 mart.
799 138 846 183 9θῦ

73 223 211 289 Respondeo
231 221 363 285 dicendum,
378 222 472 287 quodsi
489 223 608 287 loquamur
623 223 651 273 do
664 222 766 273 bonitate
781 227 846 274 exto-

41 296 111 347 rioris
129 298 194 344 actus
206 304 273 357 quam
286 293 354 343 hahet
367 306 395 345 ex
408 294 595 356 honitate‘tiuis,
609 297 663 345 tnnc
676 295 739 345 actus
750 294 848 345 exterior

41 367 103 417 nilril
115 364 179 416 addit
192 364 220 415 ad
232 364 364 426 bonitatem,
379 366 425 416 nisi
441 366 557 431 contingat
571 366 646 430 ipsam
658 367 797 417 voluntatem
813 381 850 418 εε-

42 439 147 489 cundum
160 450 185 487 se
197 436 246 487 lieri
256 436 373 488 meliorem
384 436 409 487 in
421 438 487 489 bonis
500 440 538 489 uel
548 441 650 502 petorem
660 438 685 488 in
695 437 761 487 malis
766 475 774 501 ‚
789 438 850 501 quod

41 510 140 574 quidem
149 508 240 559 videtur
255 520 322 573 posse
334 509 466 573 contingere
479 509 609 574 tripliciter.
622 512 672 561 lino
685 511 752 561 modo
766 523 850 559 secum
906 532 916 549 ι

40 583 111 633 dum
128 594 279 643 numeram·
294 579 349 644 putl
364 592 416 629 cum
431 580 513 643 aliquis
532 581 582 631 uult
597 580 682 646 aliquid
698 582 774 632 iacere
790 580 850 631 loono

41 656 89 705 due
105 652 145 705 uel
161 652 236 713 malo,
249 655 274 703 ot
286 655 341 701 tunc
360 651 451 714 quidem
469 663 517 703 nou
535 652 603 713 iacit,
616 655 760 717 postmodum
773 657 850 704 autom

40 726 93 777 vult
103 726 127 775 ει
144 723 209 784 iacit,
225 722 351 787 duplicatur
368 725 430 771 actus
444 722 581 786 uoluntatis,
597 728 620 775 et
631 724 665 773 sic
678 724 703 774 rit
714 726 797 789 duplex
809 725 849 775 loo-

39 809 115 858 num,
130 794 169 844 uel
179 794 262 859 duplex
275 794 367 845 malum.
386 792 436 845 llio
453 793 520 843 modo
536 797 661 858 puuctum
673 795 709 843 od
727 798 849 845 octennio

41 882 114 933 nem,·
128 864 185 931 pull
198 878 249 917 curo
264 864 346 931 uliquis
357 864 406 916 vult
419 864 493 915 iacere
507 864 592 929 aliquid
603 866 663 916 bono
677 864 721 916 lino
729 866 767 918 uei
779 869 848 931 malo,

40 946 64 993 et
78 942 175 1005 propter
188 937 278 1001 aliquod
292 936 480 1003 impedimentum
493 935 599 999 desistit,
613 935 759 989 aliusaotem
775 938 848 989 conti-

43 1014 104 1063 nuat
118 1011 206 1060 motum
227 1007 350 1059 volontatis
364 1018 481 1073 quousque
497 1021 555 1072 opus
572 1009 690 1073 perficiat,
703 1009 849 1060 manifestum

40 1088 79 1135 εει
94 1082 159 1146 quod
171 1080 303 1145 huiusmodi
316 1080 423 1131 uolontas
436 1083 470 1129 εει
481 1080 608 1131 diuturnior
620 1079 645 1129 iu
658 1080 717 1131 loono
731 1080 767 1133 uel
779 1082 847 1146 malm

40 1161 65 1208 et
79 1152 209 1207 secundum
222 1152 267 1203 hoc
281 1154 316 1203 est
326 1152 392 1217 pejor
407 1152 444 1201 vel
457 1152 545 1202 melior.
564 1151 640 1203 Tertio
659 1152 795 1203 secundum
810 1158 849 1204 tn-

42 1228 186 1279 tensionem
192 1240 201 1287 ;
209 1227 261 1274 sunt
270 1224 331 1275 euim
342 1222 432 1287 quidam
442 1227 504 1274 ectus
514 1223 649 1288 exteriores,
659 1225 730 1288 quiin
740 1228 849 1288 quantum

43 1302 104 1351 sunt
117 1296 267 1348 delectabiles
281 1296 319 1346 uel
329 1294 435 1360 poenosi,
449 1294 496 1345 nati
514 1298 567 1345 sunt
579 1292 695 1347 intendere
710 1296 850 1347 uoluntatem

43 1373 82 1422 rel
98 1368 232 1433 remittero;
251 1370 341 1419 constat
354 1370 429 1418 eutem
440 1367 502 1431 quod
514 1370 599 1430 quanto
615 1368 721 1419 uoluntas
738 1368 851 1419 intensius

41 1441 120 1493 tendit
131 1438 159 1489 iu
168 1436 252 1489 bonum
269 1439 305 1489 vel
318 1434 401 1489 malum
413 1478 419 1500 ,
433 1442 497 1488 tanto
509 1438 543 1488 est
556 1436 636 1488 melior
647 1438 684 1488 uel
698 1438 772 1503 pejor.

74 1513 100 1564 Si
116 1514 194 1562 autem
204 1510 322 1575 loquamur
331 1510 359 1561 de
373 1509 473 1561 bonitate
487 1511 551 1559 amus
565 1508 692 1572 exterioris,
704 1523 772 1574 quam
783 1510 853 1562 habet

42 1582 177 1638 secundum
192 1580 309 1633 materiam
321 1585 344 1632 et
354 1580 441 1631 debitas
457 1580 651 1646 circumstantias,
666 1580 699 1631 sic
712 1585 852 1646 comparetur

43 1660 73 1709 nd
85 1656 231 1707 uoluntatem
248 1656 273 1703 ut
285 1652 395 1705 terminus
408 1657 432 1705 ει
445 1652 509 1717 iinis3
518 1656 542 1703 et
554 1654 598 1704 lnoc
612 1652 678 1704 modo
693 1652 754 1704 addit
770 1654 799 1704 ad
811 1655 851 1705 bo

41 1732 147 1782 uitatem
168 1726 207 1776 rel
226 1725 335 1776 malitiam
354 1725 490 1789 uoluntatis3
506 1726 560 1789 quia
583 1726 657 1777 omnis
679 1725 794 1777 inclinatio
814 1727 852 1778 vel

43 1806 125 1854 motus
144 1798 262 1863 perficitur
274 1798 298 1847 in
316 1798 373 1861 hoc,
388 1798 447 1861 quod
461 1798 605 1863 consequitur
620 1798 687 1850 linem
705 1801 743 1850 uel
761 1800 852 1864 attingit

44 1872 184 1928 terminum.
201 1870 263 1920 Unde
278 1882 324 1920 nou
337 1873 372 1920 est
383 1868 485 1935 perlecta
503 1870 621 1931 uoluntas,
633 1870 677 1920 nisi
693 1870 723 1922 sit
735 1870 787 1921 talis
801 1886 852 1934 quac

48 1941 224 2011 opportunitate
239 1941 290 1991 data
301 1945 414 2004 operetur.
431 1940 455 1989 Si
467 1953 524 1991 uero
537 1941 676 2004 possibilitas
690 1941 762 2003 desit,
772 1941 852 1992 volon-

41 2023 93 2070 tate
110 2013 226 2065 eristente
239 2010 339 2076 perfecta
344 2049 352 2075 ,
367 2016 392 2063 ut
409 2017 540 2076 operaretur
550 2013 570 2062 si
578 2016 671 2076 posset,
686 2012 787 2063 deiectus
800 2027 853 2077 per-

43 2085 223 2147 lectionisque
244 2087 280 2134 εει
293 2097 322 2135 ex
342 2086 393 2134 actu
408 2083 529 2147 exteriori,
546 2086 581 2134 est
599 2082 731 2147 simpliciter
746 2083 852 2134 involun-

43 2161 129 2212 tarius.
145 2154 325 2206 Inuoluntarium
341 2158 431 2220 utitem,
446 2155 505 2206 sicut
527 2169 573 2206 uon
597 2159 695 2206 meretur
708 2168 798 2219 poenam
816 2154 853 2205 uel

44 2229 174 2299 praemium
188 2228 212 2277 in
226 2227 339 2291 operando
354 2226 438 2277 bonorm
454 2228 604 2288 auimatum,
618 2226 650 2276 ita
665 2238 710 2275 non
733 2226 791 2276 tollit
810 2225 853 2275 ali-

43 2305 104 2370 quid
118 2302 147 2351 de
161 2301 254 2363 praemio
266 2300 303 2348 uel
315 2300 342 2351 de
350 2312 429 2362 poena,
444 2298 464 2349 si
474 2300 543 2350 homo
554 2298 707 2349 involuntario
719 2297 853 2361 simpliciter

44 2373 145 2428 deliciet
159 2372 187 2422 ad
198 2368 328 2420 iaciendum
340 2370 424 2420 bonum
441 2371 478 2421 uel
491 2370 584 2420 malum.

77 2447 117 2499 Ad
130 2442 236 2508 primum
255 2454 309 2505 ergo
328 2442 461 2505 dicendum,
479 2443 540 2506 quod
556 2442 729 2505 chrysostomus
747 2441 854 2506 loqnitrrr,

43 2517 144 2585 quando
159 2515 264 2565 uoluntas
282 2512 381 2564 hominis
394 2518 429 2564 est
442 2516 609 2576 consummata,
620 2515 644 2562 et
658 2525 704 2563 uon
713 2518 815 2565 cessator
826 2513 855 2562 ulo

45 2596 118 2652 actu,
131 2585 179 2637 uisi
193 2588 283 2649 propter
298 2584 456 2648 impotentiam
469 2583 576 2634 faciendi,

82 2662 120 2713 ad
132 2658 257 2709 secuudum
269 2656 402 2718 dicendum,
416 2656 544 2719 quadratio
554 2656 593 2707 illu
605 2655 709 2720 procedit
717 2656 745 2706 de
756 2655 856 2706 bonitate

44 2738 115 2786 actus
130 2730 248 2782 exterioris
262 2740 330 2795 quam
343 2729 413 2778 habet
422 2727 435 2777 l
445 2728 547 2779 bonitate
558 2726 623 2788 linis;
633 2729 674 2779 sed
685 2725 775 2777 bonitas
791 2730 856 2777 aetus

45 2800 175 2859 exterioris
189 2815 255 2866 quarn
273 2802 341 2851 hebet
354 2799 367 2850 l
380 2799 473 2850 materia
493 2803 517 2851 ει
530 2798 721 2861 circumstantiis,
733 2802 768 2847 ost
782 2798 826 2847 alia
843 2798 857 2848 ir

43 2876 153 2932 bonitate
167 2872 291 2924 voluntatis
304 2884 354 2936 que
364 2872 399 2922 εει
411 2884 440 2944 ex
450 2871 509 2936 flue,
523 2875 656 2923 nouantem
672 2867 740 2921 aliut
753 2868 854 2921 bonimio
