1984 3309
234 230 266 266 us
281 228 349 267 nouo
364 228 395 266 ιτ
410 228 499 267 osnme
514 230 691 271 minuemus.
818 228 866 276 lde

52 325 68 357 u
76 320 153 360 voces
164 308 219 358 sunt
229 308 291 357 note
301 320 381 357 earum
393 318 443 371 quae
457 307 545 357 suntin
557 308 632 359 anima
641 310 782 375 passionum.
795 330 808 359 u
821 314 865 365 Sed

55 394 127 432 ruooe
152 378 284 443 significent
306 392 344 428 res
364 378 503 442 intellectam
517 379 540 429 id
561 380 621 432 euim
640 395 696 433 voce
715 384 866 449 significamus

51 454 113 515 quod
125 450 290 515 intelligimus.
303 452 364 513 Ergo
372 449 427 514 ipse
437 450 556 516 passiones
570 454 664 517 anime,
678 455 763 507 scilicet
774 458 865 523 species

50 522 227 588 intelligibiles,
240 525 295 572 sunt
304 535 332 572 ca
341 534 392 586 qua
402 521 560 587 intelliguntur
570 524 595 575 in
603 528 665 577 actu.

81 598 129 647 Sed
146 599 248 646 contre:
265 593 356 658 speeies
375 592 524 657 intelligibilis
542 598 652 648 sehabet
669 598 697 650 ad
711 599 864 664 intellectum,

51 670 111 720 sicut
122 669 220 733 species
236 666 354 717 sensibilis
369 666 398 717 ad
414 679 514 716 sensnm.
531 668 574 719 Sed
591 670 678 735 species
691 671 805 723 sensibilis
820 686 867 725 non

52 747 86 791 est
100 741 160 791 illud
176 740 241 803 quud
253 738 362 801 sentitur,
377 738 418 788 sed
433 739 506 802 magis
524 739 547 791 id
562 755 607 805 quo
621 754 702 795 sensus
720 744 797 795 sentit.
808 746 867 809 Ergo

52 813 140 877 specius
154 808 315 876 intelligibilis
326 821 374 860 uon
391 812 426 860 est
447 811 517 875 quod
534 812 704 879 intelligitur,
718 816 758 867 sed
774 816 803 867 id
818 832 867 883 quo

54 886 199 936 intellectus
213 882 346 947 intelligit,

87 960 257 1021 (Coucsusuo.
265 982 297 992 -
305 952 397 1020 Species
405 949 557 1017 intelligibilis
568 969 593 1007 se
602 956 671 1007 babet
680 958 707 1009 ad
714 958 865 1025 intellectum,

58 1032 82 1079 ut
94 1030 120 1080 id
134 1044 191 1096 quo
210 1024 336 1091 iutelligit
347 1024 501 1083 intellectus,
515 1040 562 1077 nou
580 1031 690 1079 autemut
709 1031 737 1081 id
751 1033 819 1097 quod
832 1034 868 1083 iu·

59 1101 197 1165 telligitur,
208 1098 257 1149 nisi
265 1095 417 1162 secundario,
427 1111 464 1149 res
473 1098 536 1149 enim
545 1100 610 1165 cujus
619 1102 707 1166 species
717 1100 868 1169 iutelligibilis

56 1179 88 1224 est
98 1172 247 1234 similitudo,
262 1169 335 1220 estid
344 1168 489 1233 quodprimd
503 1170 665 1239 intelligitur.)

83 1244 228 1310 despondeo
246 1240 382 1303 dicendum,
399 1239 566 1305 quodquidam
584 1248 709 1309 posuerunt
729 1245 789 1310 qudd
807 1248 868 1301 uires

54 1314 233 1380 cognoscitivce,
242 1327 294 1377 qnae
309 1316 363 1362 sunt
371 1312 396 1361 iu
404 1312 480 1375 nubis,
488 1313 547 1364 nihil
554 1320 693 1379 cognoscunt
704 1318 751 1369 nisi
763 1321 868 1385 proprias

54 1389 193 1451 passiones:
208 1384 267 1451 puta
277 1382 338 1449 qnbd
349 1398 430 1435 sensus
441 1398 488 1435 non
497 1389 569 1437 sentit
582 1386 630 1439 nisi
639 1386 769 1451 passionem
782 1392 818 1443 sui
832 1407 870 1444 or-

55 1463 114 1525 gani.
134 1463 167 1512 Et
184 1457 315 1511 secundim
330 1458 376 1509 hoc
390 1457 520 1510 intellectus
537 1460 594 1510 nihil
617 1460 725 1526 iutelligit
742 1464 787 1515 nisi
804 1479 867 1517 suem

54 1534 204 1598 passionem,
223 1530 315 1581 seilicet
331 1528 430 1594 speciem
447 1530 614 1595 intelligibilem
629 1533 653 1583 in
666 1547 690 1584 se
702 1539 831 1601 receptam,
844 1541 868 1589 et

53 1606 186 1658 secundulm
194 1606 242 1654 lroc
250 1601 341 1666 species
351 1601 481 1668 hujusmodi
491 1609 527 1655 est
536 1605 693 1670 ipsumquod
703 1606 865 1673 intelligitur.

54 1679 96 1728 Sed
106 1680 160 1730 bmc
171 1674 256 1740 opinio
267 1670 388 1724 manifeste
402 1677 496 1737 apparet
510 1674 566 1725 sulse
580 1689 607 1725 ex
618 1677 713 1729 duobus.
726 1678 803 1731 Primd
816 1680 868 1744 qoi-

55 1752 119 1813 dem,
134 1750 195 1816 quia
214 1748 297 1797 eadem
315 1749 434 1809 suntque
453 1745 617 1811 intelligimus,
633 1750 695 1800 etde
714 1750 795 1813 quibus
814 1756 867 1805 suut

54 1823 169 1874 scientiae.
186 1819 214 1871 Si
229 1816 301 1882 igitur
319 1831 348 1869 ea
362 1830 413 1882 qnae
431 1816 579 1882 intelligimus
598 1823 675 1871 esseut
691 1821 763 1873 solim
779 1824 867 1889 species

55 1910 103 1958 qun
113 1898 172 1946 sunt
183 1892 212 1941 in
221 1888 307 1954 anima,
317 1892 451 1953 sequeretur
461 1888 523 1953 qubd
530 1888 631 1943 scientie
642 1906 722 1943 omnes
731 1908 777 1945 nou
790 1898 867 1946 essent

56 1968 81 2018 de
99 1968 175 2019 rebus
197 1976 250 2027 quse
271 1965 326 2011 snut
347 1964 411 2012 extra
430 1961 542 2026 animam,
557 1965 597 2015 sed
612 1963 686 2015 solun
703 1965 731 2015 de
746 1966 867 2029 speciebus

55 2036 244 2103 intelligibilibus
258 2047 308 2097 que
318 2036 372 2083 snut
385 2030 409 2083 in
424 2033 501 2083 anime
515 2050 521 2083 t
533 2034 592 2085 sicut
602 2034 727 2087 secuudum
740 2037 867 2089 Platonicos

56 2124 136 2162 omues
152 2106 261 2159 scientie
283 2107 337 2155 sunt
351 2105 379 2154 de
394 2104 451 2156 ideis
466 2119 524 2170 quas
541 2108 657 2170 ponebant
670 2120 720 2158 esse
740 2106 867 2160 intellectas

56 2183 153 2234 innan.
166 2174 284 2238 Secundo,
294 2175 348 2240 quia
361 2180 495 2241 sequeretur
503 2191 563 2228 error
574 2179 719 2244 antiquorum
731 2179 865 2247 dicentium,

56 2267 123 2305 omne
143 2251 207 2315 qnod
229 2248 387 2299 videturesse
405 2261 497 2312 uernm;
516 2252 539 2299 et
559 2249 591 2300 sic
610 2249 668 2314 qnbd
690 2250 867 2303 contradictorie

56 2329 134 2376 esseut
145 2322 215 2373 simul
223 2334 293 2371 verae.
303 2319 326 2370 Si
337 2318 399 2370 eninr
406 2320 509 2384 potentia
517 2334 563 2372 nou
572 2320 688 2385 cognoscit
696 2320 741 2373 nisi
749 2324 866 2387 propriam

58 2399 188 2459 passionem
196 2432 205 2459 ,
219 2396 248 2445 de
264 2406 292 2443 ea
308 2390 383 2442 solium
402 2392 503 2456 judicat3
521 2393 554 2443 sie
571 2398 648 2444 autem
669 2394 759 2446 videtur
780 2395 864 2459 aliquid

58 2467 186 2519 secundum
203 2465 265 2531 qubd
280 2462 385 2528 potentia
403 2464 555 2527 cognoscitiue
575 2464 685 2531 elicitum
703 2480 793 2531 semper
812 2481 867 2533 ergo

56 2539 170 2603 judicium
185 2537 296 2603 potentia
310 2535 472 2597 cognoscitiuae
488 2535 533 2585 erit
550 2537 578 2588 de
590 2550 618 2587 eo
634 2539 695 2601 quud
707 2539 807 2604 judicat,
822 2538 867 2591 sci-

59 2611 112 2661 lioet
124 2612 154 2661 de
163 2610 257 2674 propria
267 2606 390 2672 passione,
402 2606 527 2657 secundbm
541 2608 601 2672 quod
611 2611 660 2671 est,
675 2610 740 2661 etita
753 2623 821 2661 omne
829 2612 867 2675 ju-

61 2682 146 2732 dicium
156 2681 200 2733 erit
211 2693 301 2731 verum.
321 2677 425 2741 Putas
442 2682 523 2743 gustus
540 2693 586 2729 nou
600 2681 669 2731 sentit
688 2681 732 2732 nisi
750 2683 866 2746 propriam

61 2754 201 2817 pmuonem,
210 2752 264 2803 cium
274 2749 359 2815 niquis
368 2750 456 2802 babens
463 2764 544 2801 sanum
555 2755 653 2817 gustum,
663 2752 752 2817 judicat
761 2755 805 2803 mel
817 2766 865 2805 esse

63 2921 131 2967 num,
144 2910 310 2967 intentionum,
325 2910 370 2952 etc.
384 2907 444 2953 Hinc
457 2906 513 2952 illud
528 2920 621 2966 qnoque
635 2910 751 2955 Ciceronis
764 2910 789 2955 ln
802 2908 864 2955 Orc·

64 2975 125 3024 tore,
134 2974 274 3020 mutationes
284 2980 370 3018 tubum
380 2970 479 3016 totidem
491 2982 544 3017 esse
554 2978 610 3029 quot
623 2972 761 3031 animorum,
770 2976 817 3017 etc.
