1984 3309
213 174 244 211 ns
258 172 361 212 nmmos
374 172 503 215 iusseras
518 175 534 213 n
549 175 700 215 resumens.
809 168 854 215 etr

43 252 87 303 Sed
113 250 280 314 concupiscere
300 254 335 300 est
357 255 421 301 actus
442 251 556 316 appetitis
577 252 692 303 sensitivi.
709 254 769 316 Ergo
789 259 855 305 actus

45 322 172 389 appetitus
189 320 293 373 sensitivi
310 335 356 373 nou
369 323 471 373 subditur
484 323 579 388 imperio
589 328 675 375 nostro.

78 402 104 445 s,
122 397 255 457 Preterea,
264 394 359 445 materia
371 395 491 459 corporatis
504 396 547 446 soii
556 397 602 447 Deo
618 396 695 447 obedit
703 400 813 460 quantum
827 397 856 447 ad

45 466 269 519 transmutationem
282 465 407 527 formalem,
423 470 448 515 nt
463 466 488 516 in
501 467 575 531 primo
584 468 685 518 habitum
693 472 729 518 est
741 468 773 530 (Ι.
784 472 854 533 part,

47 556 86 603 qn.
99 542 162 600 1⁰5,
177 540 221 587 art.
234 541 258 599 1,
269 539 292 587 et
302 550 341 600 qn.
357 541 413 598 ite,
427 542 469 589 art.
480 539 522 601 t).
535 540 579 589 Sed
592 543 658 590 aetus
674 540 788 603 appetitis
802 552 855 589 sen-

47 610 114 661 sitivi
129 609 204 659 habet
218 610 337 671 qnamdam
350 609 467 664 formatem
479 610 691 662 transmutationem
706 610 808 675 corporis
820 622 858 660 se·

48 681 155 735 cundum
166 680 265 729 calorem
276 681 314 730 vel
328 681 408 744 frigus.
419 682 478 745 Ergo
490 685 554 731 actos
569 682 686 746 appetitus
700 682 802 733 scnnnvi
810 695 857 733 non

50 754 162 805 subditur
175 750 271 815 imperio
285 753 392 803 humano.

84 832 109 875 3.
126 826 256 887 Praeterea,
267 824 383 887 proprium
400 824 512 875 motivum
528 824 642 889 appetitis
654 824 760 875 sensitivi
771 829 854 889 estap-

50 900 195 962 prehensum
211 896 334 947 secundnm
348 910 439 947 sensum
453 896 489 946 usi
502 896 694 959 imaginationem.
708 897 753 947 Sed
767 910 812 947 non
822 899 859 947 est

50 971 75 1019 in
87 970 206 1034 potestate
220 971 297 1017 nostra
307 981 408 1032 semper,
416 966 476 1031 qu'od
484 968 570 1030 adunit
580 968 777 1031 apprehendamus
787 980 858 1017 sensu

50 1043 89 1091 vet
107 1038 283 1103 imaginatione.
297 1040 354 1102 Ergo
372 1042 436 1089 actus
452 1038 567 1103 appetitis
580 1039 686 1089 sensitivi
696 1052 744 1089 non
754 1039 859 1103 subjacet

54 1113 154 1177 imperio
175 1113 261 1160 nostro.

84 1185 130 1235 Sed
145 1184 227 1233 contre
243 1182 292 1239 est,
305 1182 363 1244 qnod
375 1180 497 1245 Gregorius
507 1183 626 1245 Npssenns
639 1183 694 1233 dicit
707 1183 717 1248 (
723 1183 761 1233 vei
774 1184 859 1234 Neme-

52 1257 116 1316 sins,
131 1253 173 1304 nbi
184 1250 280 1315 sapit),
295 1252 355 1315 qndd
371 1252 503 1303 «obediens
511 1252 595 1303 rationi
607 1253 716 1305 dividitur
725 1254 750 1304 in
759 1255 818 1317 duo;
834 1256 859 1303 in

54 1324 237 1380 desiderantum
254 1327 277 1373 et
291 1323 443 1386 irascitivum,
460 1340 473 1370 n
489 1336 540 1385 qne
560 1323 675 1387 pertinent
690 1325 718 1374 ad
735 1326 859 1388 appetitum

56 1396 206 1449 sensitivam.
223 1396 283 1458 Ergo
302 1399 366 1447 ectus
386 1394 501 1458 appetitis
520 1394 628 1445 sensitivi
645 1395 748 1458 subjacet
765 1395 861 1459 imperio

54 1470 163 1520 rationis.

91 1541 253 1604 (Concnusro.
262 1566 293 1577 -
300 1542 369 1589 totus
379 1538 495 1603 appetitis
506 1538 610 1589 sensitivi
618 1552 663 1602 quo
676 1539 743 1589 modo
754 1539 782 1588 ab
790 1538 861 1588 animi

57 1614 172 1677 potestate
184 1613 253 1671 sunt,
266 1610 360 1661 rationis
378 1610 472 1674 imperio
488 1609 650 1675 snbjiciuntnr3
664 1624 710 1675 quo
722 1610 778 1662 vert
793 1610 860 1661 modo

56 1685 211 1746 insequuntur
231 1684 332 1746 corporis
349 1682 536 1746 dispositionem,
548 1695 710 1746 nonnunquam
726 1687 809 1745 praeter
824 1695 861 1731 ra-

57 1755 127 1806 tionis
141 1753 265 1817 imperinm
279 1753 360 1817 tunt.)

92 1827 229 1904 Respondep
242 1825 375 1889 dicendum,
386 1826 447 1889 quod
461 1826 588 1878 secundnm
596 1829 639 1877 hoc
650 1826 734 1890 aliquis
744 1831 808 1877 actus
819 1827 862 1876 inr-

59 1898 123 1962 perio
137 1901 217 1948 nostro
232 1896 345 1961 subjacet,
359 1901 426 1962 prout
440 1902 475 1949 est
488 1899 514 1948 in
531 1901 642 1962 potestate
656 1901 744 1959 nostra,
755 1902 780 1946 nt
795 1897 863 1961 snpr'a

60 1970 146 2021 dictam
164 1972 200 2019 est
218 1969 326 2031 (arto).
340 1968 432 2021 ntideo
450 1969 667 2032 ad‘intelligendnm
681 1969 779 2030 qualiter
798 1972 864 2018 actus

60 2041 180 2105 appetitos
195 2039 299 2091 sensitivi
315 2041 526 2105 subdaturimperio
536 2039 645 2100 rationis,
659 2041 749 2102 oportet
761 2038 865 2088 musida-

64 2127 113 2164 rare
122 2112 222 2176 qualiter
232 2110 262 2161 sit
276 2110 300 2159 in
309 2114 421 2175 potestate
433 2114 518 2161 nostra.
532 2110 574 2160 Est
580 2113 656 2158 anum
666 2109 792 2170 sciendum,
802 2108 863 2171 qudd

64 2184 179 2247 appetitus
189 2182 314 2233 sensitivns
324 2184 349 2233 in
358 2185 401 2233 hoo
415 2182 489 2233 ditiert
502 2183 531 2232 ab
545 2179 809 2244 appetituinteilectivo,
824 2179 864 2242 qui

64 2255 145 2307 dicitnr
164 2255 285 2314 voluntas,
300 2254 360 2318 quod
378 2253 492 2317 appetitus
508 2251 632 2303 sensitivus
647 2253 682 2300 est
695 2249 768 2300 uirtus
784 2250 865 2314 organi

64 2326 198 2390 corporalis,
218 2338 264 2375 non
280 2330 356 2377 antem
374 2326 487 2375 voluntas.
507 2324 586 2375 Omnis
599 2325 676 2372 antem
692 2325 757 2372 actus
773 2322 866 2373 videtis

65 2398 151 2449 utentis
170 2410 256 2460 organo
279 2397 403 2460 corporali,
422 2396 535 2460 dependet
552 2407 599 2445 non
619 2394 693 2444 sotum
715 2408 745 2444 er
765 2394 867 2458 potentia

67 2470 148 2520 animae
153 2506 161 2533 ‚
170 2470 209 2519 sed
222 2469 291 2519 etiam
301 2482 330 2518 es
340 2468 464 2533 corporalis
475 2462 554 2531 organi
563 2465 711 2530 dispositione
722 2482 728 2513 r
739 2466 797 2517 siout
806 2466 865 2516 visio

66 2543 206 2608 expetentia
218 2541 292 2593 visiun
304 2546 327 2595 et
339 2542 446 2607 qualitate
458 2542 526 2604 oculi,
541 2554 583 2606 per
593 2553 661 2605 quem
670 2539 764 2604 juvetur
774 2540 811 2591 vei
823 2539 866 2589 im-

67 2616 156 2679 peditur
169 2632 174 2664 :
189 2616 249 2664 mide
260 2617 283 2664 et
295 2620 357 2665 actus
369 2614 482 2678 appetitis
497 2612 601 2663 sensitivi
612 2626 657 2663 non
671 2612 745 2663 solim
755 2612 870 2675 dependet

69 2701 96 2737 ex
106 2686 131 2735 vi
138 2685 273 2751 appetitiva,
282 2688 322 2736 sed
333 2687 401 2735 etiam
411 2698 440 2735 ex
450 2684 598 2748 dispositione
607 2684 715 2748 corporis.
725 2683 868 2733 illudentem

70 2759 129 2821 quod
144 2761 180 2809 est
195 2770 223 2809 ex
237 2760 300 2822 parte
315 2758 422 2822 potentian
436 2756 518 2807 animae
533 2756 633 2821 sequitur
646 2754 867 2820 apprehensionem,

71 2829 223 2895 apprehensio
239 2833 315 2881 autem
329 2827 511 2892 imaginationis,
523 2827 575 2877 cnm
589 2828 619 2879 sit
634 2825 789 2892 particularis,
801 2838 869 2886 regn·

71 2904 129 2953 tatur
144 2903 173 2953 ab
193 2901 373 2966 apprehensione
393 2900 502 2963 ratonn,
518 2914 568 2963 pne
587 2904 624 2949 est
642 2895 791 2958 universalis,
812 2895 872 2945 sicut
