1984 3309
145 121 347 162 extremumue
361 122 458 163 mim
469 124 546 165 AG'PUS
559 125 637 165 illm.
650 126 808 165 venundans.
831 120 876 167 88³

103 200 243 265 Respondeo
262 201 397 263 uiuendum,
412 202 472 266 qudd
491 204 516 253 in
533 203 637 254 omnihus
656 203 732 255 eanaie
753 204 877 270 ordinatis,

73 275 175 325 edemus
185 272 238 337 plus
248 274 384 339 dependetd
400 287 467 325 eausa
478 275 560 340 prima,
577 276 670 340 qudmd
685 274 753 327 rausa
762 279 876 342 eenunda;

73 346 129 409 quia
143 356 212 393 eausa
223 344 376 395 secundumn
387 344 434 409 agit
446 344 490 395 uisi
499 345 525 395 in
534 347 617 397 uirtute
629 347 708 411 primae
718 360 801 398 cause.
813 348 877 406 Quod

74 420 153 467 autem
168 413 226 465 ratio
234 416 334 467 hnmana
346 416 375 467 sit
384 417 462 481 regula
473 418 598 487 uoluntatis
606 420 722 483 humane,
731 432 761 469 ex
772 432 817 483 qua
828 421 879 484 ejus

74 488 169 539 bonitas
184 492 339 551 mensuretur,
357 488 425 539 habet
437 502 467 539 ex
482 490 533 553 lege
550 487 645 553 eterna,
658 504 709 555 qne
725 494 760 541 est
770 491 830 541 ratio
843 491 878 542 di·

73 562 129 611 uina
145 560 223 609 :unde
235 558 261 609 in
279 558 372 609 Psedm.
388 560 426 609 lv.
442 560 525 610 dieitur
540 577 547 611 ι
560 562 648 612 «Multi
667 562 762 623 dicunt,
774 563 828 626 quis
842 574 879 613 es-

24 686 25 689 ,
74 632 149 684 tendit
161 632 229 681 nubis
242 630 317 681 bonel
330 632 443 695 si'gnatum
457 636 494 683 est
512 646 580 697 super
592 646 635 683 nes
647 633 724 683 iumen
740 634 818 684 ruitur
834 635 877 697 tui,

74 705 187 767 [lumine3
200 720 214 751 u
228 704 301 767 quaet
314 703 411 753 diceret
425 720 434 752 .·
444 704 521 755 lumen
535 704 700 768 retinnisqmd
713 699 877 769 ineolumem,

73 778 98 827 iu
110 779 208 827 tautum
218 777 292 837 puteat
302 772 500 825 nubieustendere
511 776 580 838 iruna,
597 779 621 825 et
630 777 730 825 nostram
739 776 878 827 uoluntatem

71 848 189 910 regulare,
204 844 228 895 in
241 841 350 909 quantum
361 851 396 897 est
407 848 484 897 lumen
495 846 571 897 nultus
584 846 632 907 tui,
647 846 670 896 id
684 850 719 897 est
730 846 744 896 d
762 848 826 897 uultu
836 852 878 899 tue

72 918 211 969 dementum.
225 918 289 968 Unde
303 918 450 983 manifestum
464 922 501 969 est
519 917 579 981 qudd
594 918 666 968 multe
679 918 752 981 magis
767 918 880 981 dependet

72 989 165 1041 bonitas
179 990 302 1039 uoluntatis
313 991 418 1041 humanae
435 989 448 1040 a
462 990 512 1054 lege
529 991 613 1040 aeterna
625 989 693 1053 quam
708 989 721 1039 a
734 988 821 1040 ratione
834 991 880 1039 inu·

73 1074 158 1125 mana;
173 1063 197 1111 et
214 1061 253 1111 ubi
262 1060 342 1111 deficit
355 1062 454 1117 humana
466 1062 539 1126 ratio,
548 1064 637 1127 eportet
647 1062 675 1112 ad
687 1060 798 1115 ratiuuem
810 1065 876 1113 eter-

75 1146 131 1183 nam
145 1144 271 1183 recurrere.

107 1203 145 1253 Ad
156 1202 258 1267 primum
271 1216 325 1267 ergo
337 1204 468 1267 dicendum,
479 1204 540 1268 qudd
553 1204 621 1254 nnius
633 1204 667 1255 rei
675 1218 723 1255 nen
734 1207 789 1254 sunt
799 1204 876 1267 plures

72 1287 191 1325 mensure
212 1274 333 1338 praximae3
357 1280 453 1339 pessunt
476 1279 554 1325 tamen
574 1288 625 1325 esse
648 1274 725 1338 plures
745 1286 878 1337 mensure,

72 1359 174 1411 quarum
186 1348 287 1407 unasub
304 1347 348 1397 alia
367 1347 490 1399 ordinetur.

104 1419 139 1468 dd
154 1419 280 1469 secuudum
294 1418 431 1483 dicendum,
441 1419 503 1483 qudd
521 1432 626 1471 memma
639 1417 743 1482 proxima
752 1420 788 1467 est
796 1418 878 1468 hume

69 1502 146 1554 geuea
158 1494 300 1553 mensurato,
315 1504 361 1541 nen
374 1494 451 1542 antem
464 1504 572 1541 mensura
584 1492 679 1541 remota.

102 1561 140 1613 Ad
150 1560 246 1612 tertium
255 1563 384 1625 dicendum,
397 1562 458 1625 qudd
471 1562 525 1613 licet
533 1564 572 1612 lex
586 1566 670 1612 eterna
681 1560 711 1611 eit
721 1560 786 1611 nobis
800 1559 880 1623 ignota

75 1633 206 1686 secumdum
226 1635 287 1697 qued
300 1637 335 1685 est
352 1634 377 1683 in
391 1638 466 1685 mente
479 1634 571 1700 diuina,
588 1632 711 1684 innotescit
725 1636 801 1683 tamen
815 1631 880 1682 nobis

72 1704 217 1767 aliqualiter,
230 1705 269 1755 vel
282 1718 323 1769 per
336 1705 444 1757 rationem
454 1706 581 1756 naturalem
591 1701 642 1770 quae
652 1706 681 1756 ab
694 1718 721 1755 ea
732 1704 846 1755 derivatur
854 1706 881 1752 ut

76 1774 174 1840 propria
189 1776 238 1847 ejus
255 1775 343 1840 image,
360 1778 397 1826 rel
408 1790 449 1841 per
462 1778 583 1841 aliqualem
596 1778 759 1828 revelationem
773 1774 883 1841 superad-

74 1848 159 1899 ditam.
236 1918 237 1923 1

379 1911 540 1963 turrentes
555 1911 583 1959 V.

120 2016 332 2063 Utre'rm'volrantnr
341 2018 480 2065 discordans
489 2018 504 2063 d
514 2018 607 2062 ratione
619 2019 716 2061 errante
725 2017 757 2061 att
767 2016 840 2060 arada.

109 2128 146 2178 ild
161 2124 267 2190 quintum
285 2125 319 2175 eiu
337 2124 466 2190 proceditur
473 2125 518 2191 (l).
530 2124 624 2177 Videtur
641 2124 701 2188 qudd
717 2125 823 2173 veluntas
838 2124 884 2174 dis-

75 2200 177 2250 nerdane
194 2197 208 2247 d
225 2198 312 2249 ratione
329 2201 418 2248 errante
429 2212 475 2249 uun
487 2198 519 2249 eit
535 2196 679 2247 mala.ilati0
689 2194 750 2245 enim
759 2198 795 2245 est
805 2196 883 2259 regula

75 2270 207 2321 voluntatis
222 2270 340 2331 humane,
355 2269 380 2319 iu
397 2273 507 2333 quantum
528 2268 643 2320 derivatur
655 2267 669 2316 d
683 2267 733 2329 lege
746 2269 845 2328 eterna,
860 2269 885 2316 ut

78 2342 169 2392 dietim
187 2344 231 2391 est.
242 2340 287 2391 Sed
296 2344 353 2391 ratio
362 2354 445 2404 errans
455 2355 502 2392 uon
515 2340 630 2391 derivatur
641 2337 715 2400 alege
725 2341 816 2389 eterna.
826 2339 885 2400 Ergo

76 2414 137 2469 ratio
154 2426 234 2463 errans
247 2425 294 2461 nou
309 2414 343 2463 est
358 2413 436 2477 regula
446 2411 570 2462 uoluntatis
582 2411 687 2461 humanae
703 2423 766 2461 :neu
779 2414 814 2461 est
831 2422 885 2472 ergo

77 2486 190 2537 voluutas
204 2486 279 2547 mala,
296 2484 315 2534 si
330 2484 442 2535 discordat
455 2484 542 2533 ratione
555 2484 652 2532 errante.

118 2602 150 2665 (1)
167 2606 201 2649 Ile
216 2604 334 2649 bisetium
348 2604 371 2648 in
383 2604 418 2659 11,
431 2601 509 2651 Serti..
518 2600 572 2645 dist.
587 2598 631 2658 39,
644 2614 683 2657 qu.
695 2600 723 2658 8,
738 2599 808 2645 nrm
821 2603 845 2643 et
856 2598 884 2652 83

80 2673 107 2713 nt
119 2673 145 2712 et
152 2668 197 2724 IV,
207 2666 286 2715 Sarte,
295 2667 349 2711 dist.
360 2665 384 2722 9,
395 2670 438 2709 art.
449 2663 464 2707 3
474 2694 479 2721 ,
495 2663 666 2719 quaerundae,
679 2663 709 2709 ad
717 2664 746 2714 ὓς
757 2668 781 2706 et
792 2674 831 2717 qu.
844 2660 885 2720 1⁷,

81 2729 203 2787 neverit,
217 2732 261 2774 art.
272 2728 300 2781 4;
311 2732 334 2773 et
345 2740 384 2783 qn.
396 2727 420 2785 2,
432 2726 460 2769 de
470 2726 541 2783 malo,
551 2730 596 2770 ert.
605 2726 633 2779 8;
646 2731 671 2771 et
681 2723 806 2781 Quadtid„
819 2726 884 2784 vm,

83 2798 130 2837 nrt.
147 2790 179 2835 1³
192 2796 217 2835 et
229 2790 272 2845 153
287 2796 312 2835 et
325 2788 450 2847 Quodltd„
467 2789 512 2846 IX,
527 2793 571 2833 art.
587 2787 629 2842 153
645 2787 885 2844 eted'ldum.,X1V,

84 2855 141 2901 leet.
155 2854 185 2913 θ,
201 2854 246 2899 eol.
261 2853 276 2897 2
283 2885 290 2913 ,
301 2858 326 2899 et
336 2850 390 2900 leet.
401 2850 429 2912 3,
442 2849 593 2908 circuituum
605 2855 629 2896 et
639 2850 671 2896 ad
681 2849 773 2901 Galat„
786 2851 818 2909 V,
829 2849 885 2895 leet.
