1984 3309
123 225 165 286 ibn
177 241 278 290 nonus,
292 243 335 287 oni
347 248 379 283 nx
392 246 532 286 snunnsu
543 250 573 287 sn
584 250 734 301 mannaan,
749 250 802 288 nac.
837 241 867 287 ⁹⁵

48 320 161 366 mnutnr
172 318 257 382 pupilla
265 334 307 385 per
321 321 426 385 speciem
438 324 534 389 eoloris,
549 326 645 376 elidem
658 331 755 391 apparet
767 328 791 377 in
807 328 866 378 aliis

48 393 83 440 Et
94 392 287 445 siemanilestnna
297 401 342 460 est,
348 398 413 461 qued
422 398 618 451 enimusensitiva
628 415 674 451 nnn
686 402 755 451 babet
765 402 867 465 aliquam

47 465 215 526 operationem
231 468 348 530 panuliam
362 483 405 533 per
419 470 534 534 seipsam,
551 472 591 521 sed
609 472 685 522 omnis
697 474 801 535 operatio
814 488 868 523 sen·

47 534 128 585 sitive
148 537 235 587 animae
251 543 287 589 est
301 540 432 603 wnjuneti.
454 544 488 591 Ex
503 556 548 605 qino
567 544 705 607 relinquitur
721 544 799 607 qnbd,
815 544 867 593 edm

47 607 136 658 animae
151 609 274 660 brutorum
293 612 431 662 animalium
444 626 488 677 per
505 628 529 664 se
544 628 591 665 nen
608 620 748 679 operentur,
760 630 807 665 non
820 616 868 666 sint

47 679 224 731 subsistentes:
238 682 343 733 similiter
356 684 423 733 enim
436 686 616 749 unumquodque
628 687 699 735 habel
708 700 760 734 ense
773 690 798 735 et
810 699 867 749 epe-

49 750 169 800 rationem
178 752 225 816 (1).

82 823 117 871 Ad
131 824 235 885 primum
248 838 304 886 erge
319 825 446 874 dicendum
450 862 460 888 ,
469 824 530 888 qnbd
543 826 626 887 bomo,
643 825 688 875 etsi
700 826 824 876 conueniat
842 826 868 875 in

49 906 137 953 genere
154 908 210 943 cnm
225 896 277 945 aliis
286 896 441 958 animalibus,
455 898 531 959 specie
541 902 618 947 tamen
633 897 719 947 differt.
732 898 867 948 Differentia

49 969 130 1014 auten
143 966 235 1029 speciei
245 968 374 1017 attenditur
393 968 523 1018 secundum
537 968 692 1018 differentiam
710 968 798 1019 ferme.
819 971 867 1019 Nee

52 1040 145 1095 Olim
156 1036 309 1100 subdemus
325 1039 460 1089 differentia
474 1039 555 1090 tornae
572 1039 646 1089 laebt
663 1040 756 1102 generis
773 1039 869 1091 diversi·
945 1042 949 1047 “

54 1109 133 1157 nen.
426 1151 431 1159 ,

83 1177 118 1226 ld
130 1180 261 1229 seeundum
271 1180 412 1243 dieendunn,
425 1180 486 1244 qnbd
499 1184 649 1231 seusitivum
662 1182 830 1246 quedammodo
842 1196 868 1233 se

50 1248 121 1299 babet
140 1251 173 1300 ad
188 1252 308 1302 sensibilia
322 1252 387 1303 sieut
403 1254 588 1303 intellectivam
606 1255 636 1305 ad
657 1254 825 1315 intelligibilia,
842 1252 868 1303 iu

49 1327 163 1380 qnantum
177 1322 268 1372 scilieet
277 1328 406 1387 utrumqne
416 1328 451 1374 est
463 1325 489 1373 in
496 1325 601 1389 potentia
612 1326 642 1374 nd
653 1338 696 1373 sna
709 1325 810 1387 objecta.
821 1324 867 1373 Sed

49 1393 222 1453 quodammode
237 1393 383 1444 dissimiliter
402 1408 429 1445 se
445 1396 546 1458 babent,
561 1396 712 1459 inquantum
731 1394 868 1443 sensitivum

51 1462 137 1523 patitur
156 1464 172 1512 a
192 1464 301 1514 sensibili
316 1478 374 1515 enm
392 1468 493 1529 eorporis
512 1468 685 1529 immutatione,
706 1466 769 1515 unde
791 1465 867 1514 excel·

52 1532 125 1583 lentia
136 1535 283 1586 sensibilium
301 1537 431 1600 corrumpit
445 1551 556 1601 sensum,
572 1540 634 1602 qnod
647 1538 673 1587 in
685 1538 804 1586 intellectu
820 1550 867 1585 non

52 1606 172 1668 contingit.
185 1608 246 1657 Nam
260 1608 398 1658 intellectus
413 1608 545 1673 intelligens
558 1609 657 1659 maxima
670 1605 865 1669 intelligibilium,

49 1678 124 1738 ¹2³3ss
139 1683 219 1741 1³⁰¹&
231 1682 381 1743 postmodum
395 1680 523 1744 intelligere
536 1682 631 1731 minere.
650 1680 676 1729 Si
689 1679 745 1729 verb
759 1678 785 1726 in
798 1676 867 1725 intel-

47 1749 139 1808 tieeudo
156 1751 272 1813 inligetur
284 1765 389 1815 eornm,
402 1752 448 1801 boe
466 1757 503 1803 ist
519 1766 560 1816 per
577 1753 697 1813 abcidens,
711 1751 737 1799 in
756 1752 867 1811 quantum

45 1820 182 1872 intellectus
197 1822 290 1885 indiget
304 1822 440 1887 operatione
452 1825 536 1874 uirium
548 1824 711 1874 sensitiusrnm
719 1858 728 1885 ,
745 1833 788 1883 per
803 1833 862 1881 quas

45 1893 68 1940 ei
81 1896 251 1955 phantasmata
259 1897 431 1957 preparentur.

76 1967 109 2013 Ad
128 1966 230 2014 tertium
246 1965 385 2027 dicendum,
406 1964 467 2027 qubd
482 1966 520 2015 uis
537 1964 622 2015 motiva
635 1968 671 2015 est
694 1961 781 2025 duplex
797 1975 803 2007 :
819 1972 866 2009 una

44 2049 95 2097 qne
105 2037 214 2101 imperat
228 2042 328 2099 metum,
339 2035 430 2086 scilieet
441 2038 583 2101 appetitiva,
598 2042 622 2085 et
637 2037 708 2099 hujus
720 2031 826 2111 operatio
838 2032 866 2079 in

45 2109 120 2158 anima
138 2109 259 2159 sensitiva
279 2122 327 2157 nen
339 2107 442 2157 estsine
462 2122 575 2171 corpore,
589 2108 678 2157 sedita
696 2111 721 2155 et
740 2104 865 2180 gandium,

45 2186 67 2228 et
79 2180 219 2245 hujusmodi
227 2179 359 2243 passiones,
371 2183 485 2230 sunteuin
493 2180 572 2243 aliqua
582 2178 685 2242 terporis
693 2176 865 2225 immutatione.

46 2252 92 2301 ,tlia
102 2253 141 2303 vis
153 2251 249 2301 motiva
264 2255 300 2301 est
312 2263 432 2314 exequens
441 2257 544 2313 uotum,
560 2264 601 2313 per
612 2262 683 2313 quam
695 2245 800 2296 membra
813 2244 866 2293 red-

47 2324 128 2374 duntur
141 2323 235 2374 habilia
251 2324 281 2372 ad
294 2322 451 2372 obediendum
464 2321 593 2387 appetitui3
608 2320 677 2383 enjus
692 2321 759 2367 aetus
772 2327 819 2363 non
832 2318 868 2363 est

49 2408 135 2445 menese
146 2432 157 2458 ,
168 2396 212 2444 sed
229 2394 330 2443 moveri.
344 2394 410 2443 Unde
427 2398 490 2456 patet
501 2391 564 2456 qnbd
580 2404 673 2440 movete
688 2400 739 2439 non
753 2388 789 2435 est
801 2387 867 2433 aetus

48 2466 126 2517 anius
142 2465 266 2516 sensitive
279 2465 331 2514 sine
344 2477 449 2528 corpore.
514 2490 517 2498 ν

77 2583 107 2647 tl)
122 2586 194 2631 Unde
210 2584 334 2641 vulgatum
348 2583 405 2629 illud
420 2581 608 2637 Philosopbienm
620 2580 732 2633 Axioma,
749 2569 865 2642 Operatio

45 2651 157 2703 seqnitur
177 2660 246 2698 esse:
260 2658 310 2690 nnn
323 2646 415 2690 tantbm
432 2657 460 2689 eo
475 2656 549 2689 sensu
567 2644 629 2698 qnod
643 2644 675 2686 sit
692 2639 806 2703 operatio·
814 2643 869 2687 pos·

46 2714 114 2754 ‘⁰⁶⁰‘
129 2711 204 2767 ‘luam
220 2710 302 2764 ipsum
317 2720 382 2757 0⁸⁸⁶,
397 2707 438 2753 sed
451 2707 508 2763 quia
525 2704 626 2761 quedam
642 2702 712 2749 modu
727 2694 868 2741 assimilatur

47 2774 66 2813 ei
77 2775 113 2817 sel
125 2774 236 2817 innitatur
246 2770 314 2829 illud,
324 2782 355 2816 eo
365 2782 437 2815 seusu
448 2781 496 2827 qne
506 2768 574 2823 sequi
582 2799 589 2827 ,
598 2773 667 2822 prout
676 2758 796 2809 interdum
807 2753 867 2797 eecl-

48 2836 113 2895 pitnr,
130 2835 222 2880 imitari
236 2837 285 2879 est.
