1984 3309
32 5 288 16 -f-U———ss-m

243 201 277 240 Μ
292 201 451 243 cumdum
465 203 622 245 munuum.
789 197 835 244 Μ

44 276 136 340 cognitio
150 276 305 329 conclusionis
317 279 431 343 dependet
443 293 474 332 ex
485 280 592 332 omnihus
610 279 692 332 mediis
704 283 836 345 proceden-

43 351 109 413 tibus,
123 363 169 401 non
183 348 257 400 sotium
271 355 381 414 quantum
393 353 423 402 ud
434 365 520 402 nomm
530 352 702 418 acquisitionem
718 353 833 417 mentio,

43 423 76 471 sed
86 422 154 472 etiam
163 425 275 485 quantum
287 422 317 472 ad
328 423 431 476 scientim
443 425 647 476 conservationem.
660 425 730 490 Cujus
743 426 835 490 signum

43 498 82 555 cst,
96 492 154 556 qudd
166 492 186 544 si
200 493 253 557 quis
263 493 438 546 ,obhvisceretur
450 495 542 558 aliquod
557 496 734 559 precedentium
750 497 837 550 medio·

43 580 91 628 mm,
102 565 234 630 opinionem
243 565 336 629 quidem
343 567 380 616 nel
388 567 456 616 tidem
463 567 493 617 de
501 567 644 618 conclusione
654 572 730 632 posset
740 568 834 630 hahere,

43 639 132 688 sednon
146 637 280 706 scientiam,
292 637 371 688 urdine
382 651 502 688 causarum
517 638 629 702 ignorato.
647 638 768 704 sicigitur
782 639 836 692 edm

43 708 153 759 inrioriores
170 709 247 772 angeli
263 708 375 759 rationem
389 710 517 761 divinorum
532 724 625 774 operum
641 716 779 774 cognoscant
795 726 837 776 per

43 781 110 830 toronen
125 780 270 845 superiorum
288 782 437 846 angelorum,
456 781 570 846 dependet
591 796 669 835 eorum
686 783 785 847 cognitio
807 798 836 834 ex

43 852 118 903 donnino
131 852 284 917 superiorum,
296 866 343 905 uon
359 851 433 904 solon
444 855 554 917 quantum
569 855 598 904 sd
609 866 691 904 novum
704 854 836 918 copositio-

43 938 90 973 oem
104 925 217 987 scientis,
232 925 273 974 sed
288 923 359 983 etiam
372 928 482 988 quantum
493 925 522 976 ad
535 924 670 988 cognitionis
681 927 837 980 mnsemslio-

43 1010 98 1046 nem.
109 996 172 1049 Licet
185 999 312 1060 ergopcst
319 996 432 1060 iudicium
442 1010 489 1048 non
499 997 619 1061 proliciunt
628 997 748 1050 interiores
761 999 837 1062 augeli

41 1067 62 1115 in
79 1068 205 1132 cognitione
220 1067 347 1131 adquorum
361 1081 447 1132 rerum,
457 1082 504 1120 non
515 1073 592 1119 tumen
604 1073 696 1134 propter
706 1071 750 1120 noc
761 1071 837 1122 exolu-

40 1138 96 1188 ditur
105 1140 160 1204 puin
171 1139 350 1204 'asuperioricus
363 1140 528 1199 illuminentur.

69 1211 101 1260 sid
113 1211 204 1265 tertium
219 1211 357 1275 dicendum,
368 1211 429 1276 qudd
444 1211 488 1276 etsi
499 1215 551 1276 post
564 1212 624 1265 diem
636 1211 718 1276 judicii
731 1213 836 1264 homines

40 1296 83 1330 non
100 1283 144 1335 sint
161 1281 261 1334 ulterids
273 1284 302 1333 ad
320 1284 417 1334 salutern
429 1283 555 1334 adducendi
573 1297 614 1348 per
629 1283 781 1339 ministerium
797 1298 837 1338 sn-

40 1355 146 1418 mmmm,
156 1359 235 1407 umen
247 1354 282 1404 illi
294 1354 335 1419 qui
343 1355 391 1418 inno
403 1355 503 1408 sulutem
515 1360 581 1406 erunt
593 1356 725 1418 muscenti,
737 1354 836 1418 aliquem

40 1425 204 1480 concenationem
220 1425 339 1479 habebunt
348 1441 391 1491 per
404 1427 535 1489 ungulorum
547 1427 631 1478 cilicia.

319 1571 477 1624 inmundus
490 1573 547 1624 llll.

98 1679 181 1724 Uirium
196 1678 304 1723 domines
313 1683 468 1724 assumuntur
478 1679 510 1723 ud
520 1677 615 1732 ordines
624 1679 772 1736 uncelenum.

66 1786 100 1836 nd
117 1791 223 1839 mmsum
236 1787 271 1840 sic
288 1787 418 1852 procuditur
429 1789 474 1851 (t).
488 1787 583 1838 Videtur
595 1787 656 1852 pudd
669 1787 774 1838 homines
789 1799 836 1838 non

39 1863 174 1908 :cssormsntnr
192 1860 222 1909 nd
239 1859 334 1909 ordines
351 1860 492 1922 angelorum.
508 1859 640 1910 Hiererclria
656 1859 718 1911 euim
738 1860 837 1908 humanu

38 1928 160 1982 continetur
173 1932 216 1982 sui)
230 1930 311 1981 infima
328 1929 508 1987 hierarchisrum
520 1929 661 1993 scelestium,
678 1931 737 1980 sicut
759 1929 837 1980 intima

38 2001 77 2047 son
90 2003 177 2064 medin,
188 2006 212 2054 et
223 2003 300 2054 medin
313 2003 356 2056 suto
366 2003 449 2066 prims.
461 2003 505 2055 Sed
519 2003 595 2066 angeli
606 2002 690 2054 intime
701 2000 836 2052 hierarchis

38 2085 148 2134 nonnosum
162 2075 329 2127 transterontur
339 2074 365 2129 iu
380 2075 479 2131 medion
491 2077 529 2124 aut
541 2073 565 2124 in
576 2073 681 2137 primum.
692 2075 752 2136 Ergo
763 2085 837 2135 neque

39 2143 138 2199 insomnes
151 2147 318 2203 musteronmr
335 2146 365 2196 sd
378 2145 471 2196 ordines
487 2146 628 2208 angelorum

67 2222 89 2264 Ξ.
105 2218 364 2280 cremonensibus
378 2219 510 2282 augelorum
526 2217 600 2279 aliquo
618 2215 693 2268 cilicia
708 2217 838 2278 competunt

40 2286 133 2350 (utpote
144 2290 279 2353 custudire,
294 2290 402 2342 miracola
416 2289 507 2351 iacere,
520 2289 634 2338 demones
645 2298 739 2348 eruere,
754 2291 779 2336 et
792 2287 836 2336 hu-

42 2357 132 2413 iusmodi
140 2362 166 2425 ),
179 2376 231 2426 qnae
249 2374 295 2412 non
308 2361 414 2411 uidentur
425 2359 548 2410 conuenire
564 2357 684 2410 animatos
696 2360 834 2412 munierum.

41 2430 92 2492 lngo
105 2446 153 2484 non
167 2435 335 2488 consternatur
344 2434 374 2482 ud
387 2433 480 2485 ordines
490 2431 632 2493 angelorum.

68 2507 89 2552 3.
109 2507 240 2566 Praetereo,
259 2504 319 2555 sicut
341 2504 396 2554 boni
416 2502 491 2568 augeli
508 2501 618 2552 inducunt
638 2501 667 2552 nd
687 2500 785 2563 bonosus,
806 2501 838 2552 its

42 2571 151 2626 demones
161 2576 273 2629 inducunt
285 2576 315 2626 sd
328 2575 421 2626 molum.
437 2575 482 2625 Sed
496 2585 617 2626 erroneum
632 2577 667 2624 est
684 2571 758 2624 dicere
776 2571 837 2636 qndd

42 2646 115 2698 :nnimsc
126 2647 246 2700 hominum
256 2647 365 2698 malorum
379 2650 539 2697 convertantur
547 2645 572 2696 in
582 2647 696 2696 demones
704 2665 713 2704 c
721 2645 765 2696 hcc
775 2643 837 2694 enim

42 2717 209 2779 corp-sonorius
222 2718 328 2784 reprobos
342 2733 419 2782 super
433 2721 525 2770 Mattio.
539 2719 597 2780 Ergo
612 2717 761 2768 concidetur
777 2713 837 2778 qudd

43 2789 115 2840 :nonme
129 2794 263 2841 sanctorum
277 2789 441 2842 transferentur
455 2791 484 2840 nd
495 2789 588 2840 ordines
601 2789 742 2852 ongelcmm

72 2932 101 2994 il)
115 2939 148 2986 lle
161 2937 198 2983 his
210 2938 283 2985 elium
293 2938 317 2984 in
327 2939 366 2998 ΙΙ,
376 2936 455 2987 slot„
468 2936 523 2986 dist.
535 2934 564 2995 9,
579 2941 622 2984 nrt.
635 2935 659 2980 8.
