1984 3309
187 144 218 179 οε
234 142 289 179 urus
305 140 359 179 srva
375 141 479 181 rnuuuo
495 141 677 181 anonumaurs.
788 135 833 180 tlt

34 222 152 283 menum,
166 217 269 269 attribuit
288 217 381 282 imagini
398 220 446 269 liei.
467 219 524 270 iisse
543 232 596 282 erpo
612 221 641 269 ad
653 218 778 283 mairem
791 221 833 272 llei

35 290 133 355 pertinet
147 288 222 341 solim
230 290 268 341 aad
281 294 389 341 mentem

66 364 230 429 (corausto.
251 388 282 401 -
298 363 479 413 communicatur
494 364 583 414 nummi
598 365 638 415 llei
656 364 779 416 similitudo
792 380 834 431 per

34 436 125 486 nodum
141 434 250 499 imaginis
268 434 392 485 munuum
410 439 511 486 mentem
524 435 628 499 tuntdur3
640 436 765 487 seeundum
778 438 834 490 alias

34 506 86 557 verd
106 507 160 572 ejus
172 509 261 571 partes,
275 520 316 571 per
330 508 421 557 modum
439 507 545 571 vestigii,
556 507 617 559 deut
629 512 652 559 et
667 508 755 559 ueteris
769 524 835 562 erea-

35 579 115 644 turis.)
350 578 363 613 ·'

63 650 350 716 aspendonensium,
365 650 424 715 quod
443 650 494 703 edun
508 651 533 701 in
553 651 659 703 omnibus
678 654 787 704 suturis
804 656 834 705 sit

35 722 138 787 aliqualis
157 722 200 773 Ilei
216 720 354 784 similitudo,
372 724 398 772 in
415 724 461 775 sola
483 728 585 774 ereatura
598 724 705 775 rationali
720 725 835 780 iuvenitur

35 794 159 846 similitudo
175 795 217 845 llei
233 810 280 859 per
294 794 400 843 modum
417 797 555 861 imoqa'nie,
573 801 600 847 ut
613 796 681 861 sopri
699 797 784 848 dietum
801 802 835 849 est

37 868 109 930 (arti
124 871 149 917 et
158 868 201 931 2);
215 866 300 916 inullis
309 868 384 915 autem
398 868 508 919 oraturis
517 882 564 933 per·
572 871 675 919 neudum
686 872 798 934 ueettpia'.
808 872 833 921 ld

37 942 111 989 uuum
125 940 151 989 in
166 952 213 1003 quo
226 942 327 989 oestura
341 938 457 990 rationulis
477 940 567 991 excedit
584 940 640 990 alias
656 945 784 1004 uenturas,
800 945 836 992 est

36 1012 165 1063 intellectus
180 1012 231 1061 siae
245 1023 320 1061 mens.
336 1012 400 1061 Unde
411 1010 548 1076 relinquitur
561 1010 622 1076 quod
632 1025 676 1063 nee
691 1013 716 1063 iu
734 1013 785 1076 ipsa
798 1026 834 1063 ra-

38 1084 116 1135 lionali
128 1088 234 1135 ereatura
252 1082 420 1134 inveniturllei
431 1084 521 1148 imago,
531 1085 578 1134 nisi
588 1084 712 1143 seeundum
725 1088 833 1136 menore.

37 1157 61 1205 lu
70 1155 122 1208 aliis
130 1156 213 1207 aeriam
224 1154 334 1220 partibus,
347 1155 367 1205 si
378 1168 434 1219 quas
445 1157 514 1206 iudet
525 1156 640 1207 rutionulis
651 1148 761 1220 ereatura,
771 1157 836 1208 iure·

37 1228 95 1278 nitur
116 1228 244 1280 similitudo
263 1226 374 1291 vestigii:
391 1227 449 1279 sieut
469 1232 491 1278 et
511 1228 537 1279 in
554 1228 644 1279 ceteris
659 1227 743 1293 rebus,
756 1229 837 1293 quitus

37 1300 161 1351 secundum
172 1303 250 1365 partes
262 1299 395 1364 hujusmodi
407 1299 552 1351 assimilatur.
567 1301 639 1365 Cujus
648 1302 705 1352 ratio
715 1301 835 1353 manifeste

37 1373 140 1437 cognomi
154 1375 248 1437 potest,
264 1372 284 1421 si
299 1373 427 1429 attendatur
442 1372 523 1423 modus
536 1385 582 1436 quo
595 1375 745 1436 repraesentat
759 1376 836 1422 veeti-

36 1446 119 1507 piam,
134 1448 161 1494 et
179 1458 225 1507 quo
246 1446 393 1507 repraesentat
413 1446 508 1509 imapo.
523 1446 600 1507 lunago
613 1444 675 1494 eninr
692 1447 838 1507 repraesentat

36 1517 162 1568 soundiun
177 1515 350 1567 similitudinem
361 1516 458 1580 speciei,
472 1520 497 1566 ut
511 1516 594 1566 dietum
606 1518 644 1568 est
655 1516 712 1580 tart.
727 1512 770 1577 t);
784 1528 836 1565 ues-

35 1591 115 1655 tigium
129 1591 209 1639 autem
219 1590 366 1653 repraesentat
377 1601 418 1653 per
432 1588 523 1639 modum
535 1588 643 1650 eftectus,
654 1587 694 1651 qui
707 1586 741 1637 sie
752 1600 837 1651 repra-

33 1667 108 1715 seutat
122 1674 190 1715 suern
200 1672 292 1711 caussam
300 1698 307 1724 ‚
316 1660 376 1725 quod
387 1663 464 1711 tauron
475 1661 504 1711 ud
512 1659 598 1724 speciei
608 1659 779 1711 similitudinem
792 1673 837 1711 non

33 1734 151 1800 pertingit.
166 1732 331 1797 impressiones
350 1732 410 1782 euim
430 1746 480 1796 quan
495 1745 525 1783 en
547 1736 610 1782 motu
624 1731 755 1782 animalium
771 1732 838 1783 relin-
879 1783 881 1790 ,

33 1813 148 1873 quantur,
165 1806 272 1857 deantur
284 1804 392 1869 vestigia,
406 1808 429 1857 et
443 1804 546 1855 similiter
557 1804 617 1854 cinis
624 1804 707 1855 dieitur
716 1804 837 1868 uestigium

34 1881 107 1946 ignis,
121 1884 147 1932 et
164 1878 278 1931 desolatio
291 1882 365 1934 terre,
379 1876 504 1941 vestigium
519 1877 610 1927 hostilis
624 1876 745 1927 exereitus.
760 1877 839 1927 Potest

33 1967 84 2017 ergo
98 1950 239 2017 hujusmodi
250 1948 377 2000 differentia
388 1948 474 2000 attendi
487 1948 547 1999 inter
558 1952 671 1999 uesturas
680 1948 802 1998 mlionales
815 1953 840 1999 et

34 2026 86 2076 alias
100 2026 236 2085 uetares,
252 2024 276 2072 et
288 2024 400 2087 quantum
413 2022 441 2073 ad
456 2022 501 2071 hoe
513 2020 573 2084 quon
584 2020 609 2070 in
620 2020 728 2071 creaturis
741 2019 839 2069 rationa-

35 2099 89 2148 libus
107 2097 291 2161 representatur
301 2092 425 2143 similitudo
440 2093 521 2143 divine
531 2096 633 2155 naturae,
650 2096 674 2142 et
687 2094 798 2155 quanm
810 2091 839 2141 ad

35 2172 74 2221 toa
89 2168 153 2235 quod
167 2167 194 2216 in
210 2164 246 2217 eis
260 2166 438 2229 representatur
451 2163 573 2215 similitudo
589 2163 709 2215 Trinitatis
721 2161 837 2213 inurente.

34 2244 87 2293 Nam
101 2243 220 2307 quantum
232 2240 260 2289 ad
270 2236 441 2289 similitudinem
452 2236 636 2287 diviua-natura
648 2234 761 2301 pertinet,
776 2245 840 2285 erea-

35 2320 87 2365 turae
112 2313 243 2364 rationales
258 2310 364 2361 videntur
382 2310 548 2373 quodammodo
569 2310 598 2358 ad
617 2307 839 2373 repraesentationem

35 2386 119 2449 speciei
132 2384 281 2451 pertingere,
292 2382 317 2432 in
327 2384 437 2446 quantum
452 2380 572 2451 innituntur
581 2381 653 2430 Deum
668 2393 715 2429 non
727 2377 801 2429 solium
815 2379 840 2429 iu

35 2459 74 2509 troo
86 2458 150 2523 qnod
159 2460 198 2508 est
207 2459 231 2505 et
243 2454 315 2518 uiuit,
325 2454 365 2505 sed
375 2452 444 2514 etiam
453 2453 479 2502 iu
488 2454 532 2503 hoe
544 2451 726 2517 quddintelligit,
735 2455 761 2502 ut
770 2452 840 2517 supra

34 2531 118 2581 «lictum
132 2532 171 2581 est
189 2528 198 2594 (
205 2531 248 2577 art.
263 2526 302 2591 2).
318 2526 373 2577 tliae
383 2525 439 2576 uero
454 2529 564 2576 creaturus
582 2538 627 2575 non
641 2524 786 2587 intelligunt,
800 2526 840 2575 sed

35 2606 128 2668 apparet
147 2602 229 2653 ineis
245 2593 359 2663 quoddam
371 2598 491 2662 uestigium
505 2598 633 2648 intellectis
646 2596 806 2661 prnduoentis,
821 2597 841 2646 si

35 2689 110 2726 earum
128 2672 254 2740 dispositio
268 2672 431 2723 consideretur.
442 2670 553 2721 Similiter
562 2669 614 2719 edun
627 2670 727 2719 increata
743 2668 841 2719 Trinitas

35 2746 190 2811 distinguatur
200 2742 328 2797 secundino
338 2742 509 2807 processionem
517 2741 715 2805 Verbi-adieente,
723 2745 748 2791 et
757 2739 841 2790 amoris

37 2820 64 2867 ab
78 2825 186 2884 utroque,
196 2821 225 2869 ul
237 2815 306 2881 supri
314 2816 418 2865 habitum
432 2818 466 2865 est
476 2815 526 2879 (qu.
537 2817 580 2876 ts,
592 2818 635 2864 art.
647 2814 684 2877 l),
698 2814 723 2863 iar
738 2815 841 2863 ereatura

38 2891 155 2956 rationali,
164 2891 190 2941 in
201 2904 248 2955 qua
262 2888 380 2941 invenitur
394 2887 512 2951 processio
524 2885 593 2938 Verbi
605 2885 729 2938 woundirur
739 2884 840 2935 intellec-
