1984 3309
169 210 202 249 ns
216 210 380 251 raconcnsons
396 212 513 253 maronis
528 214 597 255 εειιι
611 214 720 255 mnis.
801 206 848 254 ιιι

66 288 103 339 nel
123 287 253 339 seminum
270 289 403 354 dicendum,
419 291 479 355 quod
492 293 596 356 quamvis
612 308 694 359 corpus
708 293 799 345 cmicsto
817 294 847 345 sit

33 360 177 425 simpliciter
191 360 290 411 nobilius
304 363 405 415 terrestri
417 376 521 428 corpote,
533 369 609 416 tamen
618 371 729 430 qnantum
740 368 769 417 ad
782 372 847 417 actus

33 434 120 485 animm
138 431 260 483 rationalis
271 439 306 484 εει
318 433 394 484 minin
407 437 556 486 conveniens.
571 438 628 487 Nam
641 439 717 488 anima
731 439 848 491 ratisratis

33 504 120 568 accipit
144 503 253 555 notitiam
276 506 379 555 veritatis
396 508 560 569 quodammodo
582 523 622 573 per
640 522 734 573 sensns,
751 522 847 575 quorum

32 589 122 637 organa
140 574 239 625 formari
254 589 300 626 non
318 581 414 641 possunt
427 592 454 628 ex
466 592 560 643 corpore
575 582 677 644 coelcstt,
692 580 744 631 ciam
762 581 793 633 sit
804 580 846 631 im·

33 647 156 709 passibile.
168 648 218 697 Nec
230 650 354 699 estvcrum
364 650 523 714 quodquidam
534 652 622 715 dinoot,
632 653 717 718 aliquid
727 654 755 704 dc
766 654 848 717 quinta

33 718 136 769 essentia
152 718 305 769 materialiter
319 720 347 769 ad
361 721 549 784 compositionem
564 724 655 773 hermani
666 724 767 788 corporis
778 727 845 776 adre-
883 749 892 757 ·

33 792 95 854 nire,
115 794 234 856 ponentes
251 789 351 841 animam
366 792 428 841 uniri
439 793 528 857 corpori
543 794 657 847 mediante
670 797 767 859 pomam
784 796 844 849 lnce.

34 864 110 913 t‘rimn
120 863 188 915 enim
198 862 281 913 salsum
291 867 325 913 est
335 865 394 927 quon
402 860 492 925 dicant,
503 866 577 915 iucem
584 880 635 917 esse
645 880 737 931 corpus
747 869 846 920 meando

35 933 89 983 nerii
104 933 254 1000 impossibile
269 938 305 983 εει
315 932 400 999 aliquid
414 936 442 985 dc
453 936 534 1000 quinta
548 937 648 987 essentia
663 939 699 988 εει
712 939 740 988 dc
752 952 846 1002 corpore

38 1006 126 1057 caelesti
140 1004 231 1065 dividi,
244 1006 282 1055 vel
298 1006 415 1057 elementis
428 1007 673 1072 permisceri,pmpter
688 1009 786 1060 nonestis
797 1020 846 1060 ccr-

39 1076 324 1143 porisimpassihititatcm
338 1092 344 1126 :
358 1078 417 1127 undo
428 1090 475 1129 non
483 1078 547 1129 venit
554 1079 579 1127 in
594 1079 782 1143 compositionem
792 1079 846 1131 mis·

37 1153 107 1200 tornm
123 1161 260 1214 corporum,
276 1148 320 1199 nisi
333 1148 458 1199 secontiam
471 1164 518 1200 sum
528 1150 739 1202 rirtntisetiectnm.

66 1224 99 1272 ‚td
116 1221 217 1272 tertium
232 1220 352 1271 dicendum
359 1256 368 1283 ‚
381 1220 440 1284 qaod
454 1222 475 1271 si
487 1222 547 1284 ignis
560 1226 585 1275 ει
599 1235 647 1285 aer,
660 1237 712 1286 occ
730 1228 785 1275 sunt
798 1238 846 1275 ma-

33 1292 86 1351 joris
100 1292 202 1343 virtutis
215 1291 241 1341 in
255 1292 357 1354 agendo,
368 1291 434 1343 etiam
448 1289 573 1343 secundnm
582 1294 734 1357 εεεειιιειειε
746 1294 771 1345 in
783 1309 846 1346 com·

35 1366 146 1425 positione
157 1363 259 1415 harnani
267 1364 369 1427 corporis
382 1364 537 1429 abundarent,
548 1365 641 1416 omnino
655 1367 683 1417 ad
692 1378 718 1417 εε
729 1368 845 1418 trahemnt

34 1436 86 1498 alin,
98 1442 125 1489 ct
144 1450 196 1489 non
210 1438 289 1501 posset
305 1434 355 1485 tieri
366 1436 482 1499 equalitas
495 1435 672 1499 commistionis,
687 1450 738 1500 qno
751 1442 788 1489 εει
800 1448 843 1488 ns·
860 1440 863 1445 ’

35 1511 136 1560 cessaria
151 1509 180 1559 in
191 1506 359 1571 compositione
374 1508 475 1559 hominis
490 1508 653 1559 otiositatem
666 1522 748 1560 mneos
761 1513 843 1573 tactas,

34 1582 68 1642 qui
80 1585 119 1632 εει
131 1579 314 1631 tundamentum
326 1591 435 1629 sensuum
446 1580 550 1632 alienun.
561 1581 656 1645 Oportet
664 1582 726 1631 caim
736 1593 844 1644 organum

33 1655 158 1717 cujuslibet
170 1664 257 1703 sensim
265 1662 312 1701 non
321 1650 410 1713 trabem
418 1652 443 1703 in
455 1656 508 1703 actu
519 1651 647 1716 mairana,
657 1665 753 1717 quornm
764 1665 845 1704 scasas

33 1732 63 1775 εει
77 1723 253 1791 perceptivos3
270 1723 349 1773 sedin
363 1723 465 1787 potentia
479 1723 576 1787 tantiam,
588 1725 625 1776 rel
639 1725 671 1775 ita
679 1726 740 1787 qnod
750 1725 844 1777 omnino

34 1804 104 1848 careat
118 1802 173 1849 toto
184 1808 271 1860 genero
285 1794 461 1859 contrariorum,
477 1796 536 1847 sion
548 1796 635 1861 popilio
647 1800 710 1847 caret
722 1798 805 1859 colore,
818 1803 843 1849 ει

34 1870 97 1919 sitin
112 1867 224 1935 potentia
238 1867 268 1917 ad
281 1879 362 1917 omnes
382 1868 467 1917 ociores
481 1868 559 1931 (qnod
572 1867 596 1917 in
610 1881 695 1931 organo
710 1872 783 1918 tactos
798 1880 844 1920 non

34 1949 76 1991 arat
91 1939 223 2008 possibile,
236 1938 288 1988 cnm
302 1938 333 1988 sit
346 1939 497 2002 compositum
511 1954 540 1989 cx
549 1940 669 1990 clementis
682 1952 778 2003 qnorum
786 1954 842 2004 onc-

34 2013 105 2065 litates
115 2010 222 2079 percipit
232 2009 325 2073 tactus).
341 2009 383 2059 Vol
395 2010 427 2061 ita
441 2012 502 2073 qood
512 2024 622 2074 ormnem
632 2011 662 2062 sit
670 2011 772 2061 medinm
783 2011 844 2061 inter

35 2087 159 2149 contraria,
173 2086 203 2133 nt
216 2094 311 2133 neccsse
324 2085 359 2132 est
371 2082 395 2131 in
408 2085 470 2133 tactu
483 2084 587 2134 accidere
602 2100 608 2132 :
621 2083 720 2134 medium
733 2083 795 2133 enim
807 2089 844 2134 εει

35 2157 179 2223 inpotentia
194 2156 223 2206 ad
240 2158 349 2205 extrema.

63 2232 95 2281 sd
114 2231 229 2293 quartem
250 2225 384 2287 dicendum,
402 2222 462 2288 qood
480 2225 506 2275 io
524 2226 579 2277 liram
594 2230 659 2277 cena
677 2230 713 2276 εει
729 2230 803 2290 terra,
820 2231 844 2278 et

35 2313 88 2363 apua
100 2298 270 2363 conglutinans
287 2302 363 2361 partes
380 2300 446 2349 terrm
461 2302 485 2348 ει
500 2312 574 2362 apoc.
585 2301 617 2349 [ιε
636 2298 687 2348 aliis
703 2303 778 2350 autem
797 2301 843 2351 etc·
903 2366 908 2371 ¹

36 2374 115 2423 mentis
128 2372 255 2434 Scriptura
268 2370 409 2426 mentionem
425 2383 471 2419 non
482 2371 547 2433 iecit3
559 2374 607 2419 tum
620 2370 674 2434 qnia
687 2370 762 2421 mincis
770 2373 844 2422 atun-

36 2443 85 2494 nant
106 2440 240 2495 secundiani
260 2440 412 2504 quantitatem
431 2441 455 2491 in
474 2454 569 2505 corpore
587 2442 699 2506 nominis,
714 2446 740 2491 nt
758 2442 843 2494 dictnnr

37 2521 84 2578 εει;
99 2522 150 2567 tnm
170 2513 244 2565 etiam
263 2511 316 2575 quia
331 2512 355 2561 in
375 2517 422 2563 tota
437 2526 513 2563 rerum
528 2514 693 2577 productione,
708 2515 737 2564 ic
754 2515 808 2578 igne
821 2522 843 2566 ct

38 2598 92 2648 aere,
108 2600 161 2651 qnae
176 2598 249 2636 sensu
261 2596 307 2633 non
318 2583 505 2648 percipiuntura
521 2584 624 2647 rudibus,
641 2585 781 2637 mentionem
796 2600 842 2637 non

38 2656 85 2707 tecit
98 2658 239 2722 Scriptura,
252 2667 304 2719 qna
315 2655 366 2705 rodi
379 2656 464 2719 populo
473 2657 613 2707 transeatur.
