<?xml version="1.0" encoding="UTF-8"?>
<!DOCTYPE html PUBLIC "-//W3C//DTD XHTML 1.0 Transitional//EN"
    "http://www.w3.org/TR/xhtml1/DTD/xhtml1-transitional.dtd">
<html xmlns="http://www.w3.org/1999/xhtml" xml:lang="en" lang="en">
 <head>
  <title>
</title>
<meta http-equiv="Content-Type" content="text/html;charset=utf-8" />
  <meta name='ocr-system' content='tesseract 3.04.00' />
  <meta name='ocr-capabilities' content='ocr_page ocr_carea ocr_par ocr_line ocrx_word'/>
</head>
<body>
  <div class='ocr_page' id='page_1' title='image "./summatheologica00nicogoog_0267.png"; bbox 0 0 1984 3309; ppageno 0'>
   <div class='ocr_carea' id='block_1_1' title="bbox 138 200 987 1141">
    <p class='ocr_par' dir='ltr' id='par_1_1' title="bbox 138 200 987 1141">
     <span class='ocr_line' id='line_1_1' title="bbox 138 200 781 256; baseline 0.006 -17"><span class='ocrx_word' id='word_1_1' title='bbox 138 200 190 247; x_wconf 71' lang='lat' dir='ltr'><strong>⁴add</strong></span> <span class='ocrx_word' id='word_1_2' title='bbox 315 206 377 245; x_wconf 78' lang='lat' dir='ltr'><strong>unns</strong></span> <span class='ocrx_word' id='word_1_3' title='bbox 389 206 413 256; x_wconf 87' lang='lat' dir='ltr'><strong>r,</strong></span> <span class='ocrx_word' id='word_1_4' title='bbox 426 204 519 251; x_wconf 74' lang='lat' dir='ltr'><strong>oum.</strong></span> <span class='ocrx_word' id='word_1_5' title='bbox 536 204 640 254; x_wconf 75' lang='lat' dir='ltr'><strong>numu,</strong></span> <span class='ocrx_word' id='word_1_6' title='bbox 657 204 712 245; x_wconf 76' lang='lat' dir='ltr'><strong>tur.</strong></span> <span class='ocrx_word' id='word_1_7' title='bbox 728 204 781 243; x_wconf 83' lang='lat' dir='ltr'><strong>vutc</strong></span> 
     </span>
     <span class='ocr_line' id='line_1_2' title="bbox 144 274 986 359; baseline 0.01 -25"><span class='ocrx_word' id='word_1_8' title='bbox 144 285 219 351; x_wconf 67' lang='lat' dir='ltr'><strong>nnn</strong></span> <span class='ocrx_word' id='word_1_9' title='bbox 237 284 280 335; x_wconf 73' lang='lat' dir='ltr'><strong>ana</strong></span> <span class='ocrx_word' id='word_1_10' title='bbox 297 282 445 335; x_wconf 73' lang='lat' dir='ltr'><strong>emmone</strong></span> <span class='ocrx_word' id='word_1_11' title='bbox 461 281 610 347; x_wconf 60' lang='lat' dir='ltr'><strong>manuum,</strong></span> <span class='ocrx_word' id='word_1_12' title='bbox 626 281 685 331; x_wconf 74' lang='lat' dir='ltr'><strong>saur</strong></span> <span class='ocrx_word' id='word_1_13' title='bbox 705 282 794 347; x_wconf 70' lang='lat' dir='ltr'><strong>nmen</strong></span> <span class='ocrx_word' id='word_1_14' title='bbox 808 284 962 342; x_wconf 68' lang='lat' dir='ltr'><strong>aneriacum</strong></span> <span class='ocrx_word' id='word_1_15' title='bbox 985 274 986 359; x_wconf 76' lang='lat' dir='ltr'><strong>l</strong></span> 
     </span>
     <span class='ocr_line' id='line_1_3' title="bbox 176 352 986 420; baseline 0.007 -13"><span class='ocrx_word' id='word_1_16' title='bbox 176 358 210 408; x_wconf 85' lang='lat' dir='ltr'><strong>hd</strong></span> <span class='ocrx_word' id='word_1_17' title='bbox 222 357 313 407; x_wconf 86' lang='lat' dir='ltr'><strong>tertium</strong></span> <span class='ocrx_word' id='word_1_18' title='bbox 330 355 463 419; x_wconf 84' lang='lat' dir='ltr'><strong>dicendum,</strong></span> <span class='ocrx_word' id='word_1_19' title='bbox 478 354 539 420; x_wconf 85' lang='lat' dir='ltr'><strong>qnhd</strong></span> <span class='ocrx_word' id='word_1_20' title='bbox 551 352 697 417; x_wconf 89' lang='lat' dir='ltr'><strong>incorporea,</strong></span> <span class='ocrx_word' id='word_1_21' title='bbox 711 368 808 418; x_wconf 81' lang='lat' dir='ltr'><strong>qnorum</strong></span> <span class='ocrx_word' id='word_1_22' title='bbox 830 372 882 409; x_wconf 89' lang='lat' dir='ltr'><strong>non</strong></span> <span class='ocrx_word' id='word_1_23' title='bbox 908 370 964 413; x_wconf 87' lang='lat' dir='ltr'><strong>suut</strong></span> <span class='ocrx_word' id='word_1_24' title='bbox 985 376 986 385; x_wconf 56' lang='lat'>¹</span> 
     </span>
     <span class='ocr_line' id='line_1_4' title="bbox 143 427 963 496; baseline 0.006 -16"><span class='ocrx_word' id='word_1_25' title='bbox 143 432 315 496; x_wconf 70' lang='lat' dir='ltr'><strong>phantasmata,</strong></span> <span class='ocrx_word' id='word_1_26' title='bbox 334 432 502 493; x_wconf 78' lang='lat' dir='ltr'><strong>cognoscuntur</strong></span> <span class='ocrx_word' id='word_1_27' title='bbox 525 428 538 479; x_wconf 81' lang='lat' dir='ltr'><strong>l</strong></span> <span class='ocrx_word' id='word_1_28' title='bbox 558 427 623 479; x_wconf 85' lang='lat' dir='ltr'><strong>nohis</strong></span> <span class='ocrx_word' id='word_1_29' title='bbox 645 440 686 491; x_wconf 88' lang='lat' dir='ltr'><strong>per</strong></span> <span class='ocrx_word' id='word_1_30' title='bbox 704 432 914 493; x_wconf 73' lang='lat' dir='ltr'><strong>comparationem</strong></span> <span class='ocrx_word' id='word_1_31' title='bbox 938 440 963 487; x_wconf 88' lang='lat' dir='ltr'><strong>ad</strong></span> 
     </span>
     <span class='ocr_line' id='line_1_5' title="bbox 144 500 962 567; baseline 0.009 -14"><span class='ocrx_word' id='word_1_32' title='bbox 144 515 240 567; x_wconf 82' lang='lat' dir='ltr'><strong>corpora</strong></span> <span class='ocrx_word' id='word_1_33' title='bbox 254 501 380 566; x_wconf 84' lang='lat' dir='ltr'><strong>sensibilia,</strong></span> <span class='ocrx_word' id='word_1_34' title='bbox 391 515 486 565; x_wconf 79' lang='lat' dir='ltr'><strong>quornm</strong></span> <span class='ocrx_word' id='word_1_35' title='bbox 496 505 551 551; x_wconf 86' lang='lat' dir='ltr'><strong>sant</strong></span> <span class='ocrx_word' id='word_1_36' title='bbox 564 501 741 565; x_wconf 80' lang='lat' dir='ltr'><strong>phantasmata3</strong></span> <span class='ocrx_word' id='word_1_37' title='bbox 757 500 818 553; x_wconf 88' lang='lat' dir='ltr'><strong>sicut</strong></span> <span class='ocrx_word' id='word_1_38' title='bbox 831 506 962 559; x_wconf 73' lang='lat' dir='ltr'><strong>ueritatem</strong></span> 
     </span>
     <span class='ocr_line' id='line_1_6' title="bbox 144 571 964 643; baseline 0.006 -18"><span class='ocrx_word' id='word_1_39' title='bbox 144 573 293 637; x_wconf 74' lang='lat' dir='ltr'><strong>intelligimus</strong></span> <span class='ocrx_word' id='word_1_40' title='bbox 306 586 336 624; x_wconf 80' lang='lat' dir='ltr'><strong>ex</strong></span> <span class='ocrx_word' id='word_1_41' title='bbox 350 572 531 623; x_wconf 78' lang='lat' dir='ltr'><strong>consideratione</strong></span> <span class='ocrx_word' id='word_1_42' title='bbox 546 571 589 635; x_wconf 90' lang='lat' dir='ltr'><strong>rei,</strong></span> <span class='ocrx_word' id='word_1_43' title='bbox 604 572 742 635; x_wconf 85' lang='lat' dir='ltr'><strong>circaquam</strong></span> <span class='ocrx_word' id='word_1_44' title='bbox 759 574 889 627; x_wconf 83' lang='lat' dir='ltr'><strong>veritatem</strong></span> <span class='ocrx_word' id='word_1_45' title='bbox 908 595 964 643; x_wconf 85' lang='lat' dir='ltr'><strong>spe-</strong></span> 
     </span>
     <span class='ocr_line' id='line_1_7' title="bbox 145 642 963 711; baseline 0.007 -14"><span class='ocrx_word' id='word_1_46' title='bbox 145 646 255 697; x_wconf 86' lang='lat' dir='ltr'><strong>culamur.</strong></span> <span class='ocrx_word' id='word_1_47' title='bbox 269 646 438 707; x_wconf 80' lang='lat' dir='ltr'><strong>honorantem,</strong></span> <span class='ocrx_word' id='word_1_48' title='bbox 453 649 479 694; x_wconf 94' lang='lat' dir='ltr'><strong>ut</strong></span> <span class='ocrx_word' id='word_1_49' title='bbox 491 643 657 709; x_wconf 71' lang='lat' dir='ltr'><strong>Dionysiuett)</strong></span> <span class='ocrx_word' id='word_1_50' title='bbox 667 642 737 703; x_wconf 85' lang='lat' dir='ltr'><strong>dicit,</strong></span> <span class='ocrx_word' id='word_1_51' title='bbox 750 648 925 711; x_wconf 70' lang='lat' dir='ltr'><strong>cognoscimus</strong></span> <span class='ocrx_word' id='word_1_52' title='bbox 941 659 963 703; x_wconf 90' lang='lat' dir='ltr'><strong>nt</strong></span> 
     </span>
     <span class='ocr_line' id='line_1_8' title="bbox 144 716 987 791; baseline 0.006 -21"><span class='ocrx_word' id='word_1_53' title='bbox 144 731 235 770; x_wconf 81' lang='lat' dir='ltr'><strong>cansam</strong></span> <span class='ocrx_word' id='word_1_54' title='bbox 240 754 249 780; x_wconf 93' lang='lat'><em>,</em></span> <span class='ocrx_word' id='word_1_55' title='bbox 257 721 281 768; x_wconf 89' lang='lat' dir='ltr'><strong>ct</strong></span> <span class='ocrx_word' id='word_1_56' title='bbox 292 730 334 781; x_wconf 88' lang='lat' dir='ltr'><strong>per</strong></span> <span class='ocrx_word' id='word_1_57' title='bbox 342 729 472 779; x_wconf 81' lang='lat' dir='ltr'><strong>excessum,</strong></span> <span class='ocrx_word' id='word_1_58' title='bbox 481 719 505 766; x_wconf 88' lang='lat' dir='ltr'><strong>et</strong></span> <span class='ocrx_word' id='word_1_59' title='bbox 512 728 552 779; x_wconf 87' lang='lat' dir='ltr'><strong>per</strong></span> <span class='ocrx_word' id='word_1_60' title='bbox 561 716 718 767; x_wconf 84' lang='lat' dir='ltr'><strong>remotionem.</strong></span> <span class='ocrx_word' id='word_1_61' title='bbox 729 716 791 767; x_wconf 71' lang='lat' dir='ltr'><strong>,llius</strong></span> <span class='ocrx_word' id='word_1_62' title='bbox 798 718 962 775; x_wconf 84' lang='lat' dir='ltr'><strong>etiumincor-</strong></span> <span class='ocrx_word' id='word_1_63' title='bbox 986 732 987 791; x_wconf 71' lang='lat' dir='ltr'><strong>l</strong></span> 
     </span>
     <span class='ocr_line' id='line_1_9' title="bbox 145 786 987 858; baseline 0.006 -17"><span class='ocrx_word' id='word_1_64' title='bbox 145 803 225 854; x_wconf 83' lang='lat' dir='ltr'><strong>pereas</strong></span> <span class='ocrx_word' id='word_1_65' title='bbox 236 788 376 839; x_wconf 81' lang='lat' dir='ltr'><strong>snbstantias</strong></span> <span class='ocrx_word' id='word_1_66' title='bbox 384 789 409 837; x_wconf 88' lang='lat' dir='ltr'><strong>iu</strong></span> <span class='ocrx_word' id='word_1_67' title='bbox 420 791 481 838; x_wconf 88' lang='lat' dir='ltr'><strong>statu</strong></span> <span class='ocrx_word' id='word_1_68' title='bbox 493 786 614 851; x_wconf 82' lang='lat' dir='ltr'><strong>presentis</strong></span> <span class='ocrx_word' id='word_1_69' title='bbox 624 788 677 838; x_wconf 74' lang='lat' dir='ltr'><strong>vitas</strong></span> <span class='ocrx_word' id='word_1_70' title='bbox 687 799 827 852; x_wconf 79' lang='lat' dir='ltr'><strong>cognoscere</strong></span> <span class='ocrx_word' id='word_1_71' title='bbox 838 806 890 843; x_wconf 91' lang='lat' dir='ltr'><strong>non</strong></span> <span class='ocrx_word' id='word_1_72' title='bbox 906 810 962 858; x_wconf 91' lang='lat' dir='ltr'><strong>pos·</strong></span> <span class='ocrx_word' id='word_1_73' title='bbox 986 814 987 821; x_wconf 51' lang='lat'>¹</span> 
     </span>
     <span class='ocr_line' id='line_1_10' title="bbox 145 858 962 925; baseline 0.007 -13"><span class='ocrx_word' id='word_1_74' title='bbox 145 876 236 923; x_wconf 86' lang='lat' dir='ltr'><strong>sumus,</strong></span> <span class='ocrx_word' id='word_1_75' title='bbox 251 861 297 911; x_wconf 90' lang='lat' dir='ltr'><strong>nisi</strong></span> <span class='ocrx_word' id='word_1_76' title='bbox 309 874 350 925; x_wconf 91' lang='lat' dir='ltr'><strong>per</strong></span> <span class='ocrx_word' id='word_1_77' title='bbox 362 860 526 923; x_wconf 88' lang='lat' dir='ltr'><strong>remotionem,</strong></span> <span class='ocrx_word' id='word_1_78' title='bbox 543 858 581 910; x_wconf 84' lang='lat' dir='ltr'><strong>uel</strong></span> <span class='ocrx_word' id='word_1_79' title='bbox 598 859 697 922; x_wconf 85' lang='lat' dir='ltr'><strong>aliquam</strong></span> <span class='ocrx_word' id='word_1_80' title='bbox 713 862 918 925; x_wconf 87' lang='lat' dir='ltr'><strong>comparationem</strong></span> <span class='ocrx_word' id='word_1_81' title='bbox 934 870 962 918; x_wconf 92' lang='lat' dir='ltr'><strong>ad</strong></span> 
     </span>
     <span class='ocr_line' id='line_1_11' title="bbox 146 931 959 1002; baseline 0.005 -17"><span class='ocrx_word' id='word_1_82' title='bbox 146 933 391 998; x_wconf 67' lang='lat' dir='ltr'><strong>corporandum</strong></span> <span class='ocrx_word' id='word_1_83' title='bbox 410 931 462 983; x_wconf 86' lang='lat' dir='ltr'><strong>cirm</strong></span> <span class='ocrx_word' id='word_1_84' title='bbox 479 933 507 983; x_wconf 89' lang='lat' dir='ltr'><strong>de</strong></span> <span class='ocrx_word' id='word_1_85' title='bbox 527 931 659 996; x_wconf 87' lang='lat' dir='ltr'><strong>hujusmodi</strong></span> <span class='ocrx_word' id='word_1_86' title='bbox 679 932 764 996; x_wconf 85' lang='lat' dir='ltr'><strong>aliquid</strong></span> <span class='ocrx_word' id='word_1_87' title='bbox 784 934 959 1002; x_wconf 74' lang='lat' dir='ltr'><strong>intelligimus,</strong></span> 
     </span>
     <span class='ocr_line' id='line_1_12' title="bbox 146 1004 961 1074; baseline 0.007 -19"><span class='ocrx_word' id='word_1_88' title='bbox 146 1016 241 1056; x_wconf 89' lang='lat' dir='ltr'><strong>necesse</strong></span> <span class='ocrx_word' id='word_1_89' title='bbox 259 1006 369 1057; x_wconf 79' lang='lat' dir='ltr'><strong>lmhemm</strong></span> <span class='ocrx_word' id='word_1_90' title='bbox 389 1004 492 1054; x_wconf 86' lang='lat' dir='ltr'><strong>conuerti</strong></span> <span class='ocrx_word' id='word_1_91' title='bbox 511 1004 539 1053; x_wconf 90' lang='lat' dir='ltr'><strong>ad</strong></span> <span class='ocrx_word' id='word_1_92' title='bbox 562 1005 721 1068; x_wconf 80' lang='lat' dir='ltr'><strong>phantasmata</strong></span> <span class='ocrx_word' id='word_1_93' title='bbox 742 1017 884 1074; x_wconf 88' lang='lat' dir='ltr'><strong>corporum,</strong></span> <span class='ocrx_word' id='word_1_94' title='bbox 904 1012 961 1063; x_wconf 89' lang='lat' dir='ltr'><strong>licet</strong></span> 
     </span>
     <span class='ocr_line' id='line_1_13' title="bbox 145 1074 548 1141; baseline -0.002 -15"><span class='ocrx_word' id='word_1_95' title='bbox 145 1076 248 1141; x_wconf 88' lang='lat' dir='ltr'><strong>ipsorum</strong></span> <span class='ocrx_word' id='word_1_96' title='bbox 262 1089 309 1127; x_wconf 90' lang='lat' dir='ltr'><strong>nou</strong></span> <span class='ocrx_word' id='word_1_97' title='bbox 320 1074 367 1126; x_wconf 88' lang='lat' dir='ltr'><strong>sint</strong></span> <span class='ocrx_word' id='word_1_98' title='bbox 379 1076 548 1139; x_wconf 85' lang='lat' dir='ltr'><strong>phantasmata.</strong></span> 
     </span>
    </p>
   </div>
   <div class='ocr_carea' id='block_1_2' title="bbox 428 1190 988 1290">
    <p class='ocr_par' dir='ltr' id='par_1_2' title="bbox 428 1190 988 1290">
     <span class='ocr_line' id='line_1_14' title="bbox 428 1190 988 1290; baseline -0.013 0"><span class='ocrx_word' id='word_1_99' title='bbox 428 1238 587 1290; x_wconf 74' lang='lat' dir='ltr'><strong>numeneus</strong></span> <span class='ocrx_word' id='word_1_100' title='bbox 604 1238 665 1290; x_wconf 86' lang='lat' dir='ltr'><strong>Vlll.</strong></span> <span class='ocrx_word' id='word_1_101' title='bbox 987 1190 988 1249; x_wconf 33' lang='lat'>¹</span> 
     </span>
    </p>
   </div>
   <div class='ocr_carea' id='block_1_3' title="bbox 178 1363 933 1475">
    <p class='ocr_par' dir='ltr' id='par_1_3' title="bbox 178 1363 933 1475">
     <span class='ocr_line' id='line_1_15' title="bbox 178 1363 933 1423; baseline 0.005 -11"><span class='ocrx_word' id='word_1_102' title='bbox 178 1366 263 1413; x_wconf 66' lang='lat' dir='ltr'><strong>Utrum</strong></span> <span class='ocrx_word' id='word_1_103' title='bbox 269 1365 393 1423; x_wconf 73' lang='lat' dir='ltr'><strong>judicium</strong></span> <span class='ocrx_word' id='word_1_104' title='bbox 404 1364 541 1410; x_wconf 65' lang='lat' dir='ltr'><strong>{maecum</strong></span> <span class='ocrx_word' id='word_1_105' title='bbox 552 1363 699 1421; x_wconf 80' lang='lat' dir='ltr'><strong>impediatur</strong></span> <span class='ocrx_word' id='word_1_106' title='bbox 711 1374 755 1421; x_wconf 80' lang='lat' dir='ltr'><strong>per</strong></span> <span class='ocrx_word' id='word_1_107' title='bbox 766 1365 933 1423; x_wconf 75' lang='lat' dir='ltr'><strong>tipumeotum</strong></span> 
     </span>
     <span class='ocr_line' id='line_1_16' title="bbox 504 1440 593 1475; baseline -0.011 -1"><span class='ocrx_word' id='word_1_108' title='bbox 504 1440 593 1475; x_wconf 70' lang='lat' dir='ltr'><strong>emor.</strong></span> 
     </span>
    </p>
   </div>
   <div class='ocr_carea' id='block_1_4' title="bbox 147 1554 989 2554">
    <p class='ocr_par' dir='ltr' id='par_1_4' title="bbox 147 1554 989 1897">
     <span class='ocr_line' id='line_1_17' title="bbox 181 1554 959 1622; baseline 0.004 -12"><span class='ocrx_word' id='word_1_109' title='bbox 181 1558 215 1611; x_wconf 80' lang='lat' dir='ltr'><strong>hd</strong></span> <span class='ocrx_word' id='word_1_110' title='bbox 231 1563 337 1609; x_wconf 73' lang='lat' dir='ltr'><strong>ocmrum</strong></span> <span class='ocrx_word' id='word_1_111' title='bbox 351 1557 385 1609; x_wconf 86' lang='lat' dir='ltr'><strong>sic</strong></span> <span class='ocrx_word' id='word_1_112' title='bbox 399 1554 528 1621; x_wconf 85' lang='lat' dir='ltr'><strong>proceditur</strong></span> <span class='ocrx_word' id='word_1_113' title='bbox 540 1554 583 1622; x_wconf 77' lang='lat' dir='ltr'><strong>(a).</strong></span> <span class='ocrx_word' id='word_1_114' title='bbox 595 1555 689 1607; x_wconf 81' lang='lat' dir='ltr'><strong>Videtur</strong></span> <span class='ocrx_word' id='word_1_115' title='bbox 705 1555 763 1620; x_wconf 85' lang='lat' dir='ltr'><strong>qrrdd</strong></span> <span class='ocrx_word' id='word_1_116' title='bbox 780 1557 899 1621; x_wconf 84' lang='lat' dir='ltr'><strong>judicium</strong></span> <span class='ocrx_word' id='word_1_117' title='bbox 922 1564 959 1613; x_wconf 89' lang='lat' dir='ltr'><strong>in-</strong></span> 
     </span>
     <span class='ocr_line' id='line_1_18' title="bbox 147 1628 989 1711; baseline 0.005 -29"><span class='ocrx_word' id='word_1_118' title='bbox 147 1633 303 1684; x_wconf 80' lang='lat' dir='ltr'><strong>tellectusnou</strong></span> <span class='ocrx_word' id='word_1_119' title='bbox 314 1629 450 1693; x_wconf 79' lang='lat' dir='ltr'><strong>impediatur</strong></span> <span class='ocrx_word' id='word_1_120' title='bbox 457 1641 498 1692; x_wconf 92' lang='lat' dir='ltr'><strong>per</strong></span> <span class='ocrx_word' id='word_1_121' title='bbox 505 1628 657 1692; x_wconf 80' lang='lat' dir='ltr'><strong>ligamentum</strong></span> <span class='ocrx_word' id='word_1_122' title='bbox 668 1642 758 1681; x_wconf 84' lang='lat' dir='ltr'><strong>sensus.</strong></span> <span class='ocrx_word' id='word_1_123' title='bbox 769 1631 883 1695; x_wconf 87' lang='lat' dir='ltr'><strong>Superius</strong></span> <span class='ocrx_word' id='word_1_124' title='bbox 892 1636 958 1685; x_wconf 86' lang='lat' dir='ltr'><strong>euim</strong></span> <span class='ocrx_word' id='word_1_125' title='bbox 988 1652 989 1711; x_wconf 71' lang='lat' dir='ltr'><strong>l</strong></span> 
     </span>
     <span class='ocr_line' id='line_1_19' title="bbox 149 1695 989 1771; baseline 0.006 -17"><span class='ocrx_word' id='word_1_126' title='bbox 149 1717 195 1754; x_wconf 91' lang='lat' dir='ltr'><strong>nou</strong></span> <span class='ocrx_word' id='word_1_127' title='bbox 210 1702 323 1765; x_wconf 85' lang='lat' dir='ltr'><strong>dependet</strong></span> <span class='ocrx_word' id='word_1_128' title='bbox 341 1701 369 1752; x_wconf 91' lang='lat' dir='ltr'><strong>ah</strong></span> <span class='ocrx_word' id='word_1_129' title='bbox 379 1695 492 1751; x_wconf 81' lang='lat' dir='ltr'><strong>interiori.</strong></span> <span class='ocrx_word' id='word_1_130' title='bbox 506 1700 549 1751; x_wconf 82' lang='lat' dir='ltr'><strong>Sed</strong></span> <span class='ocrx_word' id='word_1_131' title='bbox 561 1698 673 1765; x_wconf 80' lang='lat' dir='ltr'><strong>judicium</strong></span> <span class='ocrx_word' id='word_1_132' title='bbox 690 1700 822 1753; x_wconf 86' lang='lat' dir='ltr'><strong>intellectus</strong></span> <span class='ocrx_word' id='word_1_133' title='bbox 836 1708 873 1755; x_wconf 89' lang='lat' dir='ltr'><strong>est</strong></span> <span class='ocrx_word' id='word_1_134' title='bbox 885 1720 958 1771; x_wconf 86' lang='lat' dir='ltr'><strong>supra</strong></span> <span class='ocrx_word' id='word_1_135' title='bbox 988 1714 989 1765; x_wconf 66' lang='grc' dir='ltr'>ζ</span> 
     </span>
     <span class='ocr_line' id='line_1_20' title="bbox 148 1771 989 1840; baseline 0.007 -17"><span class='ocrx_word' id='word_1_136' title='bbox 148 1788 250 1826; x_wconf 86' lang='lat' dir='ltr'><strong>sensum.</strong></span> <span class='ocrx_word' id='word_1_137' title='bbox 262 1774 322 1836; x_wconf 79' lang='lat' dir='ltr'><strong>Ergo</strong></span> <span class='ocrx_word' id='word_1_138' title='bbox 331 1772 442 1837; x_wconf 84' lang='lat' dir='ltr'><strong>jrrdicinm</strong></span> <span class='ocrx_word' id='word_1_139' title='bbox 454 1772 582 1823; x_wconf 87' lang='lat' dir='ltr'><strong>intellectus</strong></span> <span class='ocrx_word' id='word_1_140' title='bbox 594 1784 641 1823; x_wconf 88' lang='lat' dir='ltr'><strong>non</strong></span> <span class='ocrx_word' id='word_1_141' title='bbox 653 1771 777 1838; x_wconf 87' lang='lat' dir='ltr'><strong>impeditur</strong></span> <span class='ocrx_word' id='word_1_142' title='bbox 788 1788 832 1838; x_wconf 89' lang='lat' dir='ltr'><strong>per</strong></span> <span class='ocrx_word' id='word_1_143' title='bbox 843 1776 958 1840; x_wconf 79' lang='lat' dir='ltr'><strong>ligamen-</strong></span> <span class='ocrx_word' id='word_1_144' title='bbox 988 1776 989 1781; x_wconf 73' lang='grc'>’</span> 
     </span>
     <span class='ocr_line' id='line_1_21' title="bbox 148 1850 303 1897; baseline -0.013 0"><span class='ocrx_word' id='word_1_145' title='bbox 148 1850 198 1897; x_wconf 89' lang='lat' dir='ltr'><strong>tum</strong></span> <span class='ocrx_word' id='word_1_146' title='bbox 212 1858 303 1895; x_wconf 87' lang='lat' dir='ltr'><strong>seusus.</strong></span> 
     </span>
    </p>

    <p class='ocr_par' dir='ltr' id='par_1_5' title="bbox 148 1914 959 2197">
     <span class='ocr_line' id='line_1_22' title="bbox 181 1914 958 1981; baseline 0.01 -15"><span class='ocrx_word' id='word_1_147' title='bbox 181 1921 205 1966; x_wconf 75' lang='lat' dir='ltr'><strong>a.</strong></span> <span class='ocrx_word' id='word_1_148' title='bbox 216 1917 340 1979; x_wconf 75' lang='lat' dir='ltr'><strong>Praeterea,</strong></span> <span class='ocrx_word' id='word_1_149' title='bbox 352 1916 485 1981; x_wconf 70' lang='lat' dir='ltr'><strong>syllogisare</strong></span> <span class='ocrx_word' id='word_1_150' title='bbox 496 1920 532 1967; x_wconf 89' lang='lat' dir='ltr'><strong>cst</strong></span> <span class='ocrx_word' id='word_1_151' title='bbox 550 1919 616 1969; x_wconf 86' lang='lat' dir='ltr'><strong>actus</strong></span> <span class='ocrx_word' id='word_1_152' title='bbox 629 1914 768 1967; x_wconf 88' lang='lat' dir='ltr'><strong>intellectus.</strong></span> <span class='ocrx_word' id='word_1_153' title='bbox 783 1917 811 1968; x_wconf 90' lang='lat' dir='ltr'><strong>ln</strong></span> <span class='ocrx_word' id='word_1_154' title='bbox 824 1932 908 1973; x_wconf 89' lang='lat' dir='ltr'><strong>somno</strong></span> <span class='ocrx_word' id='word_1_155' title='bbox 918 1938 958 1973; x_wconf 87' lang='lat' dir='ltr'><strong>an-</strong></span> 
     </span>
     <span class='ocr_line' id='line_1_23' title="bbox 148 1988 959 2057; baseline 0.001 -17"><span class='ocrx_word' id='word_1_156' title='bbox 148 1993 194 2040; x_wconf 87' lang='lat' dir='ltr'><strong>tcm</strong></span> <span class='ocrx_word' id='word_1_157' title='bbox 201 1989 284 2051; x_wconf 80' lang='lat' dir='ltr'><strong>ligatur</strong></span> <span class='ocrx_word' id='word_1_158' title='bbox 298 2002 378 2039; x_wconf 85' lang='lat' dir='ltr'><strong>sensus</strong></span> <span class='ocrx_word' id='word_1_159' title='bbox 386 2026 395 2052; x_wconf 87' lang='lat'><em>,</em></span> <span class='ocrx_word' id='word_1_160' title='bbox 409 1993 435 2038; x_wconf 91' lang='lat' dir='ltr'><strong>ut</strong></span> <span class='ocrx_word' id='word_1_161' title='bbox 450 1988 533 2039; x_wconf 90' lang='lat' dir='ltr'><strong>dicitur</strong></span> <span class='ocrx_word' id='word_1_162' title='bbox 549 1988 573 2039; x_wconf 84' lang='lat' dir='ltr'><strong>iu</strong></span> <span class='ocrx_word' id='word_1_163' title='bbox 587 1988 626 2039; x_wconf 88' lang='lat' dir='ltr'><strong>lih.</strong></span> <span class='ocrx_word' id='word_1_164' title='bbox 640 1992 676 2039; x_wconf 85' lang='lat' dir='ltr'><strong>De</strong></span> <span class='ocrx_word' id='word_1_165' title='bbox 688 2004 764 2043; x_wconf 74' lang='lat' dir='ltr'><strong>comto</strong></span> <span class='ocrx_word' id='word_1_166' title='bbox 782 1993 807 2039; x_wconf 86' lang='lat' dir='ltr'><strong>ct</strong></span> <span class='ocrx_word' id='word_1_167' title='bbox 819 1993 885 2057; x_wconf 62' lang='lat' dir='ltr'><strong>cip„</strong></span> <span class='ocrx_word' id='word_1_168' title='bbox 901 2009 959 2047; x_wconf 83' lang='lat' dir='ltr'><strong>con-</strong></span> 
     </span>
     <span class='ocr_line' id='line_1_24' title="bbox 148 2058 959 2132; baseline 0.009 -21"><span class='ocrx_word' id='word_1_169' title='bbox 148 2060 218 2125; x_wconf 78' lang='lat' dir='ltr'><strong>tingit</strong></span> <span class='ocrx_word' id='word_1_170' title='bbox 226 2065 303 2111; x_wconf 90' lang='lat' dir='ltr'><strong>tamen</strong></span> <span class='ocrx_word' id='word_1_171' title='bbox 312 2062 448 2125; x_wconf 85' lang='lat' dir='ltr'><strong>quaudoque</strong></span> <span class='ocrx_word' id='word_1_172' title='bbox 459 2059 519 2122; x_wconf 83' lang='lat' dir='ltr'><strong>qnhd</strong></span> <span class='ocrx_word' id='word_1_173' title='bbox 531 2058 613 2123; x_wconf 83' lang='lat' dir='ltr'><strong>ahqnis</strong></span> <span class='ocrx_word' id='word_1_174' title='bbox 628 2060 743 2111; x_wconf 88' lang='lat' dir='ltr'><strong>dormiens</strong></span> <span class='ocrx_word' id='word_1_175' title='bbox 754 2061 884 2126; x_wconf 78' lang='lat' dir='ltr'><strong>syllogisat.</strong></span> <span class='ocrx_word' id='word_1_176' title='bbox 893 2069 959 2132; x_wconf 83' lang='lat' dir='ltr'><strong>Ergo</strong></span> 
     </span>
     <span class='ocr_line' id='line_1_25' title="bbox 150 2130 920 2197; baseline 0.001 -13"><span class='ocrx_word' id='word_1_177' title='bbox 150 2147 196 2184; x_wconf 89' lang='lat' dir='ltr'><strong>non</strong></span> <span class='ocrx_word' id='word_1_178' title='bbox 208 2132 332 2197; x_wconf 89' lang='lat' dir='ltr'><strong>impeditur</strong></span> <span class='ocrx_word' id='word_1_179' title='bbox 344 2131 454 2196; x_wconf 82' lang='lat' dir='ltr'><strong>judicium</strong></span> <span class='ocrx_word' id='word_1_180' title='bbox 463 2130 594 2181; x_wconf 85' lang='lat' dir='ltr'><strong>intellectus</strong></span> <span class='ocrx_word' id='word_1_181' title='bbox 603 2144 645 2197; x_wconf 91' lang='lat' dir='ltr'><strong>per</strong></span> <span class='ocrx_word' id='word_1_182' title='bbox 661 2130 810 2195; x_wconf 79' lang='lat' dir='ltr'><strong>ligamentum</strong></span> <span class='ocrx_word' id='word_1_183' title='bbox 826 2148 920 2188; x_wconf 86' lang='lat' dir='ltr'><strong>sensns.</strong></span> 
     </span>
    </p>

    <p class='ocr_par' dir='ltr' id='par_1_6' title="bbox 149 2202 958 2554">
     <span class='ocr_line' id='line_1_26' title="bbox 180 2202 958 2267; baseline 0.006 -12"><span class='ocrx_word' id='word_1_184' title='bbox 180 2205 225 2255; x_wconf 87' lang='lat' dir='ltr'><strong>Sed</strong></span> <span class='ocrx_word' id='word_1_185' title='bbox 235 2208 315 2255; x_wconf 85' lang='lat' dir='ltr'><strong>contra</strong></span> <span class='ocrx_word' id='word_1_186' title='bbox 325 2206 374 2267; x_wconf 88' lang='lat' dir='ltr'><strong>cst,</strong></span> <span class='ocrx_word' id='word_1_187' title='bbox 385 2204 468 2267; x_wconf 79' lang='lat' dir='ltr'><strong>quod«</strong></span> <span class='ocrx_word' id='word_1_188' title='bbox 483 2202 709 2267; x_wconf 64' lang='lat' dir='ltr'><strong>indormierimus,</strong></span> <span class='ocrx_word' id='word_1_189' title='bbox 722 2217 773 2267; x_wconf 88' lang='lat' dir='ltr'><strong>quae</strong></span> <span class='ocrx_word' id='word_1_190' title='bbox 783 2210 865 2257; x_wconf 88' lang='lat' dir='ltr'><strong>contra</strong></span> <span class='ocrx_word' id='word_1_191' title='bbox 880 2208 958 2261; x_wconf 90' lang='lat' dir='ltr'><strong>licitos</strong></span> 
     </span>
     <span class='ocr_line' id='line_1_27' title="bbox 149 2274 957 2343; baseline 0.004 -16"><span class='ocrx_word' id='word_1_192' title='bbox 149 2289 225 2327; x_wconf 90' lang='lat' dir='ltr'><strong>mores</strong></span> <span class='ocrx_word' id='word_1_193' title='bbox 234 2276 378 2339; x_wconf 81' lang='lat' dir='ltr'><strong>contingunt,</strong></span> <span class='ocrx_word' id='word_1_194' title='bbox 392 2289 439 2325; x_wconf 89' lang='lat' dir='ltr'><strong>uon</strong></span> <span class='ocrx_word' id='word_1_195' title='bbox 450 2274 592 2339; x_wconf 84' lang='lat' dir='ltr'><strong>imputantur</strong></span> <span class='ocrx_word' id='word_1_196' title='bbox 605 2275 633 2325; x_wconf 90' lang='lat' dir='ltr'><strong>ad</strong></span> <span class='ocrx_word' id='word_1_197' title='bbox 650 2280 782 2339; x_wconf 87' lang='lat' dir='ltr'><strong>peccalum,</strong></span> <span class='ocrx_word' id='word_1_198' title='bbox 794 2292 809 2323; x_wconf 83' lang='lat' dir='ltr'><strong>n</strong></span> <span class='ocrx_word' id='word_1_199' title='bbox 823 2282 850 2327; x_wconf 90' lang='lat' dir='ltr'><strong>ut</strong></span> <span class='ocrx_word' id='word_1_200' title='bbox 864 2281 957 2343; x_wconf 76' lang='lat' dir='ltr'><strong>hugum-</strong></span> 
     </span>
     <span class='ocr_line' id='line_1_28' title="bbox 150 2345 956 2411; baseline 0.006 -14"><span class='ocrx_word' id='word_1_201' title='bbox 150 2348 213 2397; x_wconf 89' lang='lat' dir='ltr'><strong>tinns</strong></span> <span class='ocrx_word' id='word_1_202' title='bbox 226 2347 252 2397; x_wconf 92' lang='lat' dir='ltr'><strong>in</strong></span> <span class='ocrx_word' id='word_1_203' title='bbox 266 2347 316 2397; x_wconf 87' lang='lat' dir='ltr'><strong>llll.</strong></span> <span class='ocrx_word' id='word_1_204' title='bbox 325 2348 408 2410; x_wconf 82' lang='lat' dir='ltr'><strong>Super</strong></span> <span class='ocrx_word' id='word_1_205' title='bbox 420 2347 480 2396; x_wconf 83' lang='lat' dir='ltr'><strong>Gen.</strong></span> <span class='ocrx_word' id='word_1_206' title='bbox 497 2347 533 2396; x_wconf 86' lang='lat' dir='ltr'><strong>ad</strong></span> <span class='ocrx_word' id='word_1_207' title='bbox 542 2345 584 2395; x_wconf 81' lang='lat' dir='ltr'><strong>lit.</strong></span> <span class='ocrx_word' id='word_1_208' title='bbox 603 2346 665 2397; x_wconf 89' lang='lat' dir='ltr'><strong>dicit.</strong></span> <span class='ocrx_word' id='word_1_209' title='bbox 678 2348 726 2397; x_wconf 87' lang='lat' dir='ltr'><strong>Huc</strong></span> <span class='ocrx_word' id='word_1_210' title='bbox 736 2350 811 2397; x_wconf 71' lang='lat' dir='ltr'><strong>aumru</strong></span> <span class='ocrx_word' id='word_1_211' title='bbox 827 2356 956 2411; x_wconf 79' lang='lat' dir='ltr'><strong>necessat,</strong></span> 
     </span>
     <span class='ocr_line' id='line_1_29' title="bbox 150 2416 958 2473; baseline 0.006 -5"><span class='ocrx_word' id='word_1_212' title='bbox 150 2417 251 2468; x_wconf 86' lang='lat' dir='ltr'><strong>sihomo</strong></span> <span class='ocrx_word' id='word_1_213' title='bbox 260 2418 286 2467; x_wconf 93' lang='lat' dir='ltr'><strong>in</strong></span> <span class='ocrx_word' id='word_1_214' title='bbox 296 2416 427 2468; x_wconf 89' lang='lat' dir='ltr'><strong>dormiendo</strong></span> <span class='ocrx_word' id='word_1_215' title='bbox 442 2417 538 2467; x_wconf 81' lang='lat' dir='ltr'><strong>liherum</strong></span> <span class='ocrx_word' id='word_1_216' title='bbox 551 2430 615 2467; x_wconf 91' lang='lat' dir='ltr'><strong>usum</strong></span> <span class='ocrx_word' id='word_1_217' title='bbox 630 2416 724 2468; x_wconf 87' lang='lat' dir='ltr'><strong>rationis</strong></span> <span class='ocrx_word' id='word_1_218' title='bbox 733 2422 756 2467; x_wconf 90' lang='lat' dir='ltr'><strong>et</strong></span> <span class='ocrx_word' id='word_1_219' title='bbox 770 2416 903 2473; x_wconf 87' lang='lat' dir='ltr'><strong>intellectus</strong></span> <span class='ocrx_word' id='word_1_220' title='bbox 916 2424 958 2473; x_wconf 89' lang='lat' dir='ltr'><strong>ha·</strong></span> 
     </span>
     <span class='ocr_line' id='line_1_30' title="bbox 150 2487 941 2554; baseline 0.008 -14"><span class='ocrx_word' id='word_1_221' title='bbox 150 2489 223 2541; x_wconf 87' lang='lat' dir='ltr'><strong>beret.</strong></span> <span class='ocrx_word' id='word_1_222' title='bbox 237 2490 297 2551; x_wconf 74' lang='lat' dir='ltr'><strong>Ergo</strong></span> <span class='ocrx_word' id='word_1_223' title='bbox 315 2487 436 2552; x_wconf 88' lang='lat' dir='ltr'><strong>impeditur</strong></span> <span class='ocrx_word' id='word_1_224' title='bbox 452 2487 547 2539; x_wconf 89' lang='lat' dir='ltr'><strong>rationis</strong></span> <span class='ocrx_word' id='word_1_225' title='bbox 561 2502 616 2539; x_wconf 89' lang='lat' dir='ltr'><strong>usus</strong></span> <span class='ocrx_word' id='word_1_226' title='bbox 630 2501 670 2554; x_wconf 90' lang='lat' dir='ltr'><strong>per</strong></span> <span class='ocrx_word' id='word_1_227' title='bbox 683 2488 833 2553; x_wconf 79' lang='lat' dir='ltr'><strong>ligamentum</strong></span> <span class='ocrx_word' id='word_1_228' title='bbox 847 2506 941 2545; x_wconf 88' lang='lat' dir='ltr'><strong>sensns.</strong></span> 
     </span>
    </p>
   </div>
   <div class='ocr_carea' id='block_1_5' title="bbox 152 2630 958 3016">
    <p class='ocr_par' dir='ltr' id='par_1_7' title="bbox 152 2630 958 2868">
     <span class='ocr_line' id='line_1_31' title="bbox 186 2630 957 2699; baseline 0.01 -22"><span class='ocrx_word' id='word_1_229' title='bbox 186 2630 216 2695; x_wconf 82' lang='grc'><strong>(1)</strong></span> <span class='ocrx_word' id='word_1_230' title='bbox 232 2632 351 2689; x_wconf 69' lang='lat' dir='ltr'><strong>Colligitur</strong></span> <span class='ocrx_word' id='word_1_231' title='bbox 367 2646 397 2679; x_wconf 81' lang='lat' dir='ltr'><strong>ex</strong></span> <span class='ocrx_word' id='word_1_232' title='bbox 409 2632 452 2680; x_wconf 91' lang='lat' dir='ltr'><strong>lib.</strong></span> <span class='ocrx_word' id='word_1_233' title='bbox 466 2634 502 2679; x_wconf 86' lang='lat' dir='ltr'><strong>Dc</strong></span> <span class='ocrx_word' id='word_1_234' title='bbox 516 2634 597 2681; x_wconf 79' lang='lat' dir='ltr'><strong>dicio.</strong></span> <span class='ocrx_word' id='word_1_235' title='bbox 614 2636 727 2686; x_wconf 69' lang='lat' dir='ltr'><strong>Nomio„</strong></span> <span class='ocrx_word' id='word_1_236' title='bbox 740 2648 793 2693; x_wconf 89' lang='lat' dir='ltr'><strong>cap.</strong></span> <span class='ocrx_word' id='word_1_237' title='bbox 814 2637 842 2695; x_wconf 83' lang='grc'><strong>1,</strong></span> <span class='ocrx_word' id='word_1_238' title='bbox 859 2636 916 2699; x_wconf 79' lang='lat'><strong>§5,</strong></span> <span class='ocrx_word' id='word_1_239' title='bbox 933 2647 957 2685; x_wconf 90' lang='lat' dir='ltr'><strong>et</strong></span> 
     </span>
     <span class='ocr_line' id='line_1_32' title="bbox 152 2693 958 2761; baseline 0.017 -23"><span class='ocrx_word' id='word_1_240' title='bbox 152 2708 206 2753; x_wconf 72' lang='lat' dir='ltr'><strong>cap.</strong></span> <span class='ocrx_word' id='word_1_241' title='bbox 217 2695 246 2754; x_wconf 74' lang='grc'><strong>1,</strong></span> <span class='ocrx_word' id='word_1_242' title='bbox 259 2693 274 2755; x_wconf 80' lang='lat'><strong>§</strong></span> <span class='ocrx_word' id='word_1_243' title='bbox 288 2694 318 2750; x_wconf 74' lang='lat' dir='ltr'><strong>d,</strong></span> <span class='ocrx_word' id='word_1_244' title='bbox 328 2701 353 2740; x_wconf 89' lang='lat' dir='ltr'><strong>et</strong></span> <span class='ocrx_word' id='word_1_245' title='bbox 364 2708 416 2753; x_wconf 88' lang='lat' dir='ltr'><strong>cap.</strong></span> <span class='ocrx_word' id='word_1_246' title='bbox 428 2696 457 2755; x_wconf 84' lang='grc'><strong>’1,</strong></span> <span class='ocrx_word' id='word_1_247' title='bbox 470 2694 523 2757; x_wconf 73' lang='lat'><strong>§³3</strong></span> <span class='ocrx_word' id='word_1_248' title='bbox 535 2704 599 2742; x_wconf 84' lang='lat' dir='ltr'><strong>ulex</strong></span> <span class='ocrx_word' id='word_1_249' title='bbox 613 2698 655 2743; x_wconf 89' lang='lat' dir='ltr'><strong>lih.</strong></span> <span class='ocrx_word' id='word_1_250' title='bbox 668 2700 813 2755; x_wconf 65' lang='lat' dir='ltr'><strong>Domestica</strong></span> <span class='ocrx_word' id='word_1_251' title='bbox 831 2702 958 2761; x_wconf 64' lang='lat' dir='ltr'><strong>Theclam,</strong></span> 
     </span>
     <span class='ocr_line' id='line_1_33' title="bbox 152 2758 957 2823; baseline 0.012 -20"><span class='ocrx_word' id='word_1_252' title='bbox 152 2772 206 2815; x_wconf 85' lang='lat' dir='ltr'><strong>cap.</strong></span> <span class='ocrx_word' id='word_1_253' title='bbox 217 2760 245 2817; x_wconf 81' lang='grc'><strong>1,</strong></span> <span class='ocrx_word' id='word_1_254' title='bbox 257 2758 299 2803; x_wconf 93' lang='lat' dir='ltr'><strong>uhi</strong></span> <span class='ocrx_word' id='word_1_255' title='bbox 307 2760 407 2805; x_wconf 78' lang='lat' dir='ltr'><strong>remmio</strong></span> <span class='ocrx_word' id='word_1_256' title='bbox 418 2760 553 2817; x_wconf 78' lang='lat' dir='ltr'><strong>intelligitur</strong></span> <span class='ocrx_word' id='word_1_257' title='bbox 567 2760 653 2808; x_wconf 87' lang='lat' dir='ltr'><strong>ablatio</strong></span> <span class='ocrx_word' id='word_1_258' title='bbox 664 2775 705 2808; x_wconf 91' lang='lat' dir='ltr'><strong>sen</strong></span> <span class='ocrx_word' id='word_1_259' title='bbox 720 2763 814 2821; x_wconf 74' lang='lat' dir='ltr'><strong>negatio</strong></span> <span class='ocrx_word' id='word_1_260' title='bbox 826 2766 880 2823; x_wconf 84' lang='lat' dir='ltr'><strong>ejus</strong></span> <span class='ocrx_word' id='word_1_261' title='bbox 895 2766 957 2823; x_wconf 83' lang='lat' dir='ltr'><strong>quod</strong></span> 
     </span>
     <span class='ocr_line' id='line_1_34' title="bbox 152 2822 392 2868; baseline 0.004 -1"><span class='ocrx_word' id='word_1_262' title='bbox 152 2834 200 2868; x_wconf 92' lang='lat' dir='ltr'><strong>non</strong></span> <span class='ocrx_word' id='word_1_263' title='bbox 213 2822 322 2867; x_wconf 83' lang='lat' dir='ltr'><strong>convenit</strong></span> <span class='ocrx_word' id='word_1_264' title='bbox 334 2824 392 2868; x_wconf 87' lang='lat' dir='ltr'><strong>Deo.</strong></span> 
     </span>
    </p>

    <p class='ocr_par' dir='ltr' id='par_1_8' title="bbox 154 2889 955 3016">
     <span class='ocr_line' id='line_1_35' title="bbox 186 2889 955 2956; baseline 0.01 -19"><span class='ocrx_word' id='word_1_265' title='bbox 186 2889 218 2954; x_wconf 77' lang='grc'><strong>(1)</strong></span> <span class='ocrx_word' id='word_1_266' title='bbox 233 2893 312 2938; x_wconf 84' lang='lat' dir='ltr'><strong>Dahis</strong></span> <span class='ocrx_word' id='word_1_267' title='bbox 322 2893 425 2939; x_wconf 88' lang='lat' dir='ltr'><strong>etiamin</strong></span> <span class='ocrx_word' id='word_1_268' title='bbox 435 2895 459 2950; x_wconf 75' lang='grc'><strong>1,</strong></span> <span class='ocrx_word' id='word_1_269' title='bbox 469 2892 497 2950; x_wconf 67' lang='lat' dir='ltr'><strong>h,</strong></span> <span class='ocrx_word' id='word_1_270' title='bbox 509 2906 549 2950; x_wconf 88' lang='lat' dir='ltr'><strong>qn.</strong></span> <span class='ocrx_word' id='word_1_271' title='bbox 561 2891 619 2951; x_wconf 76' lang='lat' dir='ltr'><strong>rut,</strong></span> <span class='ocrx_word' id='word_1_272' title='bbox 631 2902 674 2941; x_wconf 84' lang='lat' dir='ltr'><strong>art.</strong></span> <span class='ocrx_word' id='word_1_273' title='bbox 686 2896 713 2949; x_wconf 68' lang='lat'><strong>53</strong></span> <span class='ocrx_word' id='word_1_274' title='bbox 723 2902 747 2942; x_wconf 90' lang='lat' dir='ltr'><strong>et</strong></span> <span class='ocrx_word' id='word_1_275' title='bbox 757 2908 797 2953; x_wconf 81' lang='lat' dir='ltr'><strong>qu.</strong></span> <span class='ocrx_word' id='word_1_276' title='bbox 810 2896 866 2956; x_wconf 77' lang='lat'><strong>172,</strong></span> <span class='ocrx_word' id='word_1_277' title='bbox 877 2902 923 2945; x_wconf 85' lang='lat' dir='ltr'><strong>ait.</strong></span> <span class='ocrx_word' id='word_1_278' title='bbox 934 2900 955 2954; x_wconf 88' lang='grc'><strong>1;</strong></span> 
     </span>
     <span class='ocr_line' id='line_1_36' title="bbox 154 2955 955 3016; baseline 0.007 -15"><span class='ocrx_word' id='word_1_279' title='bbox 154 2961 180 3002; x_wconf 87' lang='lat' dir='ltr'><strong>et</strong></span> <span class='ocrx_word' id='word_1_280' title='bbox 194 2968 235 3013; x_wconf 80' lang='lat' dir='ltr'><strong>qu.</strong></span> <span class='ocrx_word' id='word_1_281' title='bbox 250 2955 291 3016; x_wconf 71' lang='lat'><strong>12,</strong></span> <span class='ocrx_word' id='word_1_282' title='bbox 304 2955 422 3003; x_wconf 56' lang='lat' dir='ltr'><strong>buerit.</strong></span> <span class='ocrx_word' id='word_1_283' title='bbox 435 2961 480 3002; x_wconf 80' lang='lat' dir='ltr'><strong>art.</strong></span> <span class='ocrx_word' id='word_1_284' title='bbox 491 2955 516 3015; x_wconf 81' lang='lat'><strong>3,</strong></span> <span class='ocrx_word' id='word_1_285' title='bbox 533 2956 690 3005; x_wconf 71' lang='lat' dir='ltr'><strong>erinitum</strong></span> <span class='ocrx_word' id='word_1_286' title='bbox 703 2960 738 3005; x_wconf 86' lang='lat' dir='ltr'><strong>De</strong></span> <span class='ocrx_word' id='word_1_287' title='bbox 748 2960 845 3012; x_wconf 77' lang='lat' dir='ltr'><strong>auimo,</strong></span> <span class='ocrx_word' id='word_1_288' title='bbox 858 2962 916 3009; x_wconf 89' lang='lat' dir='ltr'><strong>lect.</strong></span> <span class='ocrx_word' id='word_1_289' title='bbox 930 2963 955 3007; x_wconf 81' lang='lat'><strong>7.</strong></span> 
     </span>
    </p>
   </div>
   <div class='ocr_carea' id='block_1_6' title="bbox 0 0 1006 3309">
    <p class='ocr_par' dir='ltr' id='par_1_9' title="bbox 0 0 1006 3309">
     <span class='ocr_line' id='line_1_37' title="bbox 0 0 1006 3309; baseline 0 0"><span class='ocrx_word' id='word_1_290' title='bbox 0 0 1006 3309; x_wconf 95' lang='lat' dir='ltr'><strong> </strong></span> 
     </span>
    </p>
   </div>
  </div>
 </body>
</html>
