1984 3309
142 179 186 228 tit
336 184 398 225 mus
413 185 436 235 r,
450 181 543 230 ouum.
558 183 640 234 muru,
654 181 709 222 tur.
726 185 744 220 r.

444 343 603 395 ruricuuus
618 343 636 392 1.

204 462 291 508 Utrum
304 461 371 506 horto
385 461 412 504 iu
425 462 491 505 etotu
505 459 644 504 iuuooeutio
658 462 716 504 emet
726 460 879 506 immortalis.

171 583 205 634 tu
218 581 316 646 primum
332 579 367 632 sio
380 579 510 644 proceditur
522 577 564 642 (t).
584 577 678 630 Videtur
688 577 749 642 quid
763 579 830 632 homo
845 579 870 628 iu
881 581 936 630 suu

140 651 280 706 innocentie
289 665 336 702 uon
345 656 395 702 erut
404 649 548 701 immortalis.
559 650 669 702 Mortale
678 651 739 701 euim
750 652 843 715 ponitur
851 650 877 700 in
885 649 937 700 diffi-

140 727 228 778 uitioue
242 724 351 776 hominis.
372 725 416 775 Sed
432 725 519 774 remota
535 721 671 773 diffinitione
690 723 791 784 aufertur
809 722 936 774 diffinitum.

140 801 200 862 Ergo
215 798 235 848 si
244 800 313 849 homo
326 800 391 858 erat,
405 809 452 847 rou
462 798 552 860 poterut
562 808 613 845 esse
627 795 769 846 inmortalis.

172 875 195 920 Ξ.
211 871 337 933 Preterea,
354 867 520 932 corruptibile
536 870 560 918 et
576 867 769 932 incorruptibile
782 881 866 932 genere
879 865 938 916 uiue

141 946 207 1005 runt,
223 944 248 990 ut
265 940 345 991 dieitur
360 941 385 989 in
399 941 428 990 Χ.
451 938 592 1003 Metoptys.
613 939 658 989 Soti
679 953 756 990 eorum
773 954 823 1004 qum
838 937 940 990 ditiorum

142 1027 233 1077 genere,
247 1017 340 1063 nonest
349 1010 510 1062 transmutatio
521 1011 546 1060 iu
555 1009 662 1062 inuicem.
675 1010 699 1061 Si
711 1023 766 1073 ergo
778 1011 867 1075 primus
877 1012 939 1060 homo

142 1085 186 1135 tuit
204 1083 395 1149 incorruptibilis,
410 1096 457 1133 non
472 1085 551 1147 posset
569 1084 637 1134 homo
650 1082 675 1134 iu
693 1085 753 1134 stetu
767 1082 812 1134 isto
826 1097 879 1134 esse
895 1096 940 1132 eor-

142 1158 265 1222 ruptibilis.

174 1233 196 1281 3.
208 1232 330 1293 Protei-oa,
342 1228 541 1290 sihomoiustutu
551 1227 688 1279 innocentie
699 1227 743 1278 fuit
752 1227 897 1292 immortalis,
906 1229 940 1276 rut

143 1301 275 1354 hortabuit
285 1303 439 1366 permaturum
452 1305 493 1351 eut
504 1313 546 1364 per
557 1299 661 1363 gratiam.
672 1299 715 1350 Set
725 1313 772 1350 nou
782 1314 823 1364 per
830 1305 939 1358 maturum,

142 1372 254 1440 quiueirm
262 1373 428 1423 uatumeadem
437 1375 528 1422 moneat
536 1370 661 1422 seeundum
669 1371 777 1436 speeiem,
785 1386 848 1422 nuuc
857 1382 940 1436 quoque

142 1449 204 1498 esset
214 1445 355 1496 immortalis.
370 1444 479 1494 Similiter
487 1457 530 1494 neo
542 1457 583 1508 per
594 1443 689 1506 gratiam
694 1481 703 1507 ,
713 1443 765 1507 quia
776 1443 867 1507 primus
877 1445 940 1494 homo

142 1518 238 1580 gratiam
247 1530 288 1579 per
298 1516 455 1580 poenitentium
463 1515 613 1580 recuperauit,
624 1513 749 1564 secuudirm
760 1515 817 1563 illud
828 1519 900 1578 Sop,
910 1515 939 1564 i:

145 1588 251 1639 «Eduxit
262 1588 327 1638 illum
338 1587 352 1636 i
364 1587 447 1637 delieto
461 1601 503 1638 suo
514 1586 559 1652 (u).
571 1603 584 1633 u
598 1587 657 1649 Ergo
671 1585 869 1638 immortalitatem
881 1600 939 1637 reeu-

144 1663 247 1723 perasset
256 1675 262 1708 ε
272 1660 334 1722 quod
347 1663 412 1722 putet
422 1672 473 1708 esse
482 1657 574 1708 falsum.
586 1659 637 1708 Nou
650 1670 704 1720 ergo
715 1658 785 1708 homo
797 1662 846 1708 erat
857 1659 942 1708 immor·

146 1731 199 1780 tulis
212 1731 236 1779 iu
248 1734 311 1780 statu
324 1730 468 1780 innocentie.

177 1807 200 1850 4.
216 1804 339 1866 Praeterea,
353 1801 511 1852 immortalitas
525 1801 663 1867 promittitur
677 1801 765 1852 homini
775 1803 799 1852 iu
812 1801 942 1867 premium,

147 1875 272 1926 seeundum
292 1875 347 1924 illud
366 1876 452 1939 Apoc„
469 1876 521 1926 XXI
536 1891 541 1924 :
557 1875 641 1926 «Mors
657 1875 715 1924 ultra
734 1889 781 1926 uon
797 1875 850 1926 en't.
871 1891 886 1923 u
905 1872 944 1923 Sed

147 1947 217 1998 homo
228 1960 275 1998 uon
288 1947 335 1997 tuit
343 1947 449 1999 meditus
459 1947 486 1997 in
494 1951 555 1998 stetu
565 1946 667 2012 premii,
680 1948 720 1998 sed
731 1950 757 1996 ut
766 1949 891 2012 premium
902 1959 943 1996 me·

183 2095 213 2159 (1)
231 2099 264 2143 De
281 2097 399 2143 bisetium
412 2097 486 2155 iuli,
504 2095 582 2146 Sout„
597 2095 650 2142 dist.
666 2095 713 2156 19,
728 2109 769 2153 qu.
787 2096 945 2154 i‚ort.t;et

147 2173 187 2217 qu.
198 2160 222 2220 5,
234 2161 263 2205 do
274 2161 345 2219 mulo,
360 2165 403 2205 ert.
419 2159 443 2206 5.

182 2231 212 2293 (ἱ)
230 2235 266 2279 sie
281 2232 310 2278 de
327 2232 441 2290 supientia
455 2233 507 2288 ipse
521 2244 581 2278 vers.
593 2231 622 2290 1,
637 2231 727 2288 plenius
740 2231 809 2288 quim
824 2229 880 2278 hio:
896 2231 943 2276 uoo

145 2296 219 2340 iilum
231 2297 275 2353 oui
286 2298 385 2354 primm
393 2296 515 2355 formatur
530 2299 562 2341 ert
573 2295 647 2340 otDeo
655 2295 726 2352 poter
737 2294 803 2340 ortis
813 2299 944 2342 terrorum,

146 2359 201 2403 riom
209 2359 274 2403 uolut
284 2363 341 2404 erret
350 2363 459 2408 creetur,
470 2359 615 2408 custodiuit,
625 2361 646 2402 et
657 2357 744 2402 muttit
751 2358 850 2404 illumi
860 2359 943 2404 delirio

145 2433 198 2465 suo.
214 2421 277 2474 Quod
291 2422 315 2466 in
324 2422 430 2466 eumdem
440 2433 535 2466 sensum
547 2421 690 2478 Augustinus
701 2427 809 2480 usurpet,
820 2422 897 2480 Epist.
907 2418 942 2474 ee,

146 2484 185 2528 ubi
198 2484 245 2529 uit.
258 2485 292 2529 De
301 2483 346 2528 illo
354 2484 451 2542 quidem
459 2485 543 2542 primo
553 2485 649 2528 tomiue
656 2487 727 2542 putre
737 2485 834 2540 perierit
846 2481 944 2531 tomum·

145 2546 209 2605 quod
221 2559 275 2590 eum
290 2545 402 2592 Christus
415 2546 444 2592 ub
457 2549 559 2607 informo
576 2547 688 2596 soluerit
706 2546 816 2592 Ecclesia
830 2549 884 2607 {ero
902 2547 942 2592 toto

145 2611 277 2663 oouoeutit5
289 2609 352 2666 quod
362 2623 413 2654 eom
424 2623 475 2654 uon
482 2612 595 2655 iuouiter
604 2609 736 2654 credidisse
749 2609 898 2654 eredendum
907 2609 976 2654 est

146 2672 307 2730 undecumque
323 2672 367 2716 troo
379 2672 554 2722 truditumeit,
564 2673 659 2718 etiamsi
671 2672 850 2717 eouooioorum
864 2657 976 2732 Serip-

147 2740 262 2780 tururum
280 2735 338 2780 iiiuc
351 2748 466 2810 emppemo
481 2749 531 2783 riou
544 2736 690 2794 proferatur
703 2735 857 2790 outtoritos,·
873 2747 942 2795 quou-

147 2812 219 2858 quom
232 2797 298 2842 iilud
315 2797 404 2855 quod
393 2811 422 2843 ιιι
435 2799 500 2843 libro
512 2799 643 2856 Sopieutice
658 2798 777 2855 seriptum
794 2802 827 2844 ert
850 2797 889 2860 (ut
900 2800 976 2862 jum
975 2811 976 2834 ι

148 2857 233 2922 supri)
250 2861 327 2918 mopio
343 2873 390 2918 pro
406 2861 450 2906 too
466 2863 586 2928 :eutrotia
597 2862 669 2919 quim
681 2871 729 2920 pro
747 2861 800 2906 ulto
815 2862 866 2908 otio
876 2858 976 2921 iutri-

83 2991 89 3000 Ι
149 2925 213 2970 lectu
223 2925 305 2983 sorore
314 2923 438 2969 uideatur.
