1984 3309
123 146 153 195 m
308 154 368 191 runs
384 154 406 201 r,
424 152 517 197 uunsr.
535 150 614 199 uvir,
626 150 681 188 nnn.
695 150 732 188 rn.

416 289 575 343 bellottus
589 290 628 340 tlt

371 408 457 453 Utrum
466 408 510 456 lum
520 408 552 452 ειι
562 406 677 464 quatitur.

153 528 186 581 lu
203 528 294 579 tertium
306 525 339 577 sie
349 525 475 591 proceditur
486 524 528 589 (1).
539 525 632 576 Videtur
645 525 704 590 quon
717 526 757 576 lux
769 540 815 576 non
828 528 859 577 sit
869 541 926 590 qun-

123 598 184 651 litas.
200 598 278 650 Omnis
292 598 351 649 enim
364 598 461 663 qualitas
474 602 592 661 permanet
603 597 628 647 in
647 597 764 663 subjecto,
779 598 848 649 etium
861 603 928 662 post-

122 684 191 735 quam
201 685 273 734 agens
287 669 432 735 discesserim
449 669 507 721 sient
522 670 582 719 calor
598 669 623 720 iu
636 683 696 733 aqua
714 674 833 735 postquam
850 684 927 720 renio-

123 746 190 793 uetur
207 742 235 792 ab
253 742 314 805 igne.
339 742 383 793 Sed
402 742 478 792 lumen
494 754 541 791 non
559 747 662 792 remanet
680 741 704 791 iu
722 755 790 803 aere,
807 742 927 793 recedente

123 814 236 867 luminari.
252 816 310 879 Ergo
327 815 405 865 lumen
417 828 462 865 non
481 818 518 865 est
532 814 638 877 qualitas.

155 893 179 939 t.
195 890 320 951 Pramum,
331 886 405 938 omnis
418 886 514 951 qualitas
524 883 639 937 sensibilis
652 886 721 937 babet
730 886 881 950 monaulum,
891 888 922 937 si-

124 962 162 1013 out
178 960 251 1014 aalide
265 959 411 1010 corrtrariatur
425 956 545 1021 trigidum,
560 961 583 1007 ει
597 958 647 1007 albo
665 959 763 1021 nigrum.
782 958 826 1007 Sed
844 958 928 1009 lumini

124 1030 180 1083 nibil
197 1034 231 1083 est
246 1030 395 1089 eontrarium
410 1029 503 1080 tenebra
516 1029 579 1079 eninr
593 1032 629 1080 est
641 1028 740 1093 privatio
754 1028 857 1079 luminis.
867 1030 929 1094 Ergo

124 1102 201 1155 lumen
213 1116 260 1152 non
274 1105 311 1153 est
325 1101 424 1167 qualitas
437 1098 565 1150 sensibilis.

157 1178 180 1225 ε.
195 1176 318 1237 Praeterea,
333 1186 401 1223 εειιεε
421 1176 457 1225 εει
475 1170 550 1236 potior
572 1171 662 1223 eltertn.
679 1171 725 1221 Sed
742 1171 783 1221 lux
798 1170 928 1224 caelestium

125 1260 244 1311 corporum
255 1248 334 1297 causat
345 1246 429 1295 termas
440 1243 601 1295 substantiales
611 1242 636 1293 in
649 1242 700 1293 istis
714 1242 872 1306 interioribns3
889 1246 930 1295 <lat

125 1318 194 1369 etiam
211 1332 261 1367 ease
274 1316 391 1383 spirituale
407 1314 533 1375 coloribus,
549 1315 602 1378 quia
622 1314 678 1366 lauit
695 1328 734 1365 eos
749 1314 849 1363 visibiles
863 1320 928 1366 actu.

126 1390 186 1451 Ergo
196 1388 234 1437 lux
244 1402 289 1439 non
300 1390 336 1439 est
345 1386 419 1451 aliqua
430 1385 527 1451 qualitas
538 1384 668 1449 sensibilis3
680 1386 720 1435 sod
734 1384 807 1448 magis
820 1387 930 1439 snbstan-

127 1459 187 1511 tialis
203 1460 291 1521 forma,
305 1463 344 1509 aut
356 1456 487 1523 spiritualis.

158 1531 203 1583 Sed
216 1535 294 1582 contra
308 1536 357 1592 est,
370 1530 431 1595 qnod
443 1530 598 1581 Damasoenns
611 1528 667 1581 ‹lieit
679 1528 704 1579 in
717 1528 758 1579 lib.
772 1530 796 1590 l,
813 1528 874 1593 qubd
890 1531 932 1581 lux

128 1606 164 1657 est
175 1602 279 1667 quadam
292 1601 388 1667 qualitas
408 1600 451 1664 (tl.

163 1674 321 1739 (Concnusro.
333 1699 363 1710 -
372 1670 430 1723 Cbm
451 1670 527 1722 lumen
543 1672 632 1722 nonsit
647 1670 789 1735 substantia,
805 1685 879 1735 neque
894 1674 932 1725 in-

128 1747 216 1809 tentio,
232 1756 326 1797 neeesse
342 1746 442 1795 estesse
457 1743 570 1807 quandam
585 1743 682 1796 activam
695 1742 826 1809 qualitatem
845 1756 933 1796 conse-

129 1823 237 1886 quentem
250 1832 291 1882 per
303 1830 329 1869 se
342 1829 423 1880 corpus
439 1814 545 1880 lucens.)

159 1889 296 1955 Respondeo
308 1887 426 1938 (lieentum
434 1924 440 1947 ,
449 1885 508 1949 qubd
518 1886 610 1951 quidam
620 1886 727 1939 dixerunt
739 1887 799 1953 quod
813 1886 893 1937 lumen
907 1889 934 1941 in

129 1976 182 2015 aere
198 1976 245 2015 non
261 1961 331 2013 babet
343 1973 394 2009 erse
406 1960 521 2023 natmale,
531 1960 592 2011 sicut
604 1960 665 2009 color
674 1960 699 2009 in
709 1960 812 2024 parieteq
828 1959 868 2009 sed
878 1975 936 2013 esse
955 2009 956 2012 ,

129 2032 277 2091 intentionale
288 2070 295 2093 ,
307 2031 366 2083 siout
376 2028 499 2081 similitudo
513 2030 594 2082 eoloris
604 2030 629 2081 in
641 2044 701 2082 aere.
716 2031 760 2081 Sed
773 2032 818 2081 boe
830 2044 877 2081 non
888 2047 934 2095 po-

130 2108 175 2155 ιεει
184 2117 250 2167 esse,
263 2105 357 2167 propter
370 2102 423 2151 duo.
438 2100 514 2153 Primo
528 2100 634 2168 quidem,
643 2101 697 2167 quia
709 2102 787 2151 lumen
799 2100 936 2156 denominat

132 2189 216 2229 aerem.
231 2174 269 2225 Fit
281 2174 343 2227 enim
354 2187 393 2228 aer
405 2172 531 2226 luminosus
543 2174 568 2225 in
583 2178 642 2224 nutu.
655 2174 721 2224 Color
733 2171 788 2236 verb
801 2186 848 2223 non
861 2175 937 2229 deuo-

165 2302 196 2367 (ι)
213 2304 246 2351 lle
265 2302 301 2349 his
319 2302 389 2349 otiam
411 2302 435 2347 ln
446 2304 482 2362 ll,
497 2302 576 2353 Sept..
593 2301 647 2346 illst.
666 2299 709 2360 13,
724 2305 768 2347 art.
790 2299 805 2345 3
821 2307 845 2346 ει
860 2300 892 2355 ις
909 2313 936 2351 eq

131 2374 212 2425 quaest.
227 2368 256 2412 (le
269 2365 426 2423 spiritualibus
439 2366 566 2425 proaemio,
580 2371 625 2411 art.
637 2366 653 2407 ιι
666 2364 694 2408 ad
714 2362 758 2417 12;
772 2364 829 2409 etin
844 2366 883 2424 ΙΙ,
897 2367 936 2414 Da

131 2433 224 2480 animo,
233 2431 288 2475 leot.
297 2428 341 2483 tt;
354 2428 514 2488 amputauit,
526 2440 566 2485 qu.
577 2427 605 2480 ἰς
619 2432 641 2473 et
653 2428 684 2486 11,
694 2426 729 2471 lie
744 2426 811 2476 roeto,
821 2428 878 2473 lert.
890 2428 933 2491 lo,

126 2494 176 2540 mr.
187 2494 210 2539 b.

166 2562 196 2627 (ι)
210 2565 247 2610 Sto
256 2564 318 2610 enim
328 2564 375 2621 lbi,
390 2562 481 2623 eapti,
495 2564 553 2607 Lem
562 2573 616 2619 quo
625 2561 654 2607 ab
664 2563 723 2619 ique
731 2561 936 2618 inreparabiliter

127 2630 261 2687 etquattuor,
270 2629 300 2673 ln
311 2628 366 2685 ipro
380 2638 472 2683 semper
482 2638 581 2673 meam
590 2638 640 2670 non
653 2623 720 2675 ιαιει
731 2626 862 2683 propriam
874 2627 932 2670 rub-

131 2693 265 2741 :terrarium
277 2694 365 2749 praeter
377 2690 458 2745 turrem
468 2702 477 2741 ,·
482 2692 518 2749 εει
528 2690 593 2736 enim
603 2688 727 2733 nuturolir
738 2687 843 2745 qualitur
853 2688 933 2743 aquia,

133 2754 195 2809 Quod
210 2754 238 2799 ad
255 2754 304 2799 Filii
320 2746 473 2797 differentiam
487 2750 572 2806 alfort,
586 2752 626 2806 qui
638 2750 741 2807 quamuis
753 2754 779 2793 ut
790 2750 829 2795 lux
841 2750 935 2807 insepa-

131 2816 235 2862 rabiliter
248 2817 261 2861 ε
275 2819 342 2862 Patre
359 2814 468 2871 procedat
476 2846 484 2873 ‚
499 2813 672 2859 subsistentiam
684 2817 763 2857 tamen
779 2824 844 2858 suam
860 2813 933 2863 babet

133 2880 146 2924 al
160 2886 255 2936 paterna
273 2879 414 2924 distinctam.
