1984 3309
132 174 164 210 ns
176 173 272 209 umens.
288 173 380 212 novrum
393 169 584 210 ammaricus
599 171 624 210 nu
641 173 757 212 semum.
801 157 851 210 iot

48 252 130 313 inemo,
145 254 169 300 et
178 249 363 314 oppositumejus
370 248 512 314 impossibiie
522 251 557 300 est
566 249 589 300 ci
598 249 683 300 messe.
695 249 759 300 Sicut
769 263 848 302 ueces-

49 321 132 373 sarium
147 326 185 372 est
202 321 315 373 hiuanam
328 334 379 372 esse
389 335 477 386 parem,
494 325 519 371 et
530 321 671 386 impunibile
685 326 720 372 est
733 335 784 374 eum
799 337 849 374 esse

47 397 167 460 imparem.
188 396 249 446 iisse
271 398 348 445 autem
364 408 405 458 per
421 408 447 445 sc
466 394 613 459 consequitur
627 395 654 445 ad
672 395 781 460 formam,
795 397 849 461 quia

47 467 225 532 unumquodque
233 465 358 518 mcuutim
372 467 513 516 honestans
525 467 847 531 actn‚qucuthuieticrmam.

47 539 154 597 Quaedam
171 542 247 588 autem
260 541 369 587 creaturae
382 542 450 600 sunt,
462 551 513 600 quac
524 541 577 587 sunt
588 537 666 589 iormae
676 540 778 602 quedam
791 541 850 590 sub-

46 613 163 672 orientes,
173 611 268 661 stende
276 610 455 673 angelistietum
466 613 510 660 cst.
519 609 548 660 itu
561 611 594 660 sic
602 625 642 675 per
649 625 673 662 se
680 611 741 662 ineat
749 613 782 662 cis
789 629 847 663 erce.

46 686 74 734 itt
82 685 166 736 eadem
182 682 242 734 ratio
254 687 289 734 cst
299 685 328 734 de
341 682 387 732 iilis
399 695 496 747 quorum
508 683 602 734 materia
611 697 658 734 nou
670 685 738 734 estin
748 687 850 750 potentia

45 756 90 807 nisi
105 757 134 807 aut
147 769 219 806 nuum
238 756 352 816 turmam,
366 755 426 804 sicut
442 753 512 818 supr'a
527 755 611 804 dictum
630 759 665 805 est
679 757 706 806 dc
721 757 851 820 corporibus

46 827 185 879 caelestibus.
198 827 336 890 Huiusmodi
345 839 401 890 ergo
410 830 519 876 creaturae
535 825 659 876 secundum
675 841 739 877 suam
748 834 851 879 naturam

46 912 75 949 ex
90 897 230 950 necessitate
245 900 314 956 sunt,
327 900 351 947 ct
364 910 411 946 uon
422 900 519 960 possunt
534 909 580 947 uon
596 910 654 948 esse.
666 897 770 948 Potentia
789 898 850 950 cuim

46 970 76 1019 ad
89 983 139 1018 noo
149 983 202 1018 eece
218 981 265 1018 non
278 971 354 1031 potest
367 967 457 1018 tantari
470 981 544 1031 neque
555 969 580 1017 in
595 968 667 1019 forma
673 1006 681 1032 ,
695 982 763 1032 quam
774 983 816 1034 per
827 985 851 1022 sc

47 1039 152 1104 sequitur
167 1053 236 1098 ecce,
251 1051 327 1102 neque
341 1039 366 1088 in
385 1038 479 1089 materia
496 1039 608 1090 existente
626 1040 667 1090 sub
682 1040 771 1104 torma,
784 1055 851 1105 quam

47 1126 96 1163 uon
110 1113 186 1176 potest
196 1110 311 1172 amittere,
321 1110 372 1161 cim
382 1124 429 1161 uon
439 1110 471 1161 sit
483 1111 508 1160 in
518 1110 622 1175 potentia
631 1111 658 1162 ad
669 1112 736 1162 aliam
746 1113 849 1164 turmam.

78 1189 104 1234 2.
118 1184 233 1234 Praetema
242 1219 252 1246 ,
263 1183 324 1233 Deus
336 1186 370 1233 ost
380 1182 494 1246 potentior
504 1183 607 1246 quotibet
618 1187 693 1234 creato
704 1188 794 1247 agente.
807 1186 853 1236 Sed

47 1255 140 1319 aliquod
159 1257 264 1304 creatum
280 1267 351 1317 agens
364 1258 441 1318 potest
460 1255 625 1306 communicare
644 1268 685 1305 sno
700 1255 808 1319 etiectui,
828 1261 853 1306 ut

48 1329 197 1379 conservetur
207 1325 233 1374 in
242 1339 305 1382 esce,
319 1326 388 1376 etiam
398 1326 450 1390 ejus
459 1327 591 1390 operatione
602 1330 705 1376 cessante
719 1326 794 1376 :sicut
803 1339 853 1378 ces·

48 1404 112 1450 nuta
126 1398 220 1449 actone
234 1397 374 1448 edificatoris
385 1401 486 1448 remanet
500 1398 581 1448 domus
593 1435 599 1458 ,
613 1402 636 1448 et
646 1404 750 1448 cessante
766 1398 853 1450 actione

48 1470 108 1535 ignis
126 1474 234 1522 remanet
247 1483 306 1534 aqua
321 1471 429 1520 calefacta
442 1469 584 1535 per'aliquout
599 1471 698 1532 tempus.
712 1470 771 1534 Ergo
783 1471 854 1521 multo

47 1544 121 1607 magis
135 1544 199 1594 Deus
214 1545 290 1606 potest
299 1554 346 1592 suae
358 1545 464 1592 creatura
478 1541 582 1592 coutcmc
596 1541 657 1606 quod
671 1544 818 1592 conservetur
830 1542 855 1592 in

50 1631 111 1670 esse,
125 1627 169 1665 suu
183 1613 316 1678 operatione
327 1617 439 1664 emsaute.

82 1693 105 1738 t.
125 1689 261 1750 Proetum,
279 1686 367 1736 nullum
384 1685 508 1737 violentum
524 1687 600 1750 potest
620 1686 751 1751 contingere
771 1688 854 1752 absque

50 1761 126 1825 aliqua
139 1771 210 1810 causa
223 1761 305 1822 agente
320 1758 364 1822 (i).
378 1758 423 1808 Sed
438 1759 532 1809 tantm
549 1757 577 1808 ad
590 1771 639 1808 con
653 1773 703 1808 ecce
715 1762 751 1810 ert
763 1759 855 1811 iuuatu-

51 1833 100 1882 raic
120 1836 145 1882 et
159 1830 289 1881 violentum
306 1830 399 1901 cuilibet
415 1833 544 1893 creature,
558 1831 611 1895 quia
630 1831 737 1894 qualibet
751 1835 856 1882 creatura

53 1902 187 1953 naturaiiter
200 1900 290 1965 appetit
303 1914 361 1950 ecee.
379 1902 439 1963 Ergo
452 1901 513 1950 nulla
525 1905 627 1951 creatura
640 1904 715 1966 potest
728 1903 821 1952 tendere
832 1901 856 1951 in

52 1989 103 2024 non
117 1990 186 2034 ease,
202 1972 249 2023 nisi
269 1971 345 2036 atiquo
361 1976 442 2034 agente
460 1973 488 2023 ad
508 1973 681 2038 corruptionem.
696 1974 740 2024 Sed
753 1973 857 2038 quadam

50 2048 153 2097 suntad
169 2058 268 2110 quornm
279 2044 445 2109 corruptionem
458 2045 517 2094 nihil
532 2058 596 2108 agere
610 2047 703 2110 potest,
717 2046 776 2095 sicut
791 2045 858 2109 spiri-

51 2119 128 2170 tuales
140 2116 277 2169 mostantiae
288 2119 312 2166 et
322 2129 415 2180 corpora
424 2116 532 2167 rmiestia.
542 2117 602 2181 Ergo
611 2116 741 2182 hujusmodi
750 2119 857 2167 creatura

52 2205 101 2242 non
110 2194 210 2255 possunt
217 2189 311 2239 tendere
318 2188 344 2237 iu
352 2203 467 2246 ooneem,
478 2189 547 2240 ctiam
555 2189 596 2240 Dei
604 2189 736 2253 operatione
744 2193 856 2239 cessante.

87 2268 111 2314 t.
126 2265 259 2324 Praeterea,
275 2260 296 2310 si
310 2262 371 2310 Deus
388 2265 508 2311 conseruat
519 2275 556 2312 res
573 2262 598 2311 iu
617 2276 683 2316 esse,
699 2263 744 2310 troc
759 2259 804 2311 erit
817 2273 858 2326 per

54 2336 157 2400 atquem
172 2333 294 2384 actionem.
312 2335 357 2382 Per
369 2333 494 2397 quamlibet
509 2337 584 2384 arrtem
595 2332 707 2385 actionem
719 2333 822 2396 agentis,
839 2333 858 2383 si

52 2408 85 2456 sit
98 2407 197 2468 efficax,
208 2403 294 2468 aliquid
305 2404 332 2453 tit
342 2402 369 2452 in
380 2404 470 2454 etiectu.
482 2406 575 2469 Oportet
585 2404 654 2468 igitur
662 2405 721 2468 quod
734 2418 775 2468 per
788 2405 858 2455 actio·

53 2491 111 2528 nem
128 2477 172 2528 itei
189 2475 347 2526 conservantis
364 2476 448 2539 aiiquiut
463 2477 503 2526 iiat
519 2476 545 2527 in
560 2480 672 2527 creatura.
692 2477 736 2527 Sed
757 2478 800 2527 hoc
812 2487 858 2527 uon

52 2550 156 2600 vitietur.
165 2550 217 2599 Non
231 2547 293 2597 enim
304 2561 345 2610 per
353 2548 484 2611 hujusmodi
495 2549 606 2600 actionem
616 2549 641 2599 tit
650 2549 723 2613 ipsum
732 2563 784 2599 ecce
796 2562 859 2600 crea-

54 2627 126 2684 turae,
139 2618 328 2684 quiquoniam
341 2623 392 2680 est,
404 2634 451 2670 non
463 2622 504 2686 itt3
519 2633 592 2685 neque
606 2621 688 2672 iterum
701 2621 786 2686 aliquid
799 2621 859 2670 atiud

93 2785 125 2847 (1)
146 2786 234 2843 Quippe
252 2785 306 2831 oum
320 2787 445 2831 uiolentam
463 2786 627 2846 aPhitosopho
641 2785 773 2848 definiatur,
789 2787 859 2843 cujus

52 2848 220 2910 mittem·
228 2852 262 2893 eet
270 2853 353 2898 extra,
364 2850 431 2894 otuu
442 2851 578 2910 conserente
590 2853 640 2898 otro
648 2863 733 2910 potum·
744 2855 770 2896 ut
779 2861 808 2894 ex
816 2849 858 2893 111.

57 2913 184 2966 Etts'cor„
195 2923 250 2970 cap.
261 2910 292 2974 i,
304 2911 426 2971 colligitur.
