1984 3309
132 177 177 224 ts!
339 182 400 224 rans
413 184 437 232 r,
450 179 543 228 ouum.
557 181 613 229 cur,
628 180 682 220 aar.
696 181 723 219 rr.

162 268 186 313 t.
196 261 413 321 antemusium
426 257 576 311 mddtudinu
591 257 741 310 videturesse
756 258 820 322 ordo,
835 261 860 309 et
872 269 925 324 par,

130 349 181 400 qun
199 337 235 385 est
249 332 403 398 tanquillitas
420 331 518 393 ordinis,
534 334 561 381 ut
578 330 717 394 Augustinus
737 329 793 381 dicit
808 331 871 381 lllll.
894 333 928 382 lle

131 406 208 456 civit.
218 404 272 461 Dei,
287 405 316 468 (c.
329 406 380 465 dt).
390 403 435 453 Sed
446 402 543 452 mundns
553 400 578 452 in
588 402 685 466 quadam
695 413 772 452 rerum
783 401 928 462 multitudine

130 475 242 528 consuit.
253 475 312 539 drgo
321 473 374 526 duis
385 472 555 538 gubernationis
564 473 643 524 nundi
651 476 687 523 est
695 472 806 537 pacificus
813 473 880 538 ordo,
890 474 929 537 qui

130 554 167 601 est
182 548 279 613 idipsis
296 547 373 598 rebus.
392 547 445 597 lton
462 559 516 610 ergo
535 544 587 596 duis
602 544 774 609 gubernationis
796 557 874 596 rorum
893 550 928 596 est

130 621 242 685 quoddam
256 621 342 672 bouum
357 618 522 670 enimcum.

161 694 205 744 Sed
217 697 295 743 contra
309 695 360 755 cst,
374 691 434 755 quod
452 689 535 742 dicitur
551 689 679 753 Procedo,
701 689 750 740 xvl
769 703 775 737 :
792 689 933 741 «Universa
981 689 982 706 l

130 769 223 830 propter
232 779 257 816 se
266 767 373 830 operatus
381 767 418 813 est
429 762 546 813 Dominus.
556 777 570 809 a
582 763 635 825 lpse
645 765 721 812 autem
731 763 767 811 est
776 765 843 812 extra
856 765 930 813 utun

130 837 233 888 ordinem
246 836 353 887 universi
361 836 422 898 Ergo
430 834 566 885 tinisrerum
580 836 617 883 est
626 833 739 897 quoddam
746 833 834 884 honum
844 833 930 884 extrin

131 921 217 959 secum

161 979 171 1045 (
178 977 418 1030 &amusim-Chaa
426 977 564 1043 principium
578 989 653 1028 rerum
662 977 694 1027 sit
702 977 832 1040 externum,
840 980 930 1041 oportet
982 1011 983 1024 a

129 1056 154 1102 et
168 1051 237 1102 finem
250 1049 419 1119 gubernationis
429 1050 508 1100 mnudi
522 1061 573 1100 asse
584 1047 672 1112 aliquid
685 1050 751 1098 extra
764 1047 902 1112 mundum.)

161 1123 296 1187 despondeo
308 1121 442 1182 dicendum,
452 1120 513 1186 quod
523 1119 575 1171 char
585 1119 638 1170 duis
646 1120 782 1183 respoudeat
796 1117 929 1186 principio,

130 1209 177 1246 non
187 1199 263 1259 potest
273 1195 323 1245 lieri
332 1196 360 1244 ut
369 1194 482 1259 principio
495 1191 788 1256 cognito,quissitreru1n
804 1189 859 1243 linis
867 1193 932 1258 iqno·

130 1271 197 1318 retur.
215 1265 272 1317 Cium
285 1266 354 1330 igitur
366 1265 502 1330 principium
515 1277 591 1314 rarum
608 1263 638 1314 sit
651 1262 735 1327 aliquid
749 1262 903 1315 extrinsecam
917 1263 930 1315 b
983 1323 984 1338 χ

130 1340 180 1389 toto
192 1338 310 1401 aduerso,
320 1337 409 1389 scilicet
423 1337 500 1399 licus,
510 1339 536 1385 nt
549 1347 578 1386 ax
591 1345 660 1398 supra
668 1334 736 1385 dictis
745 1338 825 1399 patet,
837 1349 931 1388 necesse
983 1339 984 1380 l

130 1413 166 1460 est
184 1407 244 1474 qudd
260 1409 329 1460 etiam
343 1408 395 1459 linis
404 1421 480 1459 rerum
491 1407 523 1458 sit
535 1407 647 1473 quoddam
660 1407 746 1457 honum
759 1405 914 1458 extrinsecum
926 1425 933 1472 3

131 1484 155 1531 et
165 1483 209 1532 hoc
218 1481 305 1531 ratione
318 1483 420 1545 apparet.
429 1477 573 1530 dandestum
585 1482 619 1529 ast
627 1477 690 1529 eninr
702 1477 762 1542 quhd
769 1477 855 1528 houunr
862 1479 933 1531 babet

130 1553 241 1603 rationem
252 1551 304 1601 linis
317 1568 322 1600 z
335 1552 394 1602 unde
404 1551 456 1602 linis
468 1549 611 1614 particularis
620 1549 716 1614 ahcnjrrs
727 1549 760 1600 rei
771 1553 806 1600 est
815 1551 928 1614 quoddam

130 1623 214 1675 bonum
227 1623 377 1688 particulare,
388 1622 439 1674 bnis
454 1626 530 1673 autem
544 1621 679 1672 universalis
693 1635 769 1672 rerum
781 1623 884 1674 ommuni
895 1628 932 1675 est

130 1696 241 1759 quoddam
252 1694 483 1745 bonumuniversale.
493 1695 582 1744 Bonum
592 1698 668 1745 autern
682 1693 810 1746 uniuersale
819 1698 856 1746 est
871 1698 932 1760 quod
984 1709 985 1716 ¹

131 1770 249 1831 estparse
264 1769 336 1830 etper
346 1779 410 1818 suam
418 1768 542 1818 essentiam
551 1765 646 1830 benum,
656 1766 717 1830 quod
727 1769 763 1816 est
769 1765 820 1830 ipsa
830 1769 930 1819 assecha

130 1839 253 1903 bonitatis3
264 1839 350 1890 bonurn
362 1842 437 1890 auteur
450 1839 583 1904 particrdare
595 1842 646 1902 est,
657 1839 716 1902 qnod
728 1841 763 1890 ast
770 1839 931 1906 participative

130 1912 221 1963 mcum.
234 1911 378 1963 Manifestum
391 1914 427 1962 est
442 1915 518 1962 auem
528 1909 588 1974 qudd
604 1910 628 1962 in
642 1915 690 1962 tota
705 1910 855 1963 universitate
868 1927 932 1965 crea·

130 1987 230 2036 turam
243 1984 329 2034 nudum
339 1986 375 2035 est
388 1983 486 2043 honum,
497 1983 559 2046 quod
569 1995 616 2032 nou
627 1982 657 2034 sit
665 1981 824 2046 participative
834 1983 928 2036 bonnm.

131 2057 193 2107 Unde
202 2056 258 2108 illud
272 2057 371 2120 bonum,
381 2055 442 2118 quod
453 2059 489 2106 est
496 2055 550 2106 linis
561 2052 632 2106 totius
639 2053 755 2115 udverd,
766 2058 859 2118 oportet
867 2057 928 2120 quod

131 2128 161 2180 sit
171 2129 320 2181 enhmsecurn
331 2127 345 2178 'a
358 2130 405 2178 toto
418 2127 533 2178 universo.

162 2201 196 2251 bd
210 2201 309 2265 pdurum
326 2213 380 2264 erqo
401 2198 541 2259 dicendum,
557 2197 617 2262 quhd
635 2199 720 2250 bonum
738 2198 831 2263 aliquod
848 2213 928 2252 conse

131 2272 388 2338 quimnrmullipliciter.
397 2273 447 2323 Uno
456 2272 523 2322 modo
533 2271 593 2322 sicut
606 2273 703 2328 formam
713 2270 737 2320 iu
747 2271 814 2322 nobis
829 2272 931 2324 subten-

130 2350 191 2405 tem,
205 2349 232 2394 nt
246 2344 366 2395 mnibtenr
379 2348 418 2394 arrt
434 2343 562 2394 scientiam.
580 2343 631 2393 alio
645 2343 727 2404 modo,
741 2345 767 2393 ut
785 2343 870 2407 aliquid
890 2357 932 2408 per

131 2429 175 2466 nos
188 2420 305 2479 operatum
323 2432 329 2465 :
347 2415 405 2466 sicud
425 2415 546 2466 edificator
562 2415 707 2478 consequitur
725 2414 808 2476 linere,
822 2415 928 2468 faciendo

132 2488 231 2538 domam.
241 2487 290 2537 llio
299 2489 364 2538 nrodo
372 2488 432 2537 sicut
439 2487 528 2550 aliquod
536 2487 619 2538 honum
627 2487 729 2537 habitum
738 2485 775 2536 vel
782 2501 928 2550 possessum:

132 2562 159 2608 ut
170 2558 208 2607 ille
222 2558 261 2621 qui
277 2559 347 2621 emit,
358 2559 503 2623 musaquitur
517 2557 586 2610 duem
601 2559 738 2622 possidendo
754 2571 843 2622 agrum.
864 2560 929 2612 [luds

132 2628 188 2678 nibil
201 2629 306 2693 prohihet
313 2629 369 2679 thud
382 2630 411 2679 ad
423 2630 484 2693 quod
496 2629 627 2692 perducitur
640 2630 781 2694 universum,
792 2643 843 2681 esse
856 2632 929 2696 qudd-

134 2701 186 2750 dam
196 2701 281 2750 bonum
293 2700 452 2752 extrinsecum.

162 2771 197 2822 ld
219 2771 343 2821 secundum
366 2772 504 2836 dicendum,
520 2773 580 2837 qudd
605 2775 756 2840 Philosophus
780 2775 883 2840 loquitur
903 2779 930 2828 de

133 2843 214 2894 mbae
223 2843 319 2907 artium;
331 2858 425 2907 quamn
437 2846 540 2908 quedam
550 2847 635 2899 bahent
642 2862 684 2914 pro
691 2849 775 2899 tinibus
786 2849 931 2912 operationes

132 2912 208 2977 ipsas,
224 2913 283 2964 siout
304 2914 425 2966 citharista
446 2915 497 2968 duis
517 2921 552 2968 est
576 2917 728 2984 citharizare;
747 2919 853 2984 quedam
877 2934 931 2972 uero
