1984 3309
257 168 289 203 ns
303 166 430 204 cossurus
446 166 634 205 rumnmumvrs.
802 157 847 205 iil

70 238 233 304 (Conausro.
244 263 275 275 —
285 237 344 288 Cium
362 238 439 288 anima
455 239 557 289 humane
573 238 630 289 nibil
645 239 675 290 sit
687 239 812 305 perfectius
825 240 849 290 in

41 310 187 361 interioribus
208 310 290 367 rebus,
312 324 365 375 qne
381 313 506 362 tamenab
524 310 692 363 uniuersalibus
713 312 789 363 causis
804 313 849 363 uir·

41 387 98 432 tutes
113 382 221 447 proprias
239 382 325 433 inclitas
338 383 437 447 babent,
448 386 539 447 oportet
556 383 581 432 in
591 381 667 433 anima
679 396 730 434 esso
741 384 850 436 uirtutem

41 456 159 516 qnamdam
181 453 323 517 insuperiori
341 454 461 503 intellectu
478 454 604 505 derivatam
613 491 621 517 ,
636 468 678 519 per
691 468 758 518 quam
779 456 851 521 possit

42 529 199 589 phantasmata
221 527 351 586 illustrare,
367 529 391 575 et
410 524 563 589 intelligibilia
588 525 613 575 in
634 527 752 593 polenia,
775 529 850 579 lacero

42 597 228 662 intelligibiliain
247 597 331 660 actu.)

69 671 210 735 Respondeo
223 668 347 720 dicendam
358 708 365 733 ‚
376 668 437 733 quoi
448 668 579 720 intellectus
588 682 659 735 egens
671 670 699 721 de
712 684 757 735 quo
771 668 850 722 Philo-

42 744 123 805 sophus
133 741 254 805 loquitur‚
268 745 304 791 est
314 740 401 805 aliquid
412 742 501 793 anime.
517 742 700 793 saeuientem
709 742 852 794 considerau-

43 814 91 861 iurn
103 818 156 877 est,
169 811 235 877 quod
248 826 318 876 supra
330 813 430 862 animam
444 813 606 865 intellectivam
622 816 744 865 bumenam
759 828 853 865 neeesse

42 892 75 933 est
85 899 175 949 ponere
186 886 290 949 aliquem
302 885 445 948 superiorem
457 885 617 949 intellectum,
634 885 702 949 ique
716 886 792 936 anima
805 886 851 936 rir-

43 962 111 1005 tutem
124 956 273 1019 intelligendi
286 956 397 1006 obtineat.
411 956 506 1021 Semper
522 956 584 1007 euim
600 958 660 1020 qnod
675 956 797 1021 participet
811 956 853 1007 eli-

44 1029 96 1090 quio
105 1067 112 1092 ‚
122 1034 146 1079 ει
156 1030 221 1093 quod
233 1031 269 1077 est
277 1028 376 1089 mobile,
392 1030 416 1077 et
429 1028 540 1091 quoi=est
551 1028 720 1093 imperfectum,
733 1027 853 1093 praeexigit

46 1104 97 1149 sule
111 1114 135 1151 se
148 1097 241 1163 aliquia
253 1101 313 1163 quod
324 1104 360 1149 est
371 1112 415 1163 per
424 1100 547 1150 essentiam
559 1112 623 1150 suam
634 1100 693 1161 tale,
705 1105 729 1151 et
745 1102 806 1165 quod
817 1104 853 1151 est

45 1171 173 1232 immobile,
190 1175 215 1221 et
231 1171 369 1235 perlectum.
388 1171 469 1221 bnima
488 1176 564 1222 auteur
584 1174 683 1223 bumana
701 1172 853 1222 intellectiva
895 1202 918 1239 ,ι

45 1245 133 1307 dicitnr,
142 1258 187 1309 per
194 1242 397 1308 participationem
406 1244 567 1295 intellectualis
574 1244 676 1294 virtutis.
683 1244 753 1307 Cujus
761 1244 853 1308 sigium

45 1317 147 1381 estquod
160 1328 212 1366 nou
227 1318 278 1364 terta
290 1319 327 1365 est
341 1315 499 1377 intellectiva,
512 1318 552 1367 scol
565 1318 691 1367 secuudum
703 1316 802 1379 abnuam
818 1314 854 1366 sui

47 1394 136 1449 punem.
149 1385 268 1449 pertingit
276 1386 346 1437 etism
355 1386 385 1437 ad
394 1386 568 1451 intelligentium
576 1386 682 1438 reritstis
695 1400 746 1436 cum
756 1388 854 1450 quodam

49 1459 142 1511 discmsu
156 1463 181 1510 et
199 1463 265 1509 motu
275 1461 399 1522 arguendo.
418 1460 491 1510 Habet
506 1461 577 1511 etiam
594 1459 753 1524 imperfectum
770 1458 855 1509 iutelb-

51 1532 156 1597 genten,
171 1536 227 1581 tum
239 1530 293 1594 quia
308 1531 639 1595 nonomniaintelbg1t‚tum
653 1530 742 1595 quirin
753 1529 789 1581 bis
803 1543 854 1594 quie

51 1602 147 1668 iuteliglt
164 1606 196 1654 de
218 1604 324 1667 potentia
343 1604 446 1668 procedit
464 1606 493 1654 acl
515 1608 600 1655 actum.
616 1606 711 1669 Oportet
731 1618 785 1668 ergo
803 1616 854 1654 csse

49 1677 139 1738 siquem
151 1675 263 1727 altiorem
281 1675 502 1741 intellectumque
519 1676 596 1726 anima
613 1676 707 1739 juretur
720 1678 748 1727 ad
766 1675 855 1726 intelli·

46 1749 146 1808 gencium.
164 1750 299 1797 Potuerunt
311 1756 366 1809 ergo
389 1746 481 1810 quidem
496 1750 558 1799 hunc
574 1747 715 1799 intellectum
729 1747 854 1799 mundius

47 1820 197 1869 substantiam
208 1821 350 1882 separatum,
363 1830 415 1868 esse
431 1819 588 1869 intellectum
600 1821 730 1883 agentem
739 1819 780 1883 qui
791 1818 856 1883 quasi

47 1889 177 1941 illustrando
195 1891 376 1953 phantasmata,
393 1890 448 1941 iacit
460 1904 488 1946 ea
504 1888 654 1954 intelligibilia
671 1894 729 1941 actu.
746 1892 789 1942 Sed
803 1892 855 1943 dato

47 1965 100 2023 quoi
114 1962 147 2012 sit
161 1961 249 2025 aliquis
261 1961 314 2011 talis
328 1960 460 2013 intellectus
474 1978 545 2027 agens
559 1968 690 2028 separatus,
706 1960 855 2014 nibilominus

47 2040 118 2086 umen
131 2037 227 2101 oportet
236 2047 324 2098 ponere
337 2034 364 2083 in
375 2036 427 2100 ipse
438 2036 516 2088 anima
526 2037 626 2086 bumana
638 2036 736 2100 aliquam
746 2036 855 2085 virtutem

47 2107 73 2154 ab
83 2108 121 2159 illo
133 2106 257 2157 intellectu
272 2107 386 2172 superiori
399 2108 573 2172 participatum,
583 2123 624 2174 per
637 2122 706 2172 quam
714 2107 790 2158 anima
800 2104 857 2158 facit

47 2177 237 2243 intelligibilium
251 2182 311 2228 actu.
330 2179 394 2229 Sicut
405 2178 429 2228 in
442 2179 492 2229 aliis
505 2180 572 2231 rebus
584 2178 723 2231 naturalibus
737 2178 855 2245 perlectis,

48 2256 125 2311 preter
135 2249 282 2301 universales
295 2264 378 2301 caums
389 2255 482 2314 agentes
495 2258 548 2303 sunt
557 2252 654 2317 proprie
667 2252 764 2303 virtutes
778 2252 856 2303 indite

48 2323 139 2386 singulis
152 2323 224 2375 rebus
237 2322 360 2386 perlectis,
371 2324 400 2373 ab
410 2323 579 2375 universalibus
598 2324 718 2388 agentibus
739 2324 854 2378 derivate.

49 2395 95 2444 lion
103 2397 168 2447 enim
179 2395 245 2447 solus
253 2394 287 2446 sol
298 2399 394 2458 generat
402 2395 533 2459 bominem,
545 2396 586 2446 sed
596 2398 665 2446 estin
676 2396 769 2447 bomine
782 2396 856 2449 virtus

49 2468 177 2521 generativa
190 2464 307 2531 bominis3
324 2471 348 2519 et
363 2467 470 2519 similiter
484 2468 510 2517 in
523 2468 574 2518 aliis
587 2468 724 2519 animalibus
737 2468 853 2534 perlectis.
887 2476 903 2527 i

49 2537 104 2591 bibit
115 2544 195 2590 autem
205 2543 243 2591 est
250 2539 378 2604 perfectius
386 2538 412 2588 in
422 2540 570 2591 inferioribus
578 2541 648 2591 rebus
657 2538 735 2591 anima
745 2542 854 2592 bumana.

49 2711 144 2773 juugitur
159 2734 166 2761 ι
181 2715 246 2762 idem
266 2722 302 2761 est
321 2714 392 2773 porro
409 2727 436 2759 ae
456 2714 606 2762 intellectum
622 2714 762 2777 possibilem
780 2713 855 2764 dicero

51 2779 85 2831 qui
95 2780 173 2825 omnia
185 2779 211 2825 iit
226 2784 254 2823 ut
263 2780 292 2824 ad
304 2778 384 2824 omnia
398 2778 539 2834 inpotentia
553 2779 673 2837 existens,
689 2784 712 2823 et
726 2778 802 2823 dicere
816 2777 856 2825 itt·

51 2841 310 2952 Ξέὲξέιεέωαφεπιειη,
329 2840 369 2897 qui
384 2841 456 2885 veluti
469 2841 547 2887 omnia
568 2840 624 2886 iacit
637 2841 691 2887 dum
704 2838 855 2897 intelligibilia

176 3026 204 3061 u.
733 3009 749 3056 o
