1984 3309
255 189 290 226 ns
304 189 430 228 soumis
445 190 634 233 muncrum
799 186 845 234 itt

32 244 107 316 t‘ruent
116 266 146 316 ad
155 265 263 317 buitim
271 266 410 331 intedectus3
418 267 575 321 undinioues
583 268 638 321 vert
646 283 674 321 en
685 270 722 321 bis
732 272 843 340 deduce,

35 341 59 386 nd
69 338 174 388 brbitnrn
182 338 303 401 scientiae3
318 343 342 389 et
355 339 407 390 ideo
422 354 451 389 ex
459 340 577 405 principiis
590 342 719 405 geometrice
729 346 841 410 coniugii

35 410 113 474 aliquid
129 412 269 461 concludere
290 412 316 461 in
329 411 375 461 aba
387 411 500 475 scientia,
511 412 566 476 puti
584 412 610 463 in
624 416 776 479 perspectiva.
795 419 841 470 Sed

36 485 107 531 eaden
115 487 151 532 est
162 483 268 547 potentia
276 483 373 533 rationis
382 484 411 534 ad
421 496 490 547 quum
500 486 600 548 pertinet
608 490 631 534 et
642 486 742 537 medium
752 493 775 539 et
787 491 843 541 utti-

36 568 103 618 nurn,
115 559 152 605 cst
166 554 231 605 enirn
242 558 308 604 actus
326 555 422 605 rationis
438 557 504 619 quasi
518 557 609 620 quidam
621 562 697 611 motus
708 560 736 609 de
751 575 797 612 uuo
813 564 839 613 in

36 626 88 675 atiud
103 627 253 690 perveniens.
271 627 337 676 Idem
355 630 433 677 nutem
451 629 486 678 est
506 628 589 678 mobile
608 630 667 692 quod
685 633 840 693 pertransiens

38 699 127 747 rnedinur
144 698 260 761 widugit
274 699 302 747 ud
317 697 447 747 terminum.
463 700 527 749 Unde
546 713 590 750 una
605 704 627 750 ct
642 702 722 751 eadem
736 704 839 766 potentia

37 769 120 819 rationis
131 775 169 820 est
184 772 257 819 ratio
271 770 393 833 superior
408 775 431 819 et
448 771 574 834 inferior,
588 772 627 821 sed
644 772 788 837 distinguitur
803 788 840 825 se·

36 842 127 889 cundum
138 842 298 903 Angustinnru
311 840 722 905 perciticiaactuurn,ctsecunduu1
737 845 840 897 diversos

36 912 126 962 trabitus.
140 915 200 963 Nam
214 912 331 975 superiori
345 911 428 962 rationi
442 913 573 963 attribuitur
586 916 722 979 sapientia,
735 916 839 967 interiori

34 984 85 1033 verb
96 986 202 1033 scientio
212 983 260 1049 (t).

67 1056 97 1103 td
108 1057 205 1119 primurn
223 1069 278 1119 ergo
296 1056 433 1119 dicendum,
446 1055 508 1119 quod
527 1058 651 1107 secundum
672 1072 840 1124 quamcumque

37 1127 139 1177 rationum
155 1127 360 1192 participationis,
372 1132 450 1192 potest
463 1144 526 1192 porc
539 1129 607 1193 doci,
616 1129 646 1179 tn
659 1135 767 1194 quantum
784 1130 839 1181 verb

37 1198 89 1247 ratio
106 1200 217 1250 diuiditur
237 1200 365 1249 secundum
382 1200 471 1249 diuersa
485 1200 574 1263 citicia,
593 1202 663 1251 ratio
680 1201 800 1265 superior
816 1205 846 1251 et

38 1271 138 1332 inferior
154 1275 237 1336 partes
251 1271 372 1331 dicuutru,
385 1275 409 1320 et
421 1285 467 1322 uon
478 1273 533 1336 qrriu
546 1277 601 1323 suut
611 1273 707 1323 diversae
717 1274 838 1337 potentie.

64 1343 95 1391 td
106 1344 236 1393 secundum
249 1342 374 1392 diceudum
381 1378 389 1405 ,
403 1341 463 1406 gubd
476 1342 534 1393 rutio
545 1342 640 1394 interior
653 1343 756 1393 dicitrui
772 1359 840 1409 supe-

39 1413 86 1462 riori
98 1414 188 1473 deduci,
204 1414 244 1464 ret
254 1414 283 1472 ab
293 1427 321 1463 ea
334 1413 445 1476 regulari,
457 1413 482 1463 in
495 1418 606 1477 quantum
620 1414 746 1479 principia,
758 1416 840 1479 qubus

42 1484 105 1534 utitur
117 1487 216 1537 interior
231 1484 301 1545 ratio,
315 1485 458 1535 deducuntur
471 1488 495 1535 ot
510 1485 638 1549 diriguntur
650 1484 791 1551 iprincipiis
803 1500 850 1537 su·

40 1556 124 1618 purioris
135 1558 246 1609 rationis.

67 1631 96 1678 td
111 1630 207 1681 tertium
216 1628 427 1692 dicendum,un
442 1630 624 1693 scientificum,
636 1630 664 1679 de
678 1644 724 1693 quo
741 1631 842 1682 Phitcso·

38 1701 92 1762 pirus
104 1702 222 1765 loquitur,
240 1715 288 1751 uon
303 1705 342 1751 est
354 1700 417 1751 idem
427 1702 486 1764 quod
502 1700 571 1749 ratio
587 1702 705 1765 superior·
720 1702 765 1767 (t).
784 1704 840 1753 Nam

37 1775 157 1825 rrecessariu
171 1773 263 1824 scibilia
275 1773 426 1823 inueniuntur
435 1773 503 1823 ειίειε
515 1774 539 1823 iu
549 1774 616 1824 rebus
626 1775 801 1837 temptantibus,
812 1776 840 1824 de

36 1847 110 1906 quibus
127 1850 164 1896 est
188 1845 290 1895 scientia
309 1844 420 1895 naturalis
438 1848 462 1894 et
483 1845 651 1895 mathematica.
675 1846 837 1908 Opr'uotiounr

36 1921 106 1967 eutem
126 1922 151 1967 et
167 1917 381 1965 ratiocinativum
397 1916 422 1965 in
438 1916 513 1965 miuus
526 1919 561 1965 est
574 1914 641 1978 quim
660 1916 717 1966 ratio
731 1916 839 1976 interior,

36 1991 84 2051 nnis
94 1992 132 2041 est
143 1987 329 2051 contingentium
344 1991 442 2037 tanturn.
453 1989 501 2037 Nec
512 1990 591 2037 tamen
604 1990 640 2037 est
656 1986 788 2051 simpliciter
800 1986 840 2035 di-

37 2065 144 2125 cendum,
155 2062 220 2125 quod
231 2062 263 2111 sit
271 2061 316 2110 ntia
324 2060 429 2124 potentia
438 2073 483 2123 qua
494 2060 624 2110 intellectus
634 2060 750 2121 cognoscit
759 2071 841 2107 neces·

36 2135 98 2195 saria,
107 2134 189 2185 etetia
197 2147 245 2197 qrrs
255 2132 374 2195 cognoscit
381 2132 548 2195 contingentia3
557 2131 611 2195 qnia
621 2134 716 2193 utraque
725 2128 841 2193 cognoscit

36 2207 156 2256 nundum
166 2204 392 2256 eundenrrtioneru
400 2202 494 2268 obJecti,
504 2202 592 2253 scilicet
600 2202 723 2252 secundun
731 2200 840 2251 rationein

66 2350 98 2414 (1)
110 2353 201 2410 Quippe
211 2352 263 2397 ebur
278 2351 307 2397 ad
316 2350 454 2407 sapientiam
468 2348 582 2405 pertineat
596 2350 744 2393 eternorum
755 2360 840 2393 rerum

39 2418 141 2472 ‘comio
150 2415 339 2463 intellectualis,
349 2413 377 2459 sd
386 2412 507 2457 scientiam
516 2411 571 2456 verb
579 2410 749 2468 temporalium
756 2422 841 2457 rerum

40 2480 177 2536 runicus,
189 2484 216 2523 rra
230 2478 262 2524 eit
273 2476 418 2534 Augustinus
428 2476 470 2519 tib.
480 2476 532 2532 xri,
544 2474 579 2519 Do
592 2474 660 2519 Triu.
674 2474 745 2531 propt
757 2472 839 2519 tinem.

70 2548 98 2610 (Ξ)
119 2551 174 2595 sire
187 2549 248 2593 ratio
257 2561 309 2605 quae
324 2548 353 2593 de
369 2549 439 2592 rebus
448 2559 489 2603 per
506 2558 588 2591 causas
603 2545 725 2591 attissimus
736 2545 840 2601 iudicat,

42 2619 63 2655 nt
75 2615 99 2658 in
111 2612 291 2669 metaphysica,
307 2624 379 2667 quani
388 2610 483 2666 proinde
497 2609 644 2665 cupientium
655 2608 713 2651 dicit
720 2619 770 2653 esse
780 2624 786 2660 ;
799 2607 840 2651 sed

43 2687 86 2727 que
99 2676 129 2721 de
146 2677 220 2721 rebus
234 2674 364 2731 permedia
379 2674 555 2730 qnatircumque
569 2676 646 2723 certa,
661 2672 805 2723 necessario,
819 2675 843 2713 et

43 2738 166 2784 intatiibitia
188 2743 267 2795 potest
286 2738 408 2794 judicore,
423 2735 500 2791 qualia
515 2740 558 2779 est¹
570 2734 664 2777 scientia
679 2732 787 2787 quotibet
800 2742 841 2775 suo

43 2802 112 2846 modo.
121 2804 167 2847 Per
175 2802 300 2846 scientiam
310 2806 388 2845 antem
401 2797 540 2843 muralem
548 2796 585 2840 tric
592 2794 700 2850 intettigit
710 2796 733 2837 S.
742 2795 842 2839 Thomas

44 2874 83 2906 non
96 2877 147 2908 cam
159 2877 255 2909 ornnem
269 2876 321 2919 quar
335 2862 387 2907 soto
398 2860 497 2904 naturali
508 2858 593 2903 iumine
608 2858 637 2901 ab
652 2856 744 2901 bomine
755 2852 841 2907 acqriiri

43 2932 128 2985 potest,
142 2933 213 2983 prout
229 2940 244 2971 a
263 2924 431 2982 supernaturali
450 2921 609 2979 distinguitur,
625 2918 665 2965 sed
685 2929 736 2973 quer
756 2921 843 2961 aeturte
