1984 3309
128 176 175 225 ιιι
298 182 507 234 elnonenses.
525 184 612 231 anxur,
629 182 685 223 aar.
703 184 754 223 uri.

126 261 231 324 uirtutis3
244 261 318 325 magis
330 260 393 311 enim
411 263 488 324 potest
503 272 595 311 morere
608 259 683 311 rmum
698 260 778 311 amodo
793 276 848 325 pum
865 270 908 317 est
925 269 952 317 in

127 337 175 384 tola
188 332 308 398 superficie
321 332 395 396 *quam
412 332 492 383 albedo
505 346 557 397 qnae
572 336 607 381 εει
620 331 644 381 in
657 332 733 395 aliqua
746 333 798 397 ejus
811 336 951 397 particula.

128 406 172 457 Sed
183 406 203 456 si
215 406 254 470 ilat
267 404 352 455 mentio
369 404 397 455 de
408 405 519 455 totalitate
531 403 616 467 speciei
628 408 651 453 et
662 404 845 467 essentiamtota
856 408 951 461 albedo

128 477 201 529 estin
218 476 319 541 qualibet
333 474 462 540 superficiei
475 479 548 544 parte.
564 476 607 543 Sed
628 474 681 539 quia
704 475 782 527 anima
796 477 950 531 totalitatem

128 548 301 615 quantitativam
310 561 357 599 non
368 549 437 599 habet
446 561 573 612 necperse
582 562 624 599 nec
634 547 798 611 pereminens,
809 552 837 599 ut
849 551 950 605 dictum

129 626 177 683 est3
191 620 368 684 solitudinem,
382 620 441 683 quod
456 620 533 670 anima
544 622 591 670 tota
604 622 639 669 est
650 618 675 669 in
685 618 785 683 qnalibet
799 626 869 683 parte
886 638 948 674 cor-

128 693 205 759 poris,
223 693 347 743 secundum
366 692 500 742 totalitatem
523 686 669 757 perfectiouis
693 694 716 741 et
737 692 863 760 essentiae,
895 711 948 747 nou

129 769 204 815 antem
226 764 350 813 secundum
372 764 507 835 totalitatem
531 762 635 826 uirtutis3
658 762 778 827 quianon
804 769 947 819 secundnm

128 836 252 901 quamlibet
266 849 330 886 snam
343 834 468 900 potentiam
480 837 515 887 est
529 834 553 883 iu
567 835 668 897 qualibet
682 838 747 898 parte
762 836 883 901 mrporis;
904 842 949 891 sed

129 909 254 959 secundum
265 907 340 957 risum
352 906 378 955 in
389 907 469 969 oculo,
486 907 613 957 secundnm
624 904 727 957 auditum
739 906 764 955 in
778 920 835 957 anre
845 944 856 973 ‚
870 913 900 959 ει
913 914 949 963 sic

129 982 157 1031 de
174 980 232 1031 aliis.
251 980 338 1030 Tamen
354 980 516 1029 attendendum
529 982 579 1039 est,
590 978 650 1043 quod
661 1016 667 1041 ‚
680 978 734 1043 qnia
744 979 821 1029 anima
839 985 948 1047 requirit

127 1052 282 1103 diversitatem
299 1052 324 1101 iu
337 1049 454 1115 partibus,
467 1064 512 1101 non
526 1050 605 1102 eodem
621 1052 688 1103 modo
702 1055 848 1117 comparatur
861 1054 894 1105 ad
910 1060 948 1107 to-

128 1130 186 1188 tum,
199 1128 223 1175 et
233 1124 261 1175 ad
273 1126 351 1187 partes
363 1122 421 1174 :sed
432 1123 459 1172 ad
471 1125 544 1172 totum
554 1122 646 1187 quidem
657 1122 730 1187 prim'o
740 1126 763 1173 et
776 1137 816 1187 per
826 1138 864 1190 se,
879 1128 948 1179 sicut

127 1198 156 1246 ad
169 1196 284 1266 proprium
298 1199 322 1247 et
330 1195 526 1260 proportionatum
541 1194 698 1265 perfectibile,
712 1196 740 1245 ad
761 1200 840 1259 partes
860 1202 946 1251 autem

127 1281 169 1332 per
181 1267 303 1331 posterius,
315 1267 439 1331 secundnm
447 1266 508 1328 qnod
520 1270 596 1329 partes
605 1267 689 1317 habent
697 1266 800 1317 ordinem
810 1268 837 1317 ad
850 1272 943 1321 totum.

158 1340 192 1388 lld
211 1338 309 1403 primum
323 1351 376 1401 ergo
389 1336 524 1400 moenium,
543 1338 603 1401 qnod
617 1338 770 1403 Philosophus
791 1339 901 1403 loquitur
915 1345 945 1395 de
982 1384 983 1409 u

129 1413 233 1474 potentia
245 1410 332 1461 motiva
345 1409 439 1460 anima.
982 1412 983 1459 l

160 1484 195 1535 Ad
211 1484 336 1534 secundnm
359 1482 494 1543 dicendum,
508 1478 569 1546 qu'od
588 1482 663 1532 anima
677 1485 713 1531 est
729 1484 801 1531 octos
816 1491 945 1551 corporis
982 1528 983 1543 ,

130 1556 261 1619 orpcm‘ce‘,
276 1555 336 1604 sieut
355 1552 518 1618 proportionali
533 1560 556 1603 et
568 1554 636 1617 primi
651 1554 808 1617 perfectibilis.
830 1608 834 1613 ,

161 1627 195 1678 ild
203 1626 297 1675 tertium
305 1626 441 1684 dicendum,
453 1622 514 1687 quod
526 1626 625 1675 animat
634 1629 669 1675 est
679 1626 738 1688 quod
752 1628 902 1691 componitur
914 1647 946 1683 ex

130 1698 205 1747 anima
225 1699 250 1747 et
267 1710 360 1760 corpore
379 1699 443 1755 toto,
462 1697 522 1760 quod
536 1699 571 1747 est
585 1696 682 1763 primum
704 1700 726 1747 et
742 1697 945 1763 proportionatum

130 1770 181 1833 ejus
191 1768 340 1832 perfectibile.
356 1768 396 1816 Sic
410 1771 485 1817 autem
500 1768 575 1819 anima
589 1782 635 1820 non
647 1772 681 1819 est
692 1768 798 1835 inparte.
813 1772 881 1823 Unde
893 1789 944 1825 uon

130 1843 218 1905 oportet
230 1840 292 1903 quod
304 1852 358 1903 pars
371 1838 474 1889 animalis
487 1840 517 1890 sit
532 1840 624 1891 animal.

162 1914 195 1962 lld
206 1915 311 1976 qrrartnm
331 1912 465 1973 dicendum,
480 1912 540 1976 quod
558 1913 709 1977 potentiarum
727 1914 807 1965 animm
824 1918 941 1979 quadam

130 1989 185 2037 sunt
196 1984 221 2033 in
234 1998 261 2034 ea
272 1985 398 2034 secundnm
412 1984 473 2047 quod
483 1988 554 2043 totam
564 1986 654 2036 excedit
664 1987 766 2050 corporis
777 1988 943 2055 capacitatem,

132 2056 219 2107 scilicet
238 2055 367 2106 intellectus
380 2058 404 2106 et
419 2057 524 2107 voluntas
542 2073 548 2106 ε
566 2059 626 2108 unde
642 2057 774 2122 hujusmodi
787 2062 897 2122 potentie
916 2065 943 2115 in

132 2130 194 2178 nulla
212 2131 276 2193 parte
295 2128 396 2192 eorporis
414 2140 465 2178 esse
485 2128 597 2183 dicuntur.
613 2128 669 2179 ellim
686 2128 739 2179 verit
754 2132 865 2193 potentior
885 2141 944 2187 snut
982 2154 983 2203 p

132 2214 266 2251 communes
284 2200 365 2251 anime
384 2203 407 2250 et
423 2200 511 2264 corpori
528 2216 533 2249 :
549 2202 609 2252 unde
629 2200 706 2251 talium
722 2204 878 2267 potentiarum
893 2222 944 2260 non
982 2206 983 2275 l

132 2274 220 2336 oportet
233 2272 294 2335 quod
305 2272 414 2335 quelibet
425 2273 458 2322 sit
467 2273 492 2321 in
508 2286 649 2337 quocumque
661 2277 699 2324 est
713 2273 802 2338 anima,
812 2278 852 2327 sed
865 2279 943 2330 solum
982 2278 983 2345 p

133 2342 157 2392 in
171 2342 210 2392 illa
223 2347 287 2407 parte
300 2343 400 2407 corporis
416 2357 466 2407 qua
481 2348 516 2395 εει
534 2344 703 2409 proportionata
716 2346 744 2395 od
758 2345 811 2396 talis
826 2351 942 2413 potentiae

133 2413 297 2479 operationem.

166 2486 200 2535 lo
214 2486 319 2560 quintum
334 2484 471 2549 dicendum,
487 2488 545 2551 quod
560 2502 604 2541 une
615 2502 667 2553 pars
677 2490 776 2554 corporis
790 2490 875 2542 dicitur
886 2508 941 2546 esse
982 2476 983 2561 l

133 2556 279 2621 principalior
291 2554 359 2621 qntm
370 2556 423 2618 alia,
434 2563 525 2623 propter
534 2560 648 2624 potentias
664 2562 766 2615 diverses
775 2576 872 2626 quarum
888 2570 943 2615 sunt

133 2641 217 2690 organa
230 2630 306 2691 partes
321 2628 428 2691 corporis.
444 2630 499 2687 Quae
522 2631 582 2681 enim
597 2636 631 2683 est
644 2632 811 2697 principalioris
826 2637 940 2699 potentiae

133 2713 258 2763 organum,
273 2702 308 2751 est
319 2698 465 2762 principalior
478 2716 532 2765 pars
545 2702 657 2767 corporis3
668 2706 706 2755 vel
714 2719 765 2769 quae
778 2706 849 2760 etiam
863 2709 939 2759 eidem

133 2770 240 2834 potentie
254 2769 405 2837 principaliirs
418 2772 527 2825 deservit.
814 2798 816 2803 v
982 2804 983 2815 2
