1984 3309
296 212 562 253 neumnensiu-

325 370 485 423 iubebitis
501 372 540 423 ill.

118 485 201 531 Uti-rien
210 486 314 533 liberum
322 487 453 533 arbitrium
459 489 492 533 cit
499 490 607 547 potentia
612 492 747 547 appetitiva.

74 604 102 653 li
115 604 202 656 tertium
217 606 252 656 sic
266 606 396 671 proceditur
410 606 454 671 (1).
466 608 560 658 Videtur
578 609 638 675 pubal
655 610 751 661 libcmm
771 612 831 663 arbi-

49 675 104 725 trium
119 691 162 728 uon
175 679 205 729 sit
218 680 325 743 potentia
339 680 476 744 appetitiva,
491 682 530 732 sed
552 682 674 747 cognitiva.
689 682 751 733 Dicit
766 684 829 735 enim

51 746 181 800 bamescenns
192 750 249 811 (lib.
265 751 294 800 ll.
314 750 353 799 De
370 750 422 812 fide
441 750 520 805 orti..
534 766 584 817 cup.
605 753 650 817 27)
660 792 666 817 ,
678 753 738 819 qubd
751 772 764 801 u
778 769 832 805 cum

51 818 135 869 rationeli
151 821 273 872 confestim
289 821 411 872 comitatur
424 821 520 873 liberum
537 824 661 874 arbitrium.
681 842 695 871 n
714 827 756 876 Sed
774 825 831 877 ratio

53 892 174 952 ectpoleutir
187 893 315 958 cognitiva.
325 894 385 958 llrgo
396 892 493 945 libemm
506 894 623 947 arbitrium
634 900 669 947 est
680 897 781 961 potentia
794 912 832 949 oo«

55 960 130 1020 gmtlvc

80 1036 100 1079 Ξ·
108 1036 222 1098 Preterea,
231 1038 333 1089 liberum
345 1038 462 1088 arbitrium
473 1039 557 1089 dicitur
565 1040 632 1103 quasi
642 1040 834 1104 liberumjudt-

55 1103 117 1154 einm.
126 1107 163 1158 Sed
174 1109 282 1173 judicare
292 1114 329 1160 est
341 1113 406 1161 actus
418 1110 538 1175 cognitive
549 1112 649 1163 virtutis.
664 1114 722 1177 Ergo
735 1112 833 1163 liberum

53 1175 147 1230 arbitrium
157 1186 190 1233 est
203 1182 323 1245 cognitiva
337 1182 450 1247 potentia.

78 1252 96 1297 ³.
105 1252 221 1317 Praeterea,
232 1255 263 1304 ad
274 1253 372 1304 liberum
382 1254 497 1304 arbitrium
508 1254 624 1320 precipue
635 1256 735 1320 pertinet
743 1256 831 1307 electio.

53 1316 85 1367 Sed
96 1321 165 1375 electio
177 1326 272 1377 videtur
286 1325 317 1375 ad
329 1325 484 1387 cognitionem
494 1327 622 1390 pertinere3
633 1326 687 1390 quia
699 1326 779 1378 electio
791 1327 835 1377 im·

53 1396 110 1449 pomp
121 1397 239 1457 qnamdam
258 1396 453 1460 comparationem
469 1398 538 1447 unius
549 1398 578 1447 ad
594 1398 706 1462 alterum3
724 1399 783 1462 quod
800 1402 836 1449 est

53 1464 146 1525 lopu'nm
159 1467 286 1530 cognitive
303 1466 404 1517 virtutis.
422 1468 479 1530 Ergo
495 1468 592 1519 liberum
610 1468 729 1519 arbitrium
745 1472 779 1521 est
793 1482 835 1533 po-

53 1534 108 1583 lelllb't
120 1538 243 1601 cognitiva,

29 1635 34 1650 ·
75 1607 112 1657 Sei
121 1612 197 1659 contm
212 1614 260 1674 est,
273 1608 336 1673 quod
346 1608 500 1674 Philosophus
510 1608 565 1661 dicit
575 1610 600 1660 in
613 1610 653 1663 111.
667 1610 761 1667 ultio„
777 1610 838 1673 quod

55 1677 189 1732 «electiore
202 1680 343 1732 desiderium
357 1694 444 1743 eorum,
454 1697 506 1745 qne
520 1682 610 1733 suntin
623 1681 699 1734 nobis.
711 1698 725 1729 n
739 1682 784 1732 Sed
797 1682 837 1731 de-

54 1745 141 1801 suenum
151 1756 185 1804 est
195 1758 263 1804 actus
275 1752 409 1817 appetitivae
417 1752 515 1805 virtutis.
526 1755 584 1818 Ergo
592 1757 616 1804 et
628 1754 719 1805 electio.
731 1754 837 1803 Liberum

55 1824 114 1871 nutem
128 1824 245 1875 arbitrium
264 1827 301 1875 est
315 1824 440 1874 secundum
453 1826 513 1889 quod
532 1824 647 1889 eligimus.
662 1825 722 1890 Ergo
741 1824 838 1875 liberum

55 1891 149 1945 arbitrium
162 1900 197 1947 est
208 1898 286 1947 virtus
299 1895 433 1960 appetitiva.

78 1966 222 2027 (sonmnsro.
233 1968 332 2019 -cum
341 1968 446 2034 proprius
457 1972 523 2019 actus
532 1968 598 2018 liberi
611 1967 699 2018 arbitrii
709 1967 739 2018 sit
746 1968 838 2032 electio,

55 2036 214 2100 insequeelectto
222 2039 384 2106 principaliter
393 2043 457 2090 actus
465 2040 495 2089 sit
502 2040 634 2105 appetitiva}
643 2040 744 2101 virtutis,
751 2044 841 2105 oportet

54 2103 133 2159 libemm
146 2111 267 2162 arbitrium
280 2124 331 2161 esse
344 2110 469 2175 potentiam
484 2110 658 2175 appetitivam.)

78 2180 203 2245 Responieo
227 2182 367 2245 dicendum,
389 2180 449 2245 quid
474 2182 590 2247 proprium
610 2182 676 2233 liberi
698 2180 784 2231 arbitrii
805 2185 842 2231 est

56 2249 128 2303 electio.
140 2256 175 2305 lix
188 2258 235 2306 boc
248 2254 313 2305 enim
325 2254 394 2304 liberi
405 2252 492 2304 arbitrii
507 2268 558 2305 esse
568 2254 678 2317 dicimur,
690 2254 750 2317 quod
761 2266 841 2319 possu-

57 2337 96 2373 mus
110 2340 177 2377 uuum
192 2328 297 2392 recipere
311 2327 356 2377 alio
374 2330 494 2387 recusato,
508 2326 570 2389 quod
588 2330 624 2376 est
637 2326 736 2389 eligere,
750 2330 773 2375 et
789 2324 841 2375 ideo

57 2402 142 2448 rabum
162 2399 229 2449 liberi
246 2398 336 2449 arbitrii
357 2411 387 2448 ex
406 2398 517 2449 electione
536 2398 677 2448 considerare
697 2400 792 2461 oportet.
809 2398 842 2447 bd

57 2466 168 2521 electionem
178 2476 256 2521 autem
267 2466 384 2521 concurrit
393 2468 477 2531 aliquid
490 2472 592 2533 exparte
605 2468 724 2532 cognitive
739 2466 837 2531 virtutis,

58 2542 74 2583 cl
84 2540 159 2604 aligmd
170 2557 200 2593 ex
213 2546 278 2624 parte
292 2540 434 2606 appetitivae.
449 2542 557 2604 Experto
567 2540 658 2600 quidem
670 2539 791 2603 cognitive
806 2552 842 2589 re-

58 2609 135 2668 quium
147 2614 282 2674 consilinm,
297 2626 339 2677 per
349 2612 411 2678 quod
423 2611 560 2675 dijudicatur
573 2610 628 2674 quid
638 2611 667 2661 sit
678 2609 746 2661 alteri
756 2610 840 2673 praele·

59 2682 142 2734 undum.
153 2686 186 2735 lix
199 2690 265 2750 parte
274 2689 351 2735 autem
362 2682 493 2747 appetitivae
505 2682 626 2746 requiritur
636 2681 695 2747 qubd
709 2680 837 2746 appetendo

61 2758 167 2816 uucpteur
175 2755 198 2807 iul
206 2757 267 2822 quod
277 2768 318 2822 per
328 2753 451 2812 consilium
458 2753 602 2817 dijudicatur.
611 2754 641 2803 Et
650 2753 701 2805 iuteo
710 2751 840 2803 bustoteles

86 2876 111 2940 (il
120 2886 150 2929 lto
159 2886 194 2931 bic
208 2886 281 2932 etiem
293 2886 318 2930 iu
331 2886 363 2942 11,
375 2882 456 2933 Soet„
467 2881 521 2927 uisi.
532 2882 577 2943 st,
590 2887 671 2940 quest.
684 2880 708 2941 1,
719 2885 764 2926 ert.
777 2877 806 2931 ὃς
820 2880 844 2922 ct

62 2944 556 3010 mu,mvmv.,m.eecm.c.
