1984 3309
142 130 178 168 nn
192 129 232 167 ars
242 127 300 175 onn
312 128 447 168 marram
460 131 493 169 an
506 132 605 171 eorunm
622 132 720 185 innan,
734 134 785 174 erc.
819 124 866 175 tta

89 206 258 267 (mansio.
267 205 365 257 -Cirm
378 207 478 257 essentia
492 208 573 259 anime
587 214 728 274 comparetur
743 212 771 262 ad
783 216 866 277 poten-

52 277 108 341 tias,
123 281 178 328 tum
190 280 217 327 ut
229 277 372 342 principium
383 278 483 328 activum
496 281 521 349 et
533 280 615 344 finale,
629 285 677 331 tum
690 285 716 332 ut
728 282 865 349 principium

51 350 216 413 susceptivum
226 387 233 410 ,
242 348 417 413 oportet-etiam
429 350 508 401 anime
517 352 632 415 potentias
644 353 672 402 ad
684 354 819 405 seinvicem
830 354 864 406 sic

52 421 195 484 comparari,
207 424 235 469 ut
247 421 310 471 inter
323 432 363 470 eas
375 419 523 484 perfectiores
539 421 585 472 sint
598 422 708 488 principia
721 424 815 475 aliarum
825 438 867 489 per

53 492 150 541 modurn
164 492 222 541 finis
236 493 303 541 octus
314 494 339 541 et
351 490 473 555 principii3
486 492 665 556 imperfectiores
678 494 733 547 vero
744 496 790 547 sint
801 498 867 561 prin-

54 561 117 625 cipia
131 563 232 613 aliarum
245 576 289 626 per
301 562 395 612 modum
407 563 531 627 susceptivi
541 563 671 630 principii.)

85 634 229 699 Respondeo
245 634 387 694 dicendum,
400 632 459 695 qnod
474 634 499 684 in
514 634 550 685 liis
563 650 612 699 quac
627 638 751 687 secundnm
766 636 868 695 ordinem

56 707 183 757 neutralem
195 706 329 769 procedunt
338 704 368 754 ah
379 716 438 767 nno,
446 704 505 755 sicut
517 707 615 769 primum
627 711 735 759 estcausn
750 708 850 760 omnium
857 746 866 773 ,

58 774 89 824 ita
101 778 162 839 qnod
173 779 216 827 est
225 776 302 841 primo
315 774 524 840 propinquius,est
535 779 699 841 quodammodo
713 794 780 830 cansa
789 794 867 833 eorum

59 860 110 909 qne
121 850 178 898 snnt
195 846 275 910 magis
287 847 387 897 remota.
402 847 525 898 ostonem
542 852 618 900 autem
632 860 668 901 est
682 850 748 915 suprt
766 852 821 915 (art.
839 850 868 917 t)

61 917 119 979 mid
130 920 196 970 inter
209 918 331 984 potentias
343 918 427 969 anime
446 921 483 969 est
495 920 613 983 multiplex
628 923 699 985 ordo;
714 925 737 973 et
754 923 805 973 ideo
823 936 869 972 una

63 992 159 1052 potentia
174 991 266 1042 anone
277 992 307 1041 ab
318 991 420 1041 essentia
430 991 511 1043 anime
522 992 626 1056 procedit
634 994 747 1045 mediante
760 994 812 1045 alla.
824 994 869 1045 Sed

65 1060 115 1123 onia
125 1062 230 1115 mentia
246 1062 332 1113 anime
344 1065 487 1127 comparatur
500 1065 529 1114 ad
546 1064 674 1127 potentias,
689 1068 713 1116 et
727 1066 787 1116 siout
808 1066 869 1131 prin·

64 1132 140 1197 cipium
151 1134 262 1187 activum
273 1137 297 1185 et
310 1135 393 1197 finale,
403 1137 427 1184 et
438 1134 497 1184 siout
506 1134 643 1199 principium
654 1138 821 1201 susceptivum,
832 1136 870 1188 rel

64 1218 162 1257 morsum
176 1220 224 1271 per
241 1218 283 1269 se,
294 1206 333 1255 rel
349 1206 417 1255 simul
427 1219 478 1255 enni
488 1218 596 1271 corpore;
609 1219 679 1270 agens
692 1211 769 1259 autem
780 1212 804 1258 et
817 1208 870 1260 finis

61 1279 98 1325 esi
113 1278 259 1341 perfectius3
277 1275 434 1340 susceptivum
453 1278 529 1326 autem
546 1276 694 1341 principium,
716 1277 740 1328 in
760 1283 870 1342 quantum

62 1346 190 1410 hujumodi
202 1350 241 1398 eet
252 1346 333 1397 minus
342 1346 468 1409 perfectum
476 1384 483 1407 ,
492 1360 635 1410 consequens
646 1350 683 1398 est
694 1350 752 1411 qnod
762 1350 871 1415 potentie

63 1420 156 1481 mm,
175 1424 307 1485 qunsunt
319 1419 407 1483 priores
424 1420 547 1471 temndurn
565 1421 667 1471 ordinem
685 1421 830 1486 perfectionis
846 1428 871 1475 et
933 1414 934 1421 ’

66 1496 158 1554 mure,
169 1494 221 1544 aiut
234 1491 351 1557 principie
360 1490 455 1542 alierum
467 1504 509 1555 per
522 1492 613 1543 modurn
624 1492 676 1544 linis
689 1496 713 1544 et
726 1494 796 1543 activi
808 1495 872 1560 prin-

71 1561 129 1625 cipii
138 1564 253 1616 videmos
272 1563 411 1625 enimcum
429 1576 511 1613 senens
527 1567 563 1615 est
575 1566 668 1629 propter
679 1564 834 1629 intellectum,
847 1570 871 1618 et

74 1644 117 1683 nen
126 1634 138 1686 i
148 1648 277 1687 converso.
285 1635 372 1684 Sensus
379 1632 449 1683 etiam
456 1639 492 1683 est
502 1636 604 1699 medem
613 1632 719 1686 deficiens
728 1636 870 1703 participatio

68 1703 211 1768 intellectum
223 1706 288 1756 nnde
298 1705 424 1755 secundnm
435 1706 560 1757 naturalem
571 1702 694 1769 originem,
705 1709 869 1771 quodammodo

65 1781 102 1827 eet
112 1778 282 1837 eli-intellectu,
295 1775 357 1826 sicut
370 1775 527 1839 imperfectum
539 1777 670 1841 inperfecto.
684 1779 732 1829 Sed
744 1781 868 1830 secundnm

67 1848 126 1899 riam
135 1843 266 1913 snscepdni
279 1846 400 1911 principii,
417 1845 431 1897 t
445 1860 556 1899 converso
567 1849 676 1911 potente
693 1850 870 1913 imperfectiores

66 1919 213 1970 inveniuntur
233 1918 311 1983 priora
330 1918 444 1981 principia
464 1924 571 1983 respectu
589 1918 695 1983 aliarnm3
715 1919 775 1971 sicut
794 1917 869 1973 anime

65 1992 189 2041 seeundum
199 1991 263 2054 qnod
280 1990 350 2040 habnt
360 1990 486 2052 potentiam
499 1990 631 2041 sensitivam
646 1991 800 2043 comederetur
810 1992 870 2042 sicut

67 2063 195 2126 sitientum
219 2066 244 2113 et
262 2061 385 2111 materiale
407 2061 535 2124 quoddam,
557 2065 662 2125 respectu
683 2062 820 2114 intellectus.
841 2064 871 2113 nt

67 2135 227 2197 nominee,
237 2129 420 2196 imperfectiores
432 2132 539 2195 potentie
554 2136 608 2184 sunt
619 2133 708 2197 priores
716 2134 741 2183 in
751 2134 790 2184 ria
800 2146 869 2198 gene-

68 2204 162 2254 rattonis
172 2220 181 2267 3
193 2205 268 2268 prins·
275 2206 341 2253 enim
351 2202 435 2253 animal
443 2208 562 2267 generatur
573 2204 640 2267 quin
649 2205 726 2255 horno.

98 2276 131 2325 ld
144 2277 246 2339 primum
259 2288 314 2339 erpo
331 2274 464 2338 dicendum,
480 2274 542 2338 quod
556 2276 615 2325 sient
630 2276 731 2340 potentie
745 2276 826 2329 aninlo
840 2278 870 2329 nb

70 2347 168 2397 essentia
181 2346 245 2409 linit,
263 2358 310 2395 non
322 2359 369 2409 per
389 2346 613 2407 transmutationem,
633 2347 730 2415 sedper
746 2338 869 2401 naturalem

70 2418 188 2479 qnamdam
208 2417 393 2478 resultationem,
407 2418 431 2469 et
444 2420 478 2467 est
488 2416 556 2467 simul
569 2429 620 2467 cunr
634 2418 708 2468 anima
721 2418 756 2485 (l)
771 2438 776 2471 :
789 2421 821 2485 fta
835 2425 870 2472 est

69 2488 135 2537 etiarn
147 2489 177 2538 de
188 2501 235 2537 nna
245 2487 348 2552 potentia
358 2491 469 2557 respectu
478 2488 577 2539 alterius.

99 2558 133 2609 ld
146 2559 274 2609 secundnm
286 2558 423 2621 dicendum,
438 2556 498 2622 quod
516 2559 620 2611 accidens
639 2572 679 2623 per
693 2574 718 2611 se
732 2574 778 2612 non
795 2564 872 2626 potest

99 2711 131 2773 (f)
146 2713 174 2759 nd
189 2718 237 2770 eet,
246 2713 313 2758 simul
323 2718 394 2771 aune
406 2712 481 2762 anima
495 2713 714 2774 productionem
727 2714 778 2773 ipsa
788 2715 870 2771 incipit

71 2786 134 2830 essee
150 2777 214 2822 sicut
230 2783 255 2821 et
270 2777 348 2821 minen
367 2776 444 2822 stetim
455 2776 538 2834 incipit
553 2775 606 2822 clim
618 2778 690 2823 oritur
705 2779 739 2823 sol
749 2810 756 2836 ‚
767 2784 792 2823 et
805 2779 869 2823 endor

71 2840 143 2883 satim
158 2845 231 2895 utque
244 2837 270 2883 fit
279 2838 349 2896 ignis.
572 2850 587 2883 n
720 2864 721 2869 =
802 2836 804 2844 '
