1984 3309
186 179 220 218 or
235 177 417 220 cmmemores
432 179 514 220 mnu
529 181 554 220 ru
570 181 689 222 connum.
792 174 838 222 tte

38 259 146 319 mmmm
162 256 265 308 adfines
283 256 413 322 proximos,
426 259 568 310 mureniurt
586 262 664 310 amau
680 263 791 324 umatum
809 262 839 314 ad

38 327 106 378 buem
115 327 230 392 ultimum,
241 334 310 393 prout
319 329 484 381 concluduntur
495 329 537 380 sub
550 343 596 381 nno
606 329 684 382 ordina
694 332 805 384 univoci.

65 401 102 450 nd
111 401 206 451 tertium
217 400 347 465 dicendum,
359 400 420 466 gubd
431 402 457 452 iu
467 401 642 466 particularibus
652 403 717 454 bonis
730 406 774 458 duo
787 410 841 458 sunt

38 471 129 522 meliora
139 471 208 536 quim
220 486 307 536 unnm;
322 473 363 522 sed
373 473 396 523 ei
407 473 469 538 quod
477 475 514 524 est
526 472 676 526 essentialiter
688 475 772 528 bonurn
780 515 787 540 ,
796 489 841 528 nnn

38 547 111 605 potest
127 543 177 594 lieri
193 542 270 607 muna
282 543 495 605 additiobonitatis.

328 688 488 739 laricanus
504 689 541 740 IV.

93 804 177 850 Uirbor
188 805 285 862 effectes
294 803 474 913 gribernotg'om's
480 805 512 850 sit
519 817 582 850 ursus
590 807 690 862 taniam,
706 811 729 852 et
738 819 786 852 nore

389 880 408 926 p
418 881 481 913 eree.

70 978 104 1026 dd
115 981 220 1041 quaeum
234 975 268 1028 sic
282 977 418 1042 proceditur.
431 977 524 1028 Videtur
537 977 598 1043 qubd
611 978 709 1032 allectus
725 979 839 1044 guberna·

39 1047 109 1099 tionis
129 1049 207 1100 mundi
225 1048 256 1099 sit
271 1063 331 1100 unus
343 1048 433 1099 bullum
449 1053 474 1100 et
491 1063 538 1100 nou
556 1051 641 1114 plures.
658 1051 758 1102 Effectus
777 1052 839 1106 crin

39 1120 209 1183 gubernationis
233 1134 286 1172 esse
308 1121 398 1172 ridetur
419 1121 443 1172 id
467 1123 529 1185 quud
549 1136 590 1187 per
611 1123 795 1186 gubernationum
814 1124 839 1174 iu

38 1193 105 1243 rebus
116 1193 248 1256 gubernas
259 1196 373 1243 canmtm.
383 1193 431 1243 lloc
441 1197 517 1244 autem
529 1198 563 1244 est
571 1207 651 1256 unum,
660 1195 746 1246 seilicet
755 1196 839 1246 bonum

39 1263 137 1327 ordinis,
151 1269 177 1314 ut
191 1264 217 1315 in
235 1264 336 1316 exercitu
350 1268 424 1328 patet.
439 1265 499 1328 Ergo
520 1265 690 1328 gubernationis
710 1267 788 1318 mnudi
806 1269 840 1317 eet

41 1350 97 1387 unns
106 1337 212 1387 effeetus.

69 1413 91 1458 a.
106 1410 228 1465 Praeterea
242 1408 271 1458 ab
281 1421 327 1459 une
336 1411 414 1459 natum
423 1412 459 1459 est
469 1423 541 1459 unum
550 1407 640 1460 tantum
651 1409 782 1472 precedere.
797 1409 841 1458 Sed

41 1481 136 1530 mundus
146 1481 286 1544 gubernatur
299 1481 329 1530 ab
340 1494 402 1543 uno,
419 1483 445 1531 ut
460 1485 579 1532 ostensum
594 1485 628 1532 est
644 1481 703 1546 (art.
719 1483 760 1545 3).
782 1481 841 1544 Ergo

41 1556 61 1600 et
73 1551 248 1615 gubernationis
260 1551 357 1602 ellectns
368 1557 405 1602 est
416 1567 478 1604 unus
487 1552 587 1603 tantbrn.

70 1630 92 1675 e.
106 1627 238 1687 Praeterea,
250 1625 270 1679 si
277 1624 373 1676 eliectns
384 1626 555 1689 gubernationis
569 1640 616 1678 non
627 1636 662 1678 est
672 1641 731 1681 unus
742 1626 839 1688 tantiam,

41 1703 130 1761 propter
145 1697 259 1748 unitatem
272 1698 437 1762 gubernantis,
449 1701 539 1762 oportet
552 1699 613 1762 quod
631 1697 793 1764 multiplicetur
805 1713 841 1750 se-

41 1769 137 1820 rundiun
156 1769 327 1819 multitudinem
342 1770 524 1832 gubernatorum.
542 1769 594 1822 llaec
615 1774 691 1822 autem
706 1775 758 1820 sunt
774 1770 840 1821 uobis

41 1841 221 1892 innumerabilia.
237 1842 297 1904 Erga
314 1841 485 1904 gubernationis
498 1842 592 1893 allectus
611 1857 655 1894 non
665 1846 760 1907 possunt
778 1857 840 1894 com-

41 1917 149 1978 prehendi
161 1917 205 1967 sub
218 1915 296 1979 alique
306 1919 368 1986 certo
379 1929 483 1967 numero.

71 1990 115 2038 Sed
129 1993 208 2039 eontra
222 1989 270 2044 est,
286 1986 347 2051 quod
360 1987 481 2052 Dionysius
493 1988 563 2052 dicit,
578 1987 638 2053 qnbd
654 1988 750 2039 «deitas
763 1987 840 2053 provi-

41 2060 115 2110 dentia
126 2065 150 2112 et
164 2059 267 2111 bonitate
280 2060 382 2122 perlecta
390 2057 467 2110 omnia
479 2060 594 2123 eontinet,
612 2063 635 2110 et
652 2059 704 2123 ipsa
719 2059 808 2123 implet.
824 2076 838 2106 >r

42 2132 174 2184 Gubernatio
199 2136 277 2182 autem
296 2132 324 2182 ad
341 2131 504 2195 prouidentiam
524 2133 629 2197 pertinet.
650 2132 709 2195 Ergo
730 2133 839 2194 guberna·

43 2205 107 2256 tionis
116 2206 197 2256 diuinae
213 2207 268 2254 snut
277 2203 346 2267 aliqui
360 2203 504 2254 determinati
517 2205 620 2256 allectus.

72 2280 271 2343 (concussio-
280 2273 414 2341 Principalis
431 2276 526 2327 effectus
540 2275 707 2340 gubernationis
719 2289 778 2342 unus
790 2278 837 2340 est;

46 2349 262 2410 generaleseileetus
276 2352 330 2398 snut
339 2350 393 2412 duo;
407 2350 431 2398 et
442 2349 597 2412 particulares,
611 2347 811 2412 innumerabiles.)
825 2409 829 2414 .

72 2424 206 2488 despondeo
222 2421 361 2484 dicendum,
376 2419 438 2483 qnbd
450 2419 546 2470 effectus
563 2419 684 2484 cujuslibet
698 2419 793 2470 aetionis
810 2433 839 2470 ex

44 2492 82 2543 tire
104 2496 154 2559 ejus
170 2492 266 2559 pensari
282 2496 370 2557 potest3
393 2505 447 2541 nam
462 2505 504 2556 per
520 2491 674 2556 operatiorem
697 2490 795 2541 eflicitur
814 2497 840 2542 ut

43 2567 179 2629 pertingatur
200 2566 229 2614 ad
247 2566 325 2614 linem.
342 2564 406 2614 Finis
424 2567 500 2614 antem
518 2561 686 2626 gubernationis
704 2563 783 2613 mnndi
804 2567 840 2613 est

43 2637 122 2687 bonnm
137 2636 271 2698 essentiale,
288 2636 317 2684 ad
330 2635 396 2699 cnjus
408 2635 604 2700 participationem
617 2638 640 2685 et
653 2635 839 2685 assimilationem

45 2709 113 2760 omnia
125 2711 230 2761 tendunt.
248 2707 350 2758 enectus
362 2706 430 2770 igitur
440 2706 609 2769 gubernationis
625 2710 701 2770 potest
714 2707 785 2769 accipi
801 2704 839 2755 tri·

45 2779 135 2839 pliciter.
144 2783 194 2832 Uno
203 2780 273 2830 modo
283 2782 386 2841 exparte
394 2778 466 2842 ipsius
476 2778 540 2842 linis3
551 2782 574 2828 et
586 2777 619 2828 sic
633 2782 667 2829 est
676 2792 735 2828 unus
745 2777 840 2828 effeetus

46 2851 224 2914 obmanens,
236 2849 325 2900 seilicet
336 2848 457 2899 assimilari
465 2861 556 2899 summo
573 2849 642 2900 bono.
656 2848 706 2900 llio
719 2847 786 2896 modo
797 2857 839 2908 po-

48 2923 86 2971 tut
101 2923 238 2976 considerari
249 2920 347 2972 allectus
359 2920 529 2984 gubernationis
538 2920 663 2972 seeundum
676 2933 704 2970 ea
717 2917 799 2981 umbras
809 2913 838 2964 ad
