1984 3309
143 192 191 241 sis
250 224 254 232 .
322 198 384 239 ems
397 202 421 251 ι,
436 200 530 247 oum.
547 200 646 251 etms,
662 200 717 239 mr.
735 200 763 237 ιι.

143 278 221 343 sedet,
234 277 260 328 in
272 288 319 327 uno
335 277 386 327 loeo
399 281 485 329 manet.
505 279 533 329 ru
548 280 641 342 propter
660 278 706 327 boe
723 276 782 327 nibil
796 275 911 341 pmiiiret
927 276 954 328 ie

144 350 213 402 rebus
224 348 346 402 mobilibus
358 348 497 401 immobilem
510 349 631 401 seientiam
643 350 736 400 babere.

442 494 601 546 ruricolis
618 495 647 545 il.

176 601 262 646 Utrum
275 602 358 646 animo
371 614 413 659 per
428 602 553 646 essentiam
564 614 633 645 suum
642 596 778 657 corporatio
791 599 930 657 intolliyui.

177 711 212 760 tid
225 712 350 763 seumdum
367 711 401 761 sie
417 709 549 775 proceditur
562 710 605 775 (ii.
625 709 719 759 libetur·
732 705 793 771 quio
811 708 896 760 anima
916 724 957 773 per

146 782 269 833 essentiam
282 796 347 833 suam
359 782 483 848 corporalia
493 782 613 845 inteiligit.
626 780 684 830 bioit
697 780 759 831 enim
769 781 920 843 Augustinus
929 783 956 831 ii.

147 854 180 905 de
197 856 266 907 Trio.
282 855 343 920 (esp.
357 854 463 918 5),un
474 871 489 901 u
499 852 574 905 enims
583 852 695 915 imagines
704 864 826 916 eorpomm
837 853 960 905 convolvit

147 926 244 990 etrapit
262 927 333 977 iuoms
346 926 372 975 in
390 925 514 989 semetipso
531 926 558 975 de
575 922 839 988 emolumentorum
860 925 899 977 eis
913 926 960 976 ior-

147 998 237 1047 mentis
248 997 497 1061 quiddamsubsteutiae
518 1010 564 1048 sue
577 998 623 1063 (ii.
638 1013 652 1044 o
671 997 716 1047 Sed
733 1010 774 1059 per
789 996 960 1050 similibrdines

147 1082 267 1132 oorpomm
283 1082 377 1133 corpora
389 1068 505 1132 inteiligit.
519 1070 576 1132 Ergo
593 1082 633 1133 per
649 1068 773 1121 essentiam
785 1080 871 1131 mum,
888 1085 960 1135 quern

147 1140 186 1189 dot
201 1140 327 1192 formandis
343 1140 428 1191 tolibm
443 1140 644 1205 similitudinibus,
655 1144 680 1191 et
696 1141 725 1191 ie
740 1153 784 1203 que
804 1143 959 1203 sasierunt,

147 1211 264 1274 eognosoii
274 1212 409 1277 corporalis.

178 1288 202 1335 2.
217 1286 341 1348 Preietos,
355 1284 507 1348 Pbiiosopims
517 1283 572 1335 dieii
582 1283 657 1334 iulii.
670 1285 707 1333 De
718 1283 806 1332 anima
815 1283 897 1347 liert.
910 1288 960 1350 sti,

142 1354 208 1419 ‘qnod
218 1373 233 1404 e
242 1357 319 1408 amma
329 1356 494 1421 quodammodo
503 1359 538 1407 est
547 1354 632 1408 omnio.
640 1372 654 1403 u
665 1354 721 1406 Cim
730 1366 784 1417 ergo
795 1353 878 1407 simile
888 1358 962 1407 simili

146 1432 312 1492 cognoscatur,
326 1428 416 1478 videtin
433 1427 494 1492 quoi
509 1426 583 1478 ssime
596 1424 753 1491 perseipsum
772 1428 910 1535 eorpomiiu
923 1442 961 1480 oo-

148 1502 253 1561 ssmseat.

180 1574 204 1620 o.
218 1572 343 1634 Praeterea,
358 1571 433 1621 animo
445 1575 482 1621 est
495 1570 598 1634 superior
608 1568 763 1633 corporalibus
775 1530 903 1623 oresiesis.
923 1574 962 1624 lu-

147 1639 232 1691 ieriora
243 1645 320 1693 eutem
333 1642 405 1693 sunt
398 1655 423 1691 m
436 1640 588 1705 superioribus
602 1639 747 1693 eminentiori
760 1640 829 1691 motio
843 1643 944 1705 quim
938 1662 962 1697 ιιι

148 1712 248 1776 seipsis,
262 1707 287 1763 ut
296 1714 419 1778 Dionysius
429 1712 518 1776 dieii&
520 1712 537 1777 i.
550 1714 608 1776 Ergo
622 1723 702 1765 omnes
715 1714 824 1763 oreutrrre
838 1727 964 1781 eorporeae

148 1783 254 1835 nobiliori
260 1786 329 1836 morio
339 1785 439 1838 eirisium
450 1784 533 1849 inipso
543 1786 643 1836 essentia
649 1784 732 1835 enims
741 1782 811 1849 quim
820 1783 847 1835 in
859 1786 961 1853 Qus.

86 1854 89 1859 ’
148 1856 193 1907 Per
210 1869 275 1907 suum
292 1870 346 1921 ergo
365 1856 518 1908 substantium
536 1860 613 1920 potest
632 1860 746 1907 creaturus
767 1868 897 1921 corporeus
920 1876 963 1913 oo·

148 1940 268 1991 gnoscere.

181 2000 227 2050 Sed
238 2003 317 2050 eontm
325 2003 376 2064 est,
384 2000 445 2064 quod
455 2000 596 2062 trigesimus
604 1998 658 2051 dieii
666 2000 706 2051 lii.
716 2000 754 2049 De
762 2000 831 2049 Trio.
845 2000 914 2067 (sup.
927 2005 964 2070 3),

150 2070 210 2135 quod
225 2086 313 2132 «meus
324 2085 483 2136 corporearum
502 2084 577 2121 rerum
594 2070 685 2123 notities
697 2086 740 2135 per
752 2083 833 2121 sensus
853 2078 967 2139 corporis

149 2143 244 2207 colligit.
256 2162 270 2192 u
284 2146 336 2209 lpse
349 2149 425 2194 summ
438 2144 572 2193 animumn
585 2147 619 2193 est
630 2143 790 2206 cognoscibilis
798 2157 841 2207 per
853 2150 967 2211 eorporis

149 2227 239 2265 sensus.
254 2216 305 2267 Non
315 2230 369 2279 ergo
383 2216 500 2278 cognoscit
511 2228 621 2278 corporea
634 2228 748 2278 persuum
758 2215 930 2270 substantiam.

182 2286 339 2351 (Concessio.
351 2316 382 2330 «-
393 2286 461 2337 Solus
476 2288 535 2338 Deus
549 2286 602 2337 eim
616 2286 646 2337 sii
660 2286 786 2337 virtualiter·
803 2289 900 2353 omnis,
923 2308 966 2344 co·

149 2358 239 2420 gnoseit
256 2374 297 2425 per
314 2360 437 2411 essentiam
450 2372 514 2411 snam
533 2359 623 2423 omnia,
641 2358 717 2411 anima
737 2362 813 2411 autem
832 2363 899 2413 mulis
921 2381 968 2430 per

119 2481 124 2492 ,
151 2431 275 2483 essentiam
288 2432 429 2497 cogritrseii.)

185 2539 215 2603 (1)
231 2546 263 2589 De
277 2545 407 2602 bisetium,
426 2548 508 2600 quaesi.
525 2540 571 2600 to,
586 2542 620 2587 De
634 2544 718 2593 uerit„
735 2548 778 2589 ort.
790 2542 818 2589 i.

184 2611 215 2674 (Ξ)
229 2616 350 2672 subjungit
366 2617 434 2671 porro
448 2633 454 2659 :
469 2615 554 2660 Sereut
567 2618 647 2659 autem
664 2616 818 2674 aliquidque
832 2616 915 2666 tibere
934 2624 966 2669 de

151 2678 230 2733 speeie
239 2679 476 2735 tuimtme'rnuqtuum
485 2676 593 2730 iudicem
609 2682 630 2722 et
644 2678 687 2723 boe
701 2682 733 2725 est
742 2680 820 2737 meets
834 2692 923 2734 meus
936 2687 965 2731 id

152 2742 186 2785 est
198 2740 330 2785 rationales
343 2740 523 2798 intulitqemte'e
537 2744 582 2783 eto

172 2807 218 2871 (ii
234 2812 273 2855 Sie
290 2818 373 2868 nempe
389 2812 417 2856 tie
434 2812 521 2870 angelis
538 2822 596 2865 quos
610 2818 634 2856 et
646 2818 734 2859 meotes
748 2810 849 2859 mettas
869 2824 964 2881 uocet,

151 2872 195 2918 lib.
212 2873 247 2917 De
262 2874 347 2920 eoelest
363 2876 500 2923 biersseb..
514 2885 566 2930 esp.
582 2873 612 2917 ie
622 2872 656 2935 ,ᾗ
676 2878 694 2921 2
698 2878 781 2935 ‚quoti
797 2878 859 2923 siout
875 2892 967 2928 suero-

152 2938 248 2981 stmetos
256 2936 409 2996 insertorum
418 2938 578 2997 proprietates
587 2940 666 2995 primi
674 2942 797 2986 contineret
807 2943 966 2997 mimice·
