1984 3309
122 140 152 186 ⁵2
252 180 255 187 ,
322 148 383 184 rans
396 149 414 196 r,
428 146 519 191 onnon.
537 146 608 196 cm,
623 146 676 183 cnr.
693 146 720 185 rr.

120 228 196 275 autem
209 224 293 288 ubique
302 236 344 287 per
351 225 394 273 hoc
402 223 463 286 quod
471 221 565 272 dicitur:
575 239 589 269 o
597 222 701 285 vocavit,
714 222 759 273 nid
772 225 817 287 est,
831 240 845 271 «
854 224 924 276 dedit

120 298 224 345 naturam
236 293 274 343 uel
284 294 457 359 proprietatem,
471 296 496 342 ut
505 293 577 356 possit
589 294 622 344 sic
636 294 723 344 uocari.
737 312 751 341 n

416 451 576 501 atticotos
590 451 617 501 il.

149 564 235 610 Utrbm
244 566 383 622 plantarum
394 565 694 673 produlcttotconvenienter
703 565 773 611 tertia
781 565 895 625 dissueta

480 640 523 684 eyn
535 639 574 674 aar.

154 748 187 797 td
205 744 328 797 secundum
346 745 379 795 sic
401 742 532 809 proceditur
546 745 590 809 (t).
609 744 703 796 Videtur
720 745 781 809 onbd
797 747 933 811 plantarum

124 817 244 881 productio
254 816 441 867 inconvenienter
455 816 523 867 tertia
533 817 570 867 die
580 816 640 867 tacto
653 818 749 879 tegatur.
759 818 847 869 Plantae
862 816 931 870 enim

123 888 208 938 habent
223 888 294 937 viam
308 887 366 939 sicut
378 892 402 938 et
413 888 528 938 animatia.
540 889 585 939 Sed
597 888 715 953 productio
729 889 859 940 animalium
878 904 931 941 non

123 959 214 1022 ponitm
224 959 284 1009 inter
292 972 360 1023 opera
371 958 524 1010 distinctionis
529 996 538 1022 ‚
549 961 590 1011 scd
602 960 701 1023 pertinet
710 962 739 1011 ad
749 974 807 1024 opus
818 966 924 1013 ornatus.

122 1032 183 1094 Ergo
198 1044 241 1081 nec
253 1031 370 1095 productio
383 1032 512 1095 plantarum
528 1032 701 1082 commemorari
715 1032 794 1082 debuit
811 1034 836 1082 in
855 1035 928 1086 tertia

122 1102 231 1166 die,quae
242 1102 339 1166 pertinet
355 1104 383 1153 ad
397 1116 456 1167 opus
469 1103 627 1153 distinctionis:

154 1178 177 1223 t.
188 1178 316 1237 preterea,
327 1174 382 1224 iliud
389 1175 448 1237 quod
457 1174 558 1237 pertinet
568 1175 597 1225 ad
606 1175 786 1226 meledictionem
793 1180 868 1236 terre,
878 1190 930 1229 non

120 1245 197 1297 debuit
205 1246 378 1297 commemorari
388 1258 440 1295 cum
450 1245 586 1296 formatione
595 1250 670 1297 terre.
680 1248 726 1297 Sed
734 1247 854 1311 productio
867 1262 929 1310 qou-

120 1317 216 1367 rundarn
225 1318 354 1380 plantarum
366 1317 467 1381 pertinet
476 1318 505 1367 ad
514 1317 696 1369 maledictionem
707 1322 788 1381 terne,
797 1320 928 1369 monadum

121 1386 177 1438 iilud
191 1388 262 1448 Gen„
276 1389 307 1438 111
323 1405 328 1437 :
347 1406 361 1435 «
372 1388 490 1439 Maledicta
503 1392 563 1438 terra
578 1389 603 1438 in
616 1402 686 1453 opere
694 1393 747 1451 tuo,
759 1390 837 1453 spinas
850 1393 874 1439 et
882 1391 928 1440 tri-

121 1458 186 1509 butos
196 1460 332 1522 germinabit
346 1460 396 1509 tibi.
413 1476 427 1506 n
439 1462 499 1523 Ergo
512 1460 630 1523 productio
642 1461 769 1524 plantarum
782 1474 828 1511 nou
842 1462 925 1512 debuit

121 1529 277 1580 universaliter
290 1531 461 1581 commemorari
476 1531 501 1579 iu
515 1532 583 1581 tertia
597 1530 633 1581 die
640 1568 649 1595 ,
659 1544 710 1594 que
723 1531 822 1595 pertinet
835 1533 865 1582 ud
877 1534 928 1583 tor-

118 1599 243 1651 motionem
256 1605 334 1653 terrae.

152 1676 173 1722 3.
190 1676 315 1737 Praeterea,
325 1674 383 1724 sient
394 1675 478 1738 plautae
491 1675 609 1725 adherent
618 1678 697 1737 terre,
706 1674 739 1724 ito
747 1673 817 1725 etiam
829 1674 920 1739 lapides

119 1748 142 1793 et
156 1745 259 1807 metuiia;
277 1748 300 1795 et
315 1748 391 1794 tamen
406 1758 452 1794 non
472 1745 498 1795 tit
511 1746 596 1795 mentio
613 1746 642 1796 de
658 1745 692 1796 eis
707 1745 815 1796 invterre
833 1746 923 1798 torma-

118 1814 189 1867 done.
205 1817 264 1879 Ergo
278 1830 320 1866 neo
332 1818 416 1880 plantae
429 1816 477 1866 deri
493 1817 621 1867 debuerunt
633 1818 701 1868 tertia
714 1818 761 1867 die.

151 1888 195 1938 Sed
204 1892 283 1939 contra
293 1892 337 1951 est,
346 1886 407 1951 qudd
419 1888 500 1937 dicitur
508 1890 577 1944 Gen..
589 1890 599 1938 l
609 1906 614 1938 :
625 1906 640 1936 u
649 1889 748 1939 Protulit
755 1893 816 1938 terra
824 1890 921 1941 berbem

120 1959 241 2009 uirentem.
250 1976 264 2006 n
274 1961 303 2010 Et
313 1964 392 2023 postea
403 1960 506 2022 sequitur
520 1960 652 2011 :eductum
663 1962 700 2009 est
713 1972 809 2023 uespere
819 1964 843 2010 et
853 1972 923 2012 mene

121 2030 170 2080 dies
189 2031 277 2082 tertius.
295 2047 309 2078 n

152 2103 307 2165 (Corcnusro.
318 2128 350 2139 -
360 2103 418 2153 Cum
427 2103 556 2167 piantcmm
566 2103 683 2167 productio
698 2103 728 2153 sit
738 2103 803 2166 quasi
815 2106 923 2167 quedam

119 2180 185 2223 terrae
200 2173 319 2237 formatio,
331 2186 358 2225 eo
371 2176 430 2237 quod
446 2175 592 2226 immobiliter
604 2178 670 2224 terro
683 2174 824 2237 inhaereant,
836 2188 924 2226 conve-

119 2243 208 2294 nienter
225 2244 250 2293 in
268 2246 348 2295 eodem
366 2246 402 2297 die
417 2260 462 2310 quo
478 2250 555 2308 terra,
569 2246 593 2297 id
607 2251 651 2309 est,
663 2246 701 2297 die
714 2246 796 2311 tertio,
811 2247 836 2295 in
849 2249 922 2299 sacris

119 2314 253 2366 describitur
265 2317 362 2380 eloquiis
375 2318 435 2369 tacta
449 2318 544 2380 tuisse.)

150 2388 285 2451 Respondeo
300 2389 435 2453 dicendum,
450 2388 511 2454 qudd
524 2391 583 2439 sicut
592 2390 748 2455 supradictum
758 2393 804 2449 est,
815 2390 840 2439 in
850 2392 920 2442 tertia

119 2459 154 2509 die
164 2459 292 2509 informitas
301 2464 369 2512 terre
382 2467 521 2513 removetur.
534 2463 622 2525 Duplex
635 2466 711 2512 auem
721 2461 849 2511 informitas
859 2463 923 2515 circa

118 2534 201 2580 terram
209 2530 356 2584 describitur.
372 2534 422 2584 Une
439 2535 563 2597 quoderat
577 2532 726 2583 «inuisibilis
746 2544 786 2582 seu
798 2531 890 2597 inanis3
906 2552 921 2582 n

119 2601 173 2664 quia
187 2606 235 2653 erat
248 2602 314 2665 aquis
328 2609 441 2668 cooperta.
459 2604 523 2668 ntia,>
537 2606 597 2668 qnod
614 2610 664 2657 erut
677 2622 692 2653 a
704 2604 857 2669 incomposita
871 2606 923 2658 sive

120 2686 192 2723 uacua
197 2709 206 2736 ,
218 2690 232 2720 >r
243 2674 266 2725 id
277 2680 324 2740 est,
336 2690 382 2728 nou
394 2678 482 2727 babens
490 2677 591 2728 debitum
601 2679 717 2738 decorem,
731 2675 785 2739 qnia
796 2677 926 2739 accubitor

156 2807 186 2869 (1)
205 2812 237 2857 Ite
252 2813 287 2859 bis
302 2814 387 2871 etiem,
402 2820 484 2871 quest.
499 2814 528 2875 6,
543 2816 572 2860 de
588 2821 687 2875 potent,
702 2821 747 2861 nrt.
763 2814 775 2859 t
790 2815 820 2860 ud
833 2815 880 2878 28,
893 2824 924 2864 ut

123 2878 147 2917 et
160 2875 196 2930 11,
211 2874 288 2927 Seot„
302 2877 342 2923 ubi
357 2888 434 2933 supra.
