1984 3309
139 131 187 178 'los
287 136 359 177 numu
373 135 501 187 mmunn,
517 131 685 183 ornemini,
700 131 759 174 nnn.
775 133 801 172 u.

170 216 306 280 Respondeo
319 214 451 276 uiuendum,
461 212 524 276 qubd
533 211 649 262 mlestus
657 213 800 276 quandoque
811 212 895 264 dioitm
903 213 948 276 ipsu

140 287 243 352 potentin
252 300 297 350 qun
306 286 425 348 rmumus,
434 283 570 348 quandoque
587 287 664 334 autem
675 283 726 347 inse
738 285 866 336 voluntatis
876 289 943 334 uetus.

140 361 166 413 si
180 372 237 439 ergo
243 360 363 422 loquamur
373 358 402 407 de
413 357 531 407 uoluntate
541 355 666 407 secuudum
677 355 740 419 qnbd
751 356 858 407 nominem
868 362 944 420 poten-

140 432 205 494 tiam,
219 430 252 480 sie
266 442 291 480 se
303 428 407 480 extendit
418 432 442 477 el
456 428 485 478 ud
499 427 566 478 finem
578 426 640 480 etad
650 439 678 477 eu
693 439 746 490 quae
760 429 817 478 sunt
829 427 860 478 ud
871 427 970 478 mem

141 505 174 554 ld
190 516 218 553 ea
235 500 296 553 enim
310 513 335 551 se
347 498 450 550 extendit
462 511 601 563 mraquaeque
615 498 732 562 pobntis,
742 497 770 548 in
785 499 890 563 quibus
884 513 943 548 rnre-

140 574 184 623 niri
199 576 274 637 potest
290 584 425 652 quocunque
437 572 506 622 mollo
522 569 578 621 ratio
595 567 632 619 sui
649 569 748 633 objecti,
768 571 833 620 sicul
850 571 944 622 risisse

140 644 243 695 extendit
260 642 380 694 adomnia
396 655 539 707 qnaeuunque
562 641 702 706 participent
722 653 866 707 quoeunque
884 644 942 694 molo

141 717 247 767 colorem.
262 714 329 766 Retio
347 719 425 766 autern
440 714 496 765 boni
510 714 587 778 (quod
600 715 634 764 est
646 713 767 776 objectum
780 713 896 778 potentin
909 727 943 762 ro-

141 787 269 851 luntatis),
280 786 397 838 inuenitur
414 799 461 838 non
472 785 550 837 solium
562 785 586 834 in
602 785 713 845 line‚sod
729 785 802 835 etiam
814 785 842 836 iu
856 785 894 836 bis
903 800 944 849 quae

142 864 195 911 sunt
204 860 231 909 ud
241 859 318 910 linem
330 858 354 908 Si
365 861 444 910 autmn
454 858 574 921 loquamur
583 856 611 908 de
620 855 737 906 uoluntate
747 856 882 907 secundinus
891 858 944 920 quiri
970 877 971 926 ι

142 931 245 982 nominat
254 930 344 995 proprio
358 933 448 993 ectum,
460 927 494 979 siu
509 927 599 993 proprie
609 927 724 987 losnendo
737 930 776 984 est
787 927 845 979 linis
856 928 944 978 ιιιιιιιιι.

142 1003 223 1054 Omnis
233 1002 293 1052 enim
306 1004 371 1051 eolus
386 1000 546 1052 denominatus
561 997 688 1062 inolentis
700 998 809 1050 nominat
821 1000 942 1065 simplicem

143 1076 218 1124 uelum
235 1073 297 1122 illius
314 1072 438 1136 polemius,
457 1072 517 1124 siout
536 1070 676 1136 iutelliqere
696 1069 804 1122 uoueinut
821 1070 943 1136 simplicem

143 1149 219 1194 aetum
227 1144 366 1194 intellectis.
377 1143 481 1208 simplex
489 1147 565 1194 sutem
574 1146 637 1196 uetus
646 1142 755 1207 quentin
767 1146 805 1194 est
814 1143 841 1194 in
857 1143 881 1196 id
891 1145 942 1208 qunl

144 1220 178 1267 est.
190 1216 314 1266 secundum
323 1229 348 1265 se
358 1216 472 1279 objectum
479 1215 602 1280 potentiae3
614 1215 722 1266 illuuiem
733 1215 797 1277 qnod
807 1219 848 1266 est
856 1221 942 1280 propter

145 1301 170 1338 se
189 1288 274 1341 bonrum
292 1290 316 1337 el
329 1287 438 1350 volitum,
457 1290 493 1336 est
508 1286 561 1336 bnis
577 1302 583 1335 :
601 1285 661 1335 unde
680 1286 789 1338 voluntas
807 1288 901 1351 proprii
913 1291 943 1337 erl
971 1317 972 1326 ι

144 1359 218 1423 ipsius
228 1358 287 1409 finis
303 1359 336 1408 ιιι
356 1357 411 1408 verb
425 1371 475 1421 quse
495 1360 549 1406 sunl
560 1357 587 1408 ad
605 1356 686 1420 linem,
699 1369 746 1406 non
763 1361 820 1407 sunl
837 1358 942 1410 bonnuel

145 1429 216 1481 volite
226 1434 319 1494 proptor
330 1429 421 1493 seipsa,
435 1429 478 1478 seb
489 1442 520 1480 es
533 1427 611 1478 ordine
623 1427 651 1478 ad
665 1428 734 1478 inem
749 1443 754 1476 :
771 1429 835 1480 unde
846 1430 944 1480 uoluntas

146 1501 170 1550 in
180 1514 207 1550 ea
217 1514 263 1550 nun
275 1502 346 1552 lerini
359 1501 403 1551 nisi
412 1503 525 1564 quatenus
533 1499 604 1550 lentur
613 1499 637 1548 in
646 1498 715 1549 linem
722 1536 731 1562 ,
740 1501 804 1550 uude
815 1501 863 1552 hou
875 1502 942 1566 ipsun

145 1573 204 1637 quod
220 1571 245 1622 iu
259 1572 293 1622 eis
310 1572 372 1633 uult,
384 1577 421 1623 est
438 1571 500 1624 finis,
515 1571 578 1621 Siout
594 1576 618 1622 et
639 1570 785 1635 intolliqere
806 1571 944 1638 promritus

146 1658 225 1694 eornm
236 1658 287 1708 qnae
301 1643 426 1695 secundinm
439 1658 464 1694 se
479 1645 656 1704 cognoscuntur,
668 1641 755 1692 scilicet
770 1643 944 1709 pinumpinum

146 1727 223 1765 eorum
236 1719 312 1765 ιιιιιιι
321 1730 372 1796 qum
382 1717 555 1798 ooguosountrrr
560 1727 601 1780 per
610 1713 735 1778 principia,
748 1726 798 1764 non
810 1714 895 1765 metim
902 1727 944 1764 esne

146 1785 309 1851 intelligentia,
329 1787 375 1841 nisi
388 1788 412 1838 in
425 1778 555 1851 qn'unlum
549 1799 574 1836 iu
590 1786 624 1837 eis
640 1785 692 1850 ipsa
712 1785 829 1850 principia
847 1787 973 1838 conside

145 1859 232 1907 rantur.
248 1857 287 1908 Sic
299 1858 395 1909 enimse
407 1859 475 1910 babel
486 1858 554 1909 finis'
548 1873 573 1908 ιιι
586 1856 757 1938 appetibilibus,
769 1858 832 1908 ιιιιιι
843 1871 869 1910 se
883 1859 947 1908 hebet

148 1929 285 1995 principium
304 1933 328 1980 in
341 1930 536 1994 intelligibilibus,
550 1934 576 1980 ut
590 1929 689 1979 dicitur'
683 1941 708 1978 in
720 1929 769 1980 Vll.
781 1931 870 1982 illisio.
890 1929 932 1992 (l).

179 2003 213 2051 llll
225 2001 322 2066 primum
337 2015 390 2065 ergo
409 2002 539 2066 dicendum,
557 2001 617 2064 quot
635 2000 789 2064 Philosophus
805 2001 905 2066 loquitur
920 2002 944 2050 de

149 2074 264 2126 voluntate
282 2073 407 2124 seeundum
425 2072 486 2137 qubl
502 2071 593 2137 proprio
608 2071 711 2124 nominat
728 2071 861 2136 simplicem
875 2077 944 2122 uutnn

149 2145 283 2209 voluntatis,
298 2148 434 2196 nouantem
442 2141 567 2196 secundini
582 2142 642 2208 quoi
653 2143 757 2202 nominat
766 2144 904 2208 munuum.

180 2217 214 2265 ld
229 2218 351 2267 seeundum
364 2217 498 2280 dicendum,
513 2215 574 2280 quot
587 2216 615 2266 ud
629 2228 657 2266 ea
672 2227 722 2278 quae
736 2217 792 2264 sunl
811 2215 901 2266 diuersa
911 2227 944 2276 qe-

150 2299 217 2350 uere‚
230 2302 260 2339 eu
268 2303 333 2352 aequo
342 2302 366 2338 se
376 2287 496 2350 habentia,
507 2287 639 2338 ordinantur
648 2286 744 2337 diverso
753 2286 864 2350 poteruim
874 2301 881 2336 :
893 2285 944 2335 sicu

150 2371 219 2407 sonus
233 2363 258 2408 et
272 2360 334 2410 color
345 2364 398 2410 sunt
411 2359 502 2410 diversa
515 2372 598 2423 genera
613 2357 768 2420 sensibilium,
783 2359 814 2410 ud
828 2372 878 2424 que
889 2357 944 2407 orli-

150 2434 234 2479 nantnr
250 2431 340 2481 auditus
351 2435 374 2482 et
383 2431 454 2482 risus.
468 2430 514 2481 Sed
531 2430 596 2480 utile
609 2433 633 2481 et
644 2429 775 2480 honestum
788 2443 837 2480 nou
848 2443 877 2482 ex
886 2441 945 2490 uque

150 2514 176 2552 se
191 2502 286 2566 babent,
303 2503 343 2554 sed
361 2503 419 2554 siout
434 2503 494 2568 qnod
510 2505 545 2554 est
567 2501 704 2552 secundum
723 2504 792 2554 seul
813 2499 944 2552 mundiori

184 2673 215 2735 (i)
238 2676 273 2720 sie
290 2676 399 2732 implicito
413 2677 495 2722 seltem
509 2687 562 2732 esp.
583 2676 611 2734 9,
626 2677 764 2734 groco-leb,
779 2674 816 2721 rel
830 2687 880 2732 esp.
896 2672 944 2716 sin

152 2737 269 2795 antiquis,
284 2743 307 2782 et
325 2738 386 2792 epnd
400 2740 423 2782 s.
436 2738 565 2796 Tbomnm,
582 2740 637 2784 lect.
654 2739 684 2798 8,
696 2751 780 2796 nempe
794 2738 857 2795 quod
868 2738 896 2782 ιιι
908 2747 943 2778 ec-

152 2798 258 2842 sionibus
280 2798 440 2856 principium
457 2805 490 2844 est
503 2801 570 2846 illud
588 2801 661 2858 eujus
683 2804 758 2848 eausa
779 2813 818 2848 ros
833 2801 874 2859 fit.
886 2799 944 2844 sieut

151 2861 329 2916 suppositiones
341 2860 370 2902 itt
379 2859 522 2920 disciplinis
534 2863 718 2913 mummium.
