1984 3309
316 168 347 207 nn
363 168 442 209 ornae
457 169 549 209 ruinae
563 171 620 211 urat.
841 164 869 214 et

64 245 156 298 monitis
170 244 298 311 meatibus3
309 252 333 297 et
347 252 441 312 propter
450 250 494 298 troc
504 248 611 301 dicuntur
621 263 685 316 aque
701 266 715 298 u
732 255 867 317 coupcgmi

63 319 87 367 in
102 332 173 369 unum
185 319 270 369 locum.
287 334 303 365 u
314 320 357 370 Vel
371 319 428 370 dicit
446 334 543 370 «uuum
555 322 630 372 locum
643 334 715 374 »non
727 323 871 388 simpliciter,

63 390 104 441 sed
115 404 155 455 per
168 389 366 454 comparationem
384 392 413 440 ad
424 391 498 441 locum
510 396 575 443 terrae
592 394 659 445 sicce
674 396 718 445 :ut
735 396 766 446 sit
781 410 870 458 munus,

64 478 79 509 a
90 467 253 525 congregentur
263 475 330 525 aquae
343 461 369 511 iu
382 476 454 512 unum
465 464 574 524 locum»
586 466 664 530 idest,
678 480 780 518 morsum
789 466 870 517 iterra

64 533 132 597 sicam
143 546 196 585 nam
207 534 237 584 ad
251 534 418 596 designandam
427 534 580 597 pluralitatem
586 537 689 587 locorum
700 551 774 603 aque,
784 539 871 601 subdit,

64 604 120 668 quod
132 605 348 669 «congregationes
361 618 472 669 aquarum
489 608 612 671 appellavit
628 608 708 659 maria.
724 625 738 655 u

91 677 124 726 ltd
138 680 246 740 quadum
263 676 402 739 dicendum,
416 676 477 739 qiidd
489 676 563 741 jussio
579 678 619 729 llei
638 681 764 730 naturalem
784 683 870 731 motum

61 746 192 811 corporibus
208 747 306 811 prebet.
320 748 387 798 Unde
397 747 479 801 dicitur
493 748 554 812 quod
567 748 614 800 suis
625 752 766 804 naturalium
774 752 871 803 mutum

60 834 74 863 u
85 816 172 869 faciunt
183 818 282 868 verbum
294 818 356 883 ejus.
372 834 387 865 u
403 818 444 869 Vel
456 822 534 881 potest
548 820 606 881 dici,
621 820 683 884 quod
696 822 798 875 mimae
810 826 871 873 esset

59 889 118 951 quod
132 902 194 953 aqua
208 890 312 953 undique
322 892 386 941 esset
398 888 457 941 cuca
469 894 566 955 utram,
576 891 635 943 sicut
648 906 687 943 uer
697 893 798 957 undique
810 894 871 945 eirca

61 972 139 1022 aguam
154 964 181 1011 et
201 962 302 1023 lerram;
317 961 358 1011 sed
377 963 471 1024 propter
484 961 644 1013 necessitatem
663 963 730 1023 linis,
741 968 768 1015 ut
784 962 872 1013 scilicet

61 1030 163 1081 animalia
178 1035 203 1083 et
220 1031 306 1095 plante
319 1035 398 1083 essent
412 1045 481 1095 super
493 1037 579 1083 terram
585 1070 594 1097 ,
606 1035 709 1097 oportuit
721 1036 783 1099 quod
795 1034 872 1097 abque

59 1114 110 1165 pars
121 1106 191 1153 terrae
201 1106 266 1153 esset
276 1102 422 1165 discooperta
430 1104 459 1153 ab
470 1102 543 1167 aqu'm.
556 1104 622 1163 Quod
629 1106 722 1170 quidem
732 1106 804 1170 aliqui
816 1105 871 1155 Plri-

60 1174 145 1239 lusopbi
163 1174 296 1225 attribuunt
310 1174 396 1225 aedom
413 1174 468 1225 solis
480 1188 522 1239 per
531 1175 684 1227 elevationem
693 1190 804 1241 naporum
817 1178 873 1227 des-

59 1247 164 1297 siccantia
172 1249 270 1297 terrm.
282 1246 327 1297 Sed
340 1259 406 1297 sacra
418 1246 534 1309 Scriptura
543 1245 647 1298 attribuit
662 1250 770 1313 potestati
778 1250 872 1313 divium

59 1332 104 1369 nou
116 1320 194 1369 solum
210 1319 236 1369 in
250 1318 348 1375 Genea„
364 1318 404 1369 eod
415 1318 483 1371 etiam
494 1318 519 1369 in
530 1318 587 1380 Job,
598 1321 724 1385 liliiilllll,
734 1322 773 1372 ubi
784 1336 814 1372 ex
822 1335 874 1387 per·

59 1402 111 1439 sona
126 1389 227 1441 Domini
245 1387 339 1441 dicbur.
358 1389 500 1441 circumdedi
513 1404 576 1441 marc
587 1391 693 1444 terminis
705 1393 776 1455 meis;
791 1395 815 1445 et
827 1395 873 1443 Je-

60 1463 163 1525 rem.‚v
182 1461 216 1511 :ir
229 1461 266 1513 lle
285 1474 341 1524 ergo
355 1473 403 1511 non
417 1460 543 1525 timebitis,
556 1463 589 1511 ait
606 1463 734 1528 Dominus,
751 1464 793 1527 qui
805 1465 873 1528 posui

64 1544 148 1585 menam
167 1533 299 1583 terminum
312 1531 389 1581 mari?
402 1548 417 1578 »

92 1604 123 1654 td
136 1606 245 1669 ‹puintum
261 1604 399 1665 dicendum,
411 1602 471 1667 qudd
484 1604 609 1655 secundum
623 1606 777 1670 augustinum
790 1607 870 1673 (libi

59 1676 138 1741 Super
153 1681 227 1733 Gen..
243 1690 295 1740 cap.
311 1679 358 1739 1³,
374 1678 432 1726 utet
445 1676 484 1727 lib.
497 1690 550 1740 cap.
564 1681 593 1738 ἱ)
607 1691 649 1741 per
662 1683 761 1743 teriam,
778 1681 807 1731 de
823 1695 870 1745 qua

57 1747 126 1809 primd
140 1750 214 1800 tiebat
229 1747 333 1807 mentio,
351 1747 484 1811 intelligitur
499 1751 595 1799 materia
614 1750 700 1813 prima;
715 1765 777 1803 nunc
792 1756 870 1803 uuum

57 1816 192 1885 intelligitur
205 1821 284 1885 ipsum
299 1820 440 1871 elementum
447 1824 523 1871 terrae.
536 1822 578 1871 Vel
589 1826 664 1885 potest
683 1823 729 1873 dici
744 1825 870 1876 secundina

58 1890 165 1943 Basilium
181 1892 247 1957 quod
265 1886 340 1955 primd
361 1890 519 1943 nominabatur
533 1896 605 1942 terra
623 1892 749 1945 secundum
765 1901 870 1947 naturam

59 1976 134 2028 suam3
147 1978 213 2015 nunc
228 1966 309 2013 aulem
328 1960 459 2015 nominatur
472 1977 502 2017 ex
516 1977 558 2015 sua
578 1965 698 2029 principali
712 1967 868 2030 proprietate,

59 2048 107 2097 que
118 2040 154 2086 est
163 2036 269 2087 siccitas.
280 2034 346 2085 Unde
356 2033 448 2094 dicitur,
458 2034 518 2097 qudd
528 2053 541 2082 «
552 2036 642 2085 uocauit
657 2036 743 2087 aridam
753 2044 869 2089 terram.»

59 2106 99 2157 Vel
108 2113 187 2172 potest
200 2108 251 2159 dici
262 2108 391 2159 meandum
406 2106 477 2157 Rabbi
490 2108 591 2172 Moysen]
606 2109 640 2171 (ut
649 2108 698 2171 mni
709 2108 798 2173 sopri),
809 2108 870 2172 quon

60 2178 187 2245 ubicumque
201 2180 305 2231 dieitura
320 2179 432 2233 uocauit.
445 2179 586 2241 significatur
594 2180 747 2243 equivoeatio
761 2182 869 2233 nominis.

62 2248 120 2303 Unde
134 2252 200 2315 prius
210 2252 299 2303 dictum
311 2253 364 2312 est,
377 2246 436 2312 qudd
446 2267 460 2297 a
469 2252 560 2301 vocant
569 2253 657 2311 lucem,
669 2251 743 2314 diem,
753 2270 768 2302 a
779 2257 871 2318 propter

62 2320 100 2371 ltoc
115 2323 160 2387 qud
173 2325 246 2373 etiam
263 2321 313 2372 dies
328 2325 424 2371 vocatur
436 2321 534 2385 spatium
549 2321 632 2385 uiginti
645 2327 741 2385 quatuor
753 2325 870 2387 horarum,

63 2396 183 2445 seeundum
195 2393 260 2457 qiiod
272 2390 361 2443 ibidem
373 2390 469 2441 dicitur:
482 2409 496 2439 a
506 2393 599 2442 Factum
612 2397 648 2443 est
659 2406 755 2456 vespam
767 2399 792 2445 et
802 2408 869 2446 mane

66 2460 108 2515 dies
117 2480 185 2517 unua.
198 2482 213 2513 u

91 2536 200 2587 Similiter
208 2536 331 2588 eioendmi
341 2538 388 2597 est,
400 2533 459 2599 qudd
469 2536 668 2599 firmamentum,
683 2536 708 2587 id
719 2541 868 2602 estpaerem,

63 2608 173 2659 «amavit
184 2609 284 2671 caelum,
298 2624 313 2655 u
326 2607 382 2671 quie
396 2607 468 2660 etiam
481 2608 564 2660 eoelunt
577 2607 660 2660 dieitau
673 2608 733 2672 quod
749 2612 783 2659 est
795 2609 869 2673 primo

63 2686 166 2731 meatum.
181 2680 295 2733 Similiter
309 2680 381 2731 eliani
396 2678 491 2741 dicitur,
504 2678 565 2742 qubd
575 2679 696 2738 aridum,
705 2679 728 2729 id
741 2685 791 2744 est,
804 2681 867 2731 illam

65 2754 144 2810 partem
158 2765 211 2815 qum
223 2756 259 2801 est
273 2752 420 2815 discooperta
437 2751 515 2813 aquis,
531 2768 546 2798 u
563 2749 651 2800 uocant
661 2755 758 2813 terram,
771 2768 785 2797 u
800 2754 867 2815 prout

64 2821 206 2886 distinguitur
217 2828 295 2874 contra
307 2836 386 2885 utare,
400 2822 504 2885 qualmvis
514 2820 629 2872 wmmuui
642 2821 735 2871 uomirm
746 2827 815 2871 terro
826 2836 867 2870 ao-

64 2900 133 2958 cetur,
148 2897 199 2947 sive
219 2894 250 2945 sit
269 2896 335 2960 aquis
353 2897 475 2956 coopertu,
497 2894 546 2943 sive
562 2893 712 2955 discooperta.
730 2892 866 2954 intelligitur
