1984 3309
175 181 208 218 ml
220 181 261 218 1118
273 180 329 226 ΟΠΞ
342 181 375 220 ΔΙ)
387 180 565 222 ΙΕᾸΤΙΤΠΒΙΠΕΙ
580 184 725 226 ineuntem.
806 181 850 228 701

39 257 137 322 possit:
152 251 242 308 et‘haec
252 261 288 308 est
301 259 411 310 habitudo
430 261 545 325 sperantis
556 263 584 312 ed
601 267 728 328 speratum,
740 279 791 329 que
805 267 852 317 sota

38 331 158 382 hebitudo
175 329 232 380 lacit
248 330 300 381 linis
318 331 499 398 inquisitionem.
520 334 550 384 m
562 334 613 386 istis
626 335 699 387 muns
715 338 852 401 respondent

35 405 121 466 alique
138 402 167 450 in
181 401 232 465 ipse
249 402 393 454 heatitudine
415 419 421 454 :
437 417 490 454 nem
508 406 610 470 periente
625 407 724 470 cognitio
739 407 790 460 duis
806 421 855 459 res-

36 475 131 540 pondet
143 473 302 538 imperfecte3
314 475 439 540 presentia
451 475 507 526 vend
525 476 597 540 ipsius
610 479 661 528 duis
674 481 796 544 respondet
811 482 852 532 hu·

34 546 144 597 hitndini
161 547 228 611 spei3
245 549 286 598 sed
305 548 425 598 delectatio
438 549 463 597 in
478 550 600 613 presentia
620 553 764 616 consequitur
781 553 852 604 dilec-

33 622 146 682 tionem,
158 622 187 667 ut
196 616 266 682 snprl
281 619 368 673 dictum
381 624 418 670 est
430 621 488 684 (nrt.
504 621 542 682 tt.
558 622 586 671 Et
602 622 653 673 ideo
664 636 755 675 necesse
773 627 808 674 est
821 624 850 674 nd

35 691 216 741 beatitudiuem
229 691 274 747 istu
287 690 331 740 tria
343 704 490 754 concurrere,
501 692 589 743 scilicet
601 695 738 754 visionem,
753 709 804 759 qum
816 700 851 746 est

34 762 146 827 cognitio
163 761 268 826 perfecta
282 761 431 825 intelligibilis
444 763 509 828 liniq
525 767 779 828 comprehensionem.
798 781 849 830 qum

32 837 154 900 importet
178 833 321 898 presentiam
337 834 404 899 fiuis;
418 835 611 887 delectationem
630 836 668 887 uel
681 839 848 901 finitionem,

31 922 87 970 quoe
110 905 228 970 importat
237 905 402 969 quietationem
415 908 449 956 rei
463 907 560 957 umentis
576 907 694 958 inumato.

64 981 104 1030 nd
129 977 234 1042 primum
254 991 309 1042 erpo
328 979 464 1042 dicendum,
479 979 542 1044 qudd
561 982 747 1045 comprehensio
769 981 851 1033 disitm

31 1049 185 1115 dupliciter:
201 1051 252 1103 Uno
268 1051 334 1101 modo
347 1068 361 1098 n
374 1051 470 1101 inclusio
484 1053 644 1116 comprehensi
658 1051 683 1102 in
698 1055 850 1116 comprehen-

30 1126 118 1186 dente3
128 1138 144 1170 n
155 1121 224 1171 etsie
234 1121 310 1172 omnia
318 1123 379 1186 quod
387 1123 589 1186 comprehenditur
597 1123 688 1187 linito,
700 1128 736 1174 est
744 1124 847 1174 linitum:

30 1196 97 1244 unde
110 1195 161 1243 hcc
173 1191 242 1242 modo
255 1193 316 1242 Deus
326 1194 488 1256 comprehendi
501 1207 547 1244 non
557 1198 634 1258 potest
647 1196 676 1245 ab
689 1195 765 1259 ulique
780 1195 848 1245 intel·

29 1267 96 1315 lectu
122 1267 214 1314 meato.
237 1263 288 1313 hlio
305 1263 373 1314 modo
390 1265 574 1329 comprehensio
593 1265 650 1316 nihil
668 1266 728 1316 ahud
747 1266 849 1316 nominat

29 1338 104 1400 quim
114 1334 252 1386 tensionem
261 1334 374 1398 alicujus
384 1339 491 1400 reique
502 1337 548 1401 jam
557 1337 730 1401 presentiuhter
740 1337 847 1388 habetur:

28 1411 95 1458 sicut
118 1405 210 1470 aliquis
229 1419 371 1470 consequens
394 1407 507 1470 aliquem,
525 1408 606 1458 dicitm
631 1421 683 1459 enm
702 1409 850 1471 comprehen-

28 1484 104 1541 dere,
118 1478 218 1543 quundc
228 1480 292 1528 tenet
304 1491 370 1541 eum;
382 1481 406 1529 et
415 1480 458 1529 hoc
469 1481 537 1529 modo
549 1477 719 1543 comprehensio
729 1477 849 1541 requiritur

29 1556 59 1604 nd
74 1550 280 1616 beatitudinem(
296 1550 313 1615 ).

62 1627 104 1676 hd
116 1623 252 1676 seeundum
263 1623 402 1688 dicendum,
412 1623 471 1687 qnod
485 1624 546 1674 sicut
559 1625 587 1675 ad
599 1624 737 1675 uoluntatem
751 1623 850 1688 pertinet

27 1713 87 1761 spes
101 1700 131 1748 et
148 1707 231 1758 amor,
244 1695 298 1758 quill
312 1695 416 1759 ejusdem
432 1700 554 1746 estimare
568 1696 665 1762 aliquid,
678 1699 703 1747 et
716 1697 809 1747 tendere
825 1696 849 1746 in

25 1773 88 1820 illud
102 1781 158 1820 non
176 1767 282 1817 habitum
295 1783 301 1816 :
316 1767 349 1817 itu
363 1768 433 1818 etiam
444 1769 472 1818 ed
488 1768 629 1818 voluntatem
639 1768 849 1832 pertinetcompre·

27 1842 124 1892 hensio
151 1842 178 1888 et
201 1837 335 1898 delectatio,
354 1839 409 1902 quie
433 1840 535 1902 ejusdem
556 1841 690 1890 esthabere
710 1839 808 1904 aliquid,
826 1843 849 1890 et

28 1916 168 1978 quiescere
177 1910 205 1960 iu
216 1910 264 1961 ido.

60 1987 100 2034 Ad
116 1982 220 2034 tertium
236 1981 371 2045 dicendum,
386 1982 448 2046 qudd
466 1981 639 2047 comprehensio
657 1995 703 2033 nou
724 1985 760 2032 est
774 1982 849 2046 eliqua

23 2055 147 2121 operatio
160 2057 248 2118 preter
257 2052 384 2117 visionem3
393 2055 433 2105 sed
447 2056 551 2117 quedem
565 2053 675 2104 habitudo
685 2053 791 2104 adfinem
800 2056 849 2114 lam

24 2131 148 2179 tinnitum
164 2142 170 2175 :
187 2126 249 2176 uude
263 2125 332 2176 etiem
351 2125 403 2189 ipsa
418 2126 491 2189 visio,
504 2126 541 2176 uel
555 2139 592 2176 res
604 2124 666 2186 visa,
682 2137 734 2187 que
747 2135 848 2188 presen-

23 2204 126 2252 tialiter
141 2199 228 2259 adest,
242 2193 357 2261 objectum
369 2195 579 2262 comprehensionis
592 2198 635 2246 est.

62 2345 102 2407 (ί)
129 2347 177 2390 Per
194 2343 358 2400 metaphoram
380 2342 394 2387 d
414 2342 620 2400 comprehensione
642 2341 769 2399 corporali,
794 2340 849 2397 quin
904 2364 906 2367 ·

23 2414 97 2456 sicut
109 2406 324 2463 comprehenditur
337 2417 434 2465 eorpus,
447 2419 494 2452 neu
508 2405 597 2450 tentum
608 2404 783 2460 quiescenduin
797 2404 848 2449 loco

21 2471 182 2528 includitur,
192 2468 234 2514 sed
246 2469 301 2524 quie
312 2469 395 2524 quouis
405 2469 473 2514 medo
483 2467 662 2525 apprehenditur
672 2467 709 2512 uel
720 2467 846 2526 attingitur,

21 2541 58 2581 sie
88 2534 173 2579 etiem
192 2531 397 2587 comprehenditur
413 2533 487 2590 Deus,
501 2532 555 2588 quia
575 2529 749 2587 intelligibiliter
768 2541 849 2586 oppre-

21 2599 154 2647 henditur
169 2594 206 2639 ret
221 2599 322 2639 tenetur.
