1984 3309
157 182 188 218 on
204 180 293 217 omme
308 181 454 222 curarimus
467 180 500 222 lu
514 182 709 221 nammcrrom.
805 175 839 223 19

35 258 56 305 in
70 269 164 320 corpore
177 256 334 321 corruptibili,
351 261 470 309 remaneat
486 262 512 309 ut
529 259 643 309 substrala
658 261 800 323 generationi
815 265 840 312 et

34 327 189 391 corruptioni,
204 328 309 390 sequitur
325 329 353 379 de
369 328 504 379 necessitate
518 329 577 393 qubd
590 345 637 381 non
651 332 683 381 sit
697 333 777 383 eadem
790 347 839 383 ma-

33 400 89 449 toria
100 412 215 463 comomm
224 400 403 463 corruptibilium
413 404 436 449 et
443 399 654 463 incorruptibilium.
665 402 759 452 llatema
768 404 839 464 euim,

36 470 155 520 semodium
165 471 187 519 id
200 471 262 533 quod
276 474 326 532 est,
338 474 375 521 est
388 470 414 521 in
422 471 523 535 potentia
531 473 559 523 ad
570 472 674 523 formam.
686 475 779 537 Oportet
787 489 841 539 erpo

37 540 94 603 quod
107 540 199 590 materia
214 541 338 591 secundirm
357 555 382 593 se
395 542 537 591 considerata
551 544 582 593 sit
596 542 620 593 iu
635 544 737 609 potentia
750 546 778 594 ad
792 546 840 595 lor·

39 626 92 661 mom
114 613 217 662 omnium
240 613 344 675 illomm,
364 626 462 677 quorum
480 617 516 665 est
532 613 625 665 materia
645 616 781 666 communis.
794 618 842 667 Per

37 698 100 733 ninom
114 688 191 733 autem
205 682 302 735 lormam
319 698 366 735 non
380 686 407 735 lit
421 683 445 735 iu
460 689 526 749 actu,
540 684 585 735 nisi
599 690 708 749 quantum
728 687 756 735 ad
778 687 841 738 illam

37 756 143 819 loricam3
162 760 266 806 romanet
285 770 339 819 ergo
358 756 383 806 in
402 756 506 821 potentia
521 764 632 821 quantum
646 758 675 807 ad
688 772 768 808 omnes
785 758 841 809 alias

36 828 124 877 lormas.
139 828 188 878 Nec
201 830 246 878 hoc
263 828 406 894 excluditur,
420 827 440 877 si
452 841 499 878 una
512 828 603 879 illarum
620 829 742 879 formarum
751 830 782 879 sit
792 844 842 893 per-

36 900 120 960 fectior,
128 904 153 951 et
163 898 285 950 continens
295 900 319 949 in
330 910 355 949 sc
366 900 464 949 uirtutes
476 900 546 963 abas3
558 900 610 964 quia
621 902 722 965 potentia
733 905 843 965 quantum

39 976 73 1018 est
86 972 113 1021 dc
129 986 167 1033 se,
182 970 255 1021 indii·
268 972 368 1021 lerenter
383 984 409 1021 se
427 971 496 1021 babet
509 973 537 1022 ad
552 973 674 1036 perfectum
691 977 714 1023 et
724 972 844 1036 imperiec-

41 1046 94 1090 lum.
105 1042 183 1104 Unde,
196 1042 257 1092 sicut
267 1042 359 1106 quando
370 1044 406 1093 esi
420 1042 463 1093 sub
475 1042 547 1093 forma
559 1043 703 1107 imperfecta,
715 1048 752 1094 est
765 1044 790 1093 in
802 1057 843 1107 po

39 1114 105 1162 leuba
118 1114 146 1163 ad
160 1115 256 1164 sormam
267 1114 411 1177 perlectam,
424 1114 460 1163 ila
476 1127 488 1163 e
503 1127 620 1165 converso.
634 1114 671 1164 Sic
684 1128 737 1177 ergo
751 1115 844 1165 materia

40 1184 161 1235 secundum
171 1184 328 1249 quodestsub
337 1186 411 1235 lorma
420 1184 596 1249 incornrptibilis
603 1185 845 1250 eorporineriladbuc

39 1257 175 1319 inpotentia
189 1256 218 1307 ad
233 1258 329 1307 lormam
344 1254 501 1321 corruptibilis
514 1255 629 1321 eorporis3
643 1261 667 1307 et
679 1256 731 1307 edm
743 1270 790 1307 uon
804 1260 845 1307 ba-

40 1329 88 1377 beat
101 1342 151 1378 eam
169 1328 193 1377 iu
211 1332 281 1391 actu,
300 1328 345 1378 erit
364 1326 433 1377 simrrl
452 1328 493 1379 sub
508 1328 580 1379 formo
598 1331 621 1377 el
634 1326 779 1391 privatione,
793 1328 845 1393 quia

40 1400 135 1448 correnlia
151 1399 232 1449 formae
242 1399 266 1448 iu
276 1413 304 1449 eo
317 1400 378 1463 quod
392 1403 428 1449 est
442 1399 465 1448 in
475 1400 578 1463 potentia
588 1400 617 1450 ad
630 1400 724 1450 lormam
734 1437 741 1461 ,
751 1406 788 1450 est
796 1402 845 1465 pri-

43 1472 108 1519 uatio.
124 1473 178 1531 linc
192 1474 270 1521 aulem
293 1470 414 1534 dispositio
426 1475 461 1521 est
477 1471 629 1535 corruptibilis
641 1472 749 1535 corporis.
762 1472 847 1537 lmpos-

46 1542 106 1591 sibile
118 1556 172 1605 ergo
186 1547 223 1593 est
234 1540 295 1605 qudd
304 1542 408 1607 corporis
424 1542 576 1606 corruptibilis
588 1547 612 1594 et
620 1542 794 1607 incorruptibilis
808 1558 848 1607 per

47 1617 144 1662 nolumm
152 1652 160 1675 ,
169 1614 198 1664 sit
207 1627 255 1663 una
264 1614 370 1665 materia.
381 1614 513 1667 Neclameu
522 1615 691 1673 dicendumest,
704 1619 729 1664 ut
737 1617 849 1665 daemoes

44 1685 104 1747 lingit
117 1686 172 1749 (lib.
193 1687 233 1736 De
242 1686 389 1736 substantia
400 1686 480 1745 ordis,
494 1700 545 1750 cap.
561 1687 589 1748 Ξ)
604 1685 663 1749 qudd
679 1686 753 1749 ipsum
767 1700 848 1749 corpus

44 1758 130 1809 eclesie
139 1758 170 1809 sit
180 1758 277 1809 materia
285 1756 352 1820 coeli,
365 1756 553 1821 ensiupoteulia
563 1757 740 1812 adudi,ctuon
750 1759 778 1807 ad
787 1772 849 1817 esse,

43 1830 65 1876 et
81 1829 149 1878 forma
160 1828 214 1893 ejus
228 1830 260 1880 sit
276 1828 407 1880 subeuntia
421 1833 524 1892 separata
537 1843 587 1893 quac
601 1829 679 1878 unitur
691 1828 713 1879 ei
725 1831 751 1878 ut
764 1833 847 1892 motor,

44 1902 95 1961 quia
108 1900 253 1965 impossibile
267 1905 303 1951 est
316 1912 404 1964 ponere
419 1900 508 1964 aliquod
522 1914 562 1951 ens
575 1903 641 1962 actu,
655 1899 711 1963 quin
724 1900 762 1950 vel
774 1900 849 1963 ipsum

46 1976 113 2021 loturo
130 1972 162 2022 sit
175 1976 240 2022 actus
254 1978 279 2023 et
292 1972 380 2034 forma,
393 1970 431 2021 vel
444 1972 526 2021 babeat
539 1976 611 2021 actum
626 1984 667 2021 seu
682 1970 785 2021 formam.
801 1972 848 2021 lle·

46 2042 103 2091 rnotl
119 2056 174 2105 ergo
189 2056 234 2107 per
249 2042 394 2093 intellectum
409 2042 534 2092 substantii
550 2041 668 2107 separati,
686 2055 737 2105 qua
758 2041 851 2105 ponitur

45 2120 127 2176 motor,
143 2116 164 2165 si
182 2129 265 2180 corpus
281 2116 378 2165 eoeleste
397 2126 444 2163 uon
462 2114 596 2164 esthabere
610 2114 704 2164 lormam
720 2114 799 2176 (quod
814 2116 851 2163 est

46 2186 145 2249 enimponi
158 2187 275 2237 calonna
285 2192 309 2237 et
321 2186 428 2249 subjecto
438 2184 654 2248 domnimartini
665 2184 725 2247 qubd
737 2184 765 2233 sil
776 2187 849 2234 totum

48 2257 112 2305 lorma
125 2262 149 2309 el
160 2262 237 2307 actus.
247 2259 322 2309 dmue
337 2262 418 2307 autem
428 2256 473 2306 tale
486 2261 522 2307 est
531 2255 672 2307 intellectum
683 2256 706 2304 in
717 2260 782 2316 actu,
790 2258 850 2319 quod

52 2327 75 2375 de
89 2342 180 2394 corporo
195 2331 282 2380 coelesti
298 2330 345 2381 dici
358 2332 407 2379 nob
421 2332 514 2391 potest,
529 2328 581 2378 oiim
598 2328 628 2377 sit
643 2327 758 2378 sensibile.
773 2328 851 2378 Relin-

55 2400 119 2456 quitur
130 2414 185 2465 ergo
194 2402 253 2465 qudd
268 2400 368 2451 materia
384 2400 483 2463 corporis
496 2401 612 2459 caelestis,
626 2398 750 2450 secunddm
763 2413 788 2449 se
797 2412 850 2449 eou-

56 2468 152 2535 silenti,
166 2487 214 2524 non
227 2478 263 2525 est
275 2475 301 2524 in
316 2470 476 2538 potentiauisi
488 2473 515 2522 ad
529 2472 626 2523 lormam
637 2484 705 2535 quam
715 2471 795 2520 babet.
806 2473 853 2521 Noc

54 2542 115 2594 refert
126 2548 154 2595 ad
170 2547 311 2612 propositum
321 2556 467 2609 quaecunque
480 2544 511 2593 sit
522 2544 574 2607 illa,
586 2544 634 2593 sine
645 2542 735 2603 anima,
750 2543 799 2593 siue
814 2542 854 2592 ali

55 2617 105 2678 quid
116 2617 191 2669 aliud:
204 2620 264 2670 unde
278 2618 321 2669 illa
335 2616 412 2667 torma
426 2615 459 2665 sic
472 2616 558 2681 perlicit
571 2615 634 2664 illam
646 2614 779 2675 materiam,
793 2614 853 2678 qudd

56 2691 112 2738 nullo
128 2691 192 2742 modo
203 2692 227 2741 iu
242 2706 271 2742 ea
285 2691 396 2740 remanet
412 2688 511 2750 potentia
527 2688 555 2737 ad
568 2702 639 2747 esse,
653 2688 691 2737 sed
706 2688 734 2735 ad
751 2685 794 2734 obi
804 2690 854 2734 tan-

57 2758 114 2820 lium,
123 2768 145 2811 ul
155 2763 289 2813 ldstuteles
298 2759 369 2812 dicit.
381 2758 449 2808 Etsic
460 2773 507 2809 nou
518 2764 553 2809 est
562 2761 640 2810 cadem
651 2758 746 2807 materia
755 2756 855 2819 corporis

55 2832 144 2883 ‹mlestis
155 2839 178 2887 ct
188 2838 376 2890 clementorum,
390 2830 435 2879 uisi
446 2830 569 2881 secundirm
579 2831 705 2895 analogium
714 2868 721 2891 ‚
730 2826 854 2880 secundum

56 2904 111 2965 qirnd
124 2909 256 2961 conueniunt
270 2908 298 2958 iu
316 2903 410 2955 ratione
423 2902 545 2967 potentia⁸⁴
