1984 3309
652 11 662 44 Ι

155 153 200 201 itt
297 160 371 199 rem
388 158 515 210 numus,
532 158 684 208 ourionis,
701 158 757 195 uir.
774 157 809 197 tv.

185 240 218 289 it
232 239 323 289 terium
338 238 466 299 dicentium,
482 235 542 299 quod
555 237 614 286 uouit
625 234 696 299 suprt
707 235 796 287 (fiotum
806 233 907 299 estfqu.
919 234 941 288 i.

154 315 197 360 art.
215 314 237 369 8,
251 314 275 359 et
286 324 325 372 qn.
344 314 372 369 t,
385 312 429 361 nrt.
443 308 482 372 f),
498 306 552 358 tfnis
564 307 647 357 dieitur
662 306 787 369 dupliciter
803 324 810 357 ε
828 319 875 356 nuo
888 306 942 354 moun

152 382 202 446 iuss
219 395 266 445 nes;
284 382 329 431 ulio
344 382 411 431 motio
424 378 517 443 etopuo
534 378 577 428 rei.
595 381 651 438 Qus
662 377 759 441 quinem
776 392 827 429 non
844 382 896 428 snut
910 378 943 425 tuo

153 452 224 514 unu,
237 452 277 505 sed
297 465 356 503 unus
372 451 425 503 finis
442 450 469 501 iu
486 464 512 501 se
525 449 681 501 wusiferatus
693 453 718 499 et
735 450 804 501 ulturi
822 449 941 515 ἥψωῐῆΙ

153 526 212 575 Dens
224 524 294 587 igitur
308 527 343 575 est
360 524 455 574 ultimus
474 522 527 573 finis
544 522 603 573 sieut
615 535 654 574 res
666 534 718 585 quae
740 521 825 573 ultimo
837 522 942 586 quitum,

153 594 230 647 fruitio
241 599 317 647 autem
328 595 387 645 sicut
397 595 488 660 adeptio
505 594 575 658 hujus
586 594 662 645 ultim
675 593 739 644 unis.
754 594 824 645 Sient
834 593 901 658 igitur
909 605 943 640 unu

154 672 189 717 est
202 666 259 716 eiius
274 666 325 717 finis
342 668 404 717 Deus
420 670 443 718 et
456 665 534 715 fruitio
548 665 604 727 liei,
622 665 656 715 itu
673 666 755 715 utem
768 665 832 717 ratio
847 663 944 715 inuuunt

153 743 187 789 est
200 752 246 801 qus
257 738 354 791 fruimur
365 738 441 789 duint
456 738 578 801 fruitione3
593 741 617 788 et
630 738 713 788 eedem
731 737 792 789 niun
808 743 848 790 est
862 740 890 789 tit
902 738 944 786 te·

154 809 251 861 titudine
270 814 360 875 uentu,
380 824 432 873 que
446 810 471 861 iu
484 809 592 861 fruitione
605 809 719 860 consistit.

450 956 609 1007 tuiicULth
623 956 661 1006 IV.

320 1065 406 1110 Uirium
419 1065 507 1120 seruitio
515 1066 548 1109 rit
556 1065 699 1121 eolumflm's
708 1064 797 1109 inuiti.

186 1175 220 1225 fd
233 1177 339 1238 quartum
350 1176 383 1226 sie
392 1174 530 1239 proceditur.
541 1173 636 1223 Videtur
645 1174 707 1237 qnod
720 1174 803 1225 fruitio
816 1188 867 1227 non
876 1176 904 1225 sit
913 1173 945 1222 nisu

155 1245 208 1297 suuis
223 1246 304 1297 nubiti.
320 1246 379 1297 utris
392 1244 452 1299 eninr
467 1245 620 1308 Augustinus,
631 1246 660 1295 X.
675 1246 713 1294 Dr
727 1246 801 1296 Tris.
815 1248 826 1313 (
834 1262 887 1312 esp.
898 1248 947 1304 ut,

155 1318 216 1381 quud
225 1318 292 1367 «frui
306 1322 341 1369 est
352 1330 403 1367 eum
413 1317 494 1379 gestu
502 1316 551 1379 uti,
563 1329 610 1369 uon
619 1316 696 1366 adhue
704 1318 768 1381 spei,
777 1321 824 1369 sed
836 1320 886 1383 jem
894 1319 946 1367 rei-r

155 1390 201 1439 Sed
219 1389 327 1453 quaudiu
344 1401 389 1441 nou
410 1388 522 1451 hebetur,
536 1400 583 1438 non
599 1390 635 1439 ost
652 1388 760 1452 gaudium
774 1391 827 1455 rei,
846 1393 888 1443 sett
901 1389 945 1454 spei.

156 1460 215 1523 firgo
229 1460 306 1511 fruitio
326 1464 421 1510 nonest
437 1458 481 1509 nisi
495 1458 643 1510 finisiiubiti.
697 1495 705 1500 -
747 1482 751 1485 ·

187 1538 211 1582 t.
226 1534 347 1594 Praeteroe,
362 1532 422 1583 sient
430 1532 518 1582 dietum
527 1535 563 1581 est
572 1532 633 1596 (nrt.
646 1532 686 1596 3),
697 1534 779 1585 fruitio
791 1549 844 1587 non
864 1541 898 1587 est
909 1548 947 1599 pro·

155 1604 206 1669 prio
219 1604 264 1654 nisi
281 1603 356 1653 tritinni
367 1602 433 1667 finis,
448 1602 501 1667 quis
515 1602 578 1653 solus
590 1604 683 1657 ultimus
695 1604 752 1655 finis
764 1607 860 1670 quietat
876 1607 947 1673 appeti-

157 1680 212 1724 tnnn.
225 1677 269 1725 Sed
278 1676 394 1739 appetitus
405 1689 451 1727 non
464 1675 579 1739 quietatur
587 1677 633 1727 nisi
642 1677 666 1727 in
678 1676 724 1727 tine
737 1679 789 1741 jun
801 1681 892 1732 habitu.
904 1682 948 1729 Er:

155 1746 242 1810 fruitio,
257 1746 347 1809 proprie
361 1748 483 1811 loquendo,
497 1760 544 1798 non
556 1751 593 1798 est
603 1748 647 1799 nisi
660 1748 713 1799 finis
726 1750 813 1802 inuiti.

188 1823 210 1867 3.
232 1820 358 1884 Praeterea,
378 1820 424 1869 frui
447 1822 483 1871 est
504 1834 585 1885 otnero
606 1821 713 1872 fruetniu.
730 1824 779 1873 Sed
800 1838 852 1879 non
877 1828 947 1889 tupiter

155 1892 256 1955 fruetus,
270 1891 314 1941 nisi
328 1892 419 1955 quaudo
429 1892 478 1956 jaun
498 1892 550 1943 inis
568 1893 674 1944 hebetur.
690 1894 750 1957 Ergo
766 1895 852 1948 fruitio
871 1911 914 1947 non
925 1901 950 1944 ott

155 1962 202 2013 nisi
212 1962 263 2013 fiuis
277 1964 356 2015 iabiu.
681 2022 685 2028 ,

187 2034 232 2086 Sed
247 2039 344 2087 contra:
361 2054 375 2085 u
388 2038 434 2087 frui
452 2040 580 2089 ostenuit
599 2032 710 2089 inhonore
727 2041 797 2091 attoni
814 2043 850 2094 rei
868 2046 950 2107 propter

156 2109 269 2174 seipsum,
286 2126 299 2157 u
315 2112 339 2159 ut
353 2110 493 2175 Augustinus
505 2110 561 2161 nteit
577 2109 631 2174 (utri
644 2112 736 2176 sopri).
756 2113 804 2164 Sed
821 2116 869 2165 hoe
888 2118 949 2178 putee

156 2182 206 2231 iteri
218 2183 286 2233 etiarn
302 2182 330 2232 tie
347 2194 372 2232 nu
384 2194 431 2233 nou
444 2182 529 2232 habita.
539 2183 597 2247 firgo
608 2182 653 2233 frui
667 2186 809 2247 potestesse
823 2186 893 2237 etism
908 2183 949 2232 tini

156 2264 202 2302 uon
215 2254 294 2304 inuiti

189 2324 351 2387 (Couuuustot
364 2354 395 2365 -
410 2327 450 2377 Est
462 2328 562 2390 neuun
573 2326 654 2378 fruitio
665 2320 742 2379 uitiuii
755 2330 809 2380 unis
822 2332 897 2383 habiti
912 2342 951 2381 rei·

156 2396 220 2459 liter,
235 2398 434 2461 imperfectorum
451 2400 504 2452 ints
521 2413 567 2450 nou
582 2398 653 2450 habiti
666 2399 774 2464 reeiiter,
789 2404 830 2453 sed
845 2404 871 2455 in
886 2406 952 2454 inten-

156 2466 218 2517 tione
229 2470 342 2533 tenum.)

188 2542 323 2603 Respondet
338 2544 473 2605 dicendum,
491 2544 552 2607 quod
574 2545 619 2595 frui
636 2544 744 2609 importet
764 2548 952 2613 comparationem

156 2613 276 2675 quamdam
290 2615 414 2666 voluntatis
433 2618 461 2666 ad
480 2615 584 2665 ultintuiu
597 2617 680 2679 finem,
697 2618 826 2669 secundum
842 2620 903 2684 quod
917 2634 952 2666 re·

156 2682 231 2730 luntas
248 2684 317 2733 hebet
330 2686 413 2747 aliquid
426 2700 468 2749 pro
484 2687 565 2737 ultimo
581 2688 634 2739 fut.
657 2689 758 2739 liabetur
776 2694 853 2741 nutem
865 2691 952 2740 ultimo<

155 2752 207 2799 finis
223 2753 360 2815 dupliciter:
373 2758 499 2807 uuoruouo
512 2758 630 2821 putem,
643 2763 667 2809 et
678 2759 723 2810 aiio
733 2764 801 2811 modo
812 2762 951 2827 imperfecti.

155 2820 259 2899 Perfecto
269 2823 368 2900 qudem,
381 2828 471 2886 quondo
481 2828 578 2878 fruetur
587 2842 634 2879 non
649 2830 722 2880 sottum
731 2832 755 2880 in
765 2832 903 2896 intentione,
916 2847 950 2881 sur

154 2892 223 2937 etnam
234 2902 258 2940 in
274 2903 310 2953 re;
325 2893 459 2954 imperfecte
468 2903 560 2962 auum,
572 2900 663 2963 mendo
672 2902 772 2955 unietur
784 2903 808 2954 in
825 2903 950 2957 intentione
974 2921 976 2968 t
