1984 3309
202 238 236 275 nn
253 236 393 276 cocurnroun
409 235 492 275 numu
509 233 645 274 manare.
781 224 828 271 till

43 319 80 365 trite
90 314 230 367 intellectiva
242 316 393 381 superiorum.
406 312 430 365 Si
440 327 493 378 ergo
505 313 626 364 interiores
639 312 773 364 substantie
783 312 827 361 ba·

42 390 108 439 herent
122 390 206 440 formas
219 388 291 439 inille
302 388 487 451 universalitate,
498 386 522 436 in
533 386 673 450 quahabent
688 383 828 448 superiores,

43 460 84 522 qnia
98 474 142 511 nen
155 464 209 511 sunt
223 464 294 511 tanta
310 460 418 511 etticaciec
431 458 627 520 inintelligendo,
641 470 688 507 uon
700 456 829 519 arriperent

43 545 73 593 per
85 545 120 581 eas
129 532 258 596 perlectam
270 532 425 596 cognitionem
438 532 466 581 dc
478 531 555 592 rebus,
564 530 603 579 sed
616 528 641 577 in
653 528 751 590 quadam
769 538 830 576 corn-

44 603 137 654 nuniiate
148 608 172 655 et
181 606 326 657 confusione.
337 604 402 663 Quoi
414 602 540 666 abuualiter
549 605 643 666 apparet
654 599 680 649 iu
690 598 828 649 bominibus.

44 677 88 723 laur
102 676 139 739 qui
155 681 209 729 suut
227 674 503 738 debiliorisiinlelleetnu
517 688 561 737 per
574 672 715 723 uniuersales
734 683 831 733 concep-

44 747 104 797 tiones
114 748 189 811 magis
200 748 380 812 intelligentium
393 760 440 798 nen
451 745 567 810 arreipiunt
582 746 708 809 perfectam
721 740 832 803 cognitio·

44 833 97 877 neu,
107 819 150 871 nisi
163 822 199 872 eis
214 821 309 883 singula
325 820 351 869 iu
364 818 458 883 speciali
471 816 621 881 explicentur,
635 814 781 865 Manifestum
795 814 832 862 est

44 896 119 952 aulen,
130 892 188 943 iuter
203 890 347 943 substautias
358 890 521 941 intellectuales
533 888 659 939 oecundium
669 890 755 937 nature
766 883 830 937 crdi-

45 975 87 1011 ueu
98 964 196 1031 intimas,
206 976 261 1015 esse
273 962 361 1013 auiuas
374 963 494 1013 brinnanas.
507 961 560 1011 llaec
569 963 646 1009 auteur
656 957 767 1023 perfectio
778 956 831 1005 uni·

45 1034 95 1083 uersi
102 1036 209 1100 exigebat,
220 1040 249 1086 ut
257 1035 341 1091 diremi
350 1034 432 1099 gmina
440 1033 465 1083 in
474 1034 543 1084 rebus
550 1035 635 1083 essent.
644 1030 670 1079 Si
676 1029 832 1092 igltorauimae

45 1106 133 1159 humane
144 1110 177 1159 sic
189 1110 273 1160 essent
283 1107 395 1158 institutae
406 1104 487 1166 ilico,
498 1102 831 1166 utintelligerentpernrodum

45 1177 75 1239 qui
87 1180 185 1245 conpetit
200 1178 338 1231 substantiis
354 1176 475 1241 separatis,
489 1189 536 1227 non
551 1176 663 1225 baberent
678 1172 833 1236 cognitionem

45 1250 157 1317 perlectam,
173 1254 216 1303 sed
231 1251 351 1302 contusam
364 1250 389 1299 in
402 1247 525 1300 communi.
536 1248 570 1297 ild
581 1248 625 1295 hoc
640 1258 693 1306 ergo
706 1240 767 1307 quid
780 1257 833 1307 pcr-

45 1319 110 1371 leclanr
121 1328 144 1375 ct
153 1321 439 1389 propriamcognitionem
458 1320 486 1373 de
496 1320 569 1370 rebus.
578 1318 672 1368 babere.
679 1318 787 1379 possent,
798 1315 832 1367 sic

44 1395 157 1447 naturaliter
170 1394 358 1449 suutjustitutae
378 1390 553 1455 etcorporibus
568 1390 688 1450 uuiantru,
711 1390 735 1437 et
752 1387 786 1437 sic
804 1389 834 1437 ab

44 1464 86 1526 ipsis
95 1470 159 1519 rebus
169 1466 321 1521 sensibilibus
333 1464 447 1531 propriam
457 1466 484 1515 de
500 1464 535 1515 eis
546 1462 701 1525 coguitionem
711 1460 835 1524 accipiant.

44 1537 97 1589 Sicut
108 1542 213 1593 bomines
222 1541 295 1591 rudes
307 1540 336 1589 acl
344 1536 465 1589 scientiane
471 1535 553 1586 induci
563 1547 610 1584 non
622 1532 785 1597 possuut‚uisi
794 1545 838 1596 per

45 1611 146 1663 sensibilia
158 1610 278 1676 cntempla.
286 1610 326 1661 Sic
339 1622 391 1673 ergo
404 1612 468 1673 patet
481 1607 542 1671 quel
552 1610 645 1671 propter
655 1605 739 1655 melius
752 1604 837 1655 animae

44 1686 69 1729 est
79 1686 102 1733 ut
111 1682 319 1750 corperiuniatur,
330 1685 354 1732 et
361 1680 473 1745 intelligat
483 1692 526 1744 per
536 1676 708 1728 couversionem
720 1676 749 1725 ud
759 1676 836 1740 phan-

45 1757 124 1807 tasmata
137 1774 144 1807 ι
160 1762 184 1809 et
197 1761 279 1807 iumen
295 1768 346 1806 ease
358 1756 434 1819 potest
446 1755 564 1816 marah,
576 1753 600 1800 et
608 1747 679 1799 aliurn
693 1748 785 1798 niodum
799 1747 838 1798 in-

45 1826 145 1889 telligendi
156 1830 255 1880 babere.
692 1860 696 1866 .
713 1864 717 1872 .
821 1827 825 1834 '

68 1899 206 1964 ltprimum
218 1912 275 1963 ergo
287 1898 422 1960 dicendum,
433 1895 495 1961 quid
508 1895 528 1945 si
539 1893 656 1957 diligenter
670 1892 742 1943 rerba
758 1891 835 1941 Philo

47 1971 99 2031 sophi
111 1972 279 2033 discutiantur,
292 1969 444 2033 Philosophus
454 1968 500 2018 hoc
513 1966 570 2016 dicit
580 1980 609 2015 ex
618 1966 718 2028 quadem
731 1962 836 2027 supposi-

47 2038 94 2091 tione
106 2043 168 2109 priirs
183 2045 262 2105 facta,
280 2040 369 2092 scilicet
378 2039 440 2103 prid
456 2038 600 2102 intelliqere
613 2036 644 2087 sit
653 2036 746 2100 quidam
760 2038 836 2084 motus

46 2114 161 2179 conjuncti,
175 2116 239 2167 sicut
254 2118 278 2165 et
290 2114 389 2163 sentire.
404 2112 511 2163 Nouium
522 2110 583 2160 euim
596 2106 746 2160 differentiam
759 2109 837 2156 oeten

46 2182 96 2234 derat
104 2186 318 2239 interintellectnrn
332 2190 355 2236 et
364 2197 464 2235 sensam
476 2184 517 2232 llel
526 2183 603 2245 potest
611 2178 727 2243 diciqnbd
738 2177 839 2240 loquitur
885 2188 889 2193 ’

46 2252 67 2301 le
78 2256 111 2307 illo
122 2260 190 2311 modo
204 2257 363 2321 intelligendi,
376 2255 416 2319 qui
429 2258 464 2305 est
477 2267 519 2317 per
538 2250 711 2302 conversionem
724 2250 753 2299 ad
763 2249 838 2311 phan-

47 2330 135 2381 tasmata.
147 2333 238 2395 licque
250 2328 430 2393 etiamprccedit
444 2326 544 2377 aecuude
553 2323 623 2373 ratic.¹
639 2337 646 2342 ··
667 2322 683 2358 ι’

70 2401 98 2449 ll
114 2406 210 2453 tertium
224 2401 361 2462 dicenduml,
379 2398 440 2463 quid
456 2398 530 2448 anima
546 2398 709 2460 seperatuucn
729 2392 838 2456 intelligit

47 2483 79 2531 lh
92 2474 178 2539 species
194 2476 294 2536 innatos,
310 2486 353 2522 nec
366 2484 407 2536 per
420 2470 507 2535 species
521 2482 578 2531 quas
588 2471 643 2517 tuuc
658 2464 781 2525 abstrahit,
797 2478 841 2515 nee

49 2543 164 2611 soliorper
178 2546 269 2612 species
289 2547 449 2605 conservatas,
464 2545 489 2591 ut
511 2540 609 2603 objectio
627 2535 721 2602 prohat,
740 2538 781 2587 sed
799 2550 841 2601 per

49 2616 122 2676 species
138 2632 167 2669 ex
180 2616 303 2669 influentia
314 2614 386 2666 divini
394 2614 486 2665 luminis
495 2612 652 2677 participatas,
660 2622 755 2673 quarum
764 2609 841 2658 anima

50 2686 68 2733 lt
79 2689 201 2755 particeps,
214 2689 274 2740 sicut
286 2690 309 2739 et
322 2686 372 2737 alia
388 2685 521 2737 substantiae
534 2686 655 2747 separate,
666 2680 771 2745 wamiis
781 2680 841 2730 inie-

50 2758 94 2808 ricri
102 2764 176 2813 modo.
188 2764 254 2815 Uncle
267 2764 316 2811 tarn
328 2759 372 2810 citi
386 2762 489 2809 cessante
500 2756 651 2814 conversione
665 2754 694 2805 ad
707 2766 801 2817 corpus,
813 2751 842 2801 ad

50 2833 152 2891 sapiencia
163 2834 319 2905 peruertitur
331 2832 380 2882 Nec
390 2835 467 2881 tanuen
477 2832 570 2894 propter
582 2830 626 2877 boc
634 2824 734 2889 cognitio
747 2824 784 2873 vel
800 2834 842 2885 po

51 2902 114 2955 tentia·
127 2912 219 2957 nonest
234 2902 357 2967 naturalis,
378 2902 430 2967 quia
443 2904 504 2953 Deus
520 2904 555 2951 est
569 2902 646 2962 auctu
658 2910 706 2948 non
720 2894 793 2946 solium
806 2892 843 2941 iu-

52 2971 137 3029 tuentia
151 2978 244 3042 gratuiti
254 2975 360 3039 luminis,
370 2975 409 3026 aod
422 2974 491 3025 etiarn
505 2969 638 3023 natantis.-
