1984 3309
283 252 319 290 nn
336 252 414 289 orere
431 254 545 291 stennone
561 256 618 291 uisi.
824 250 853 295 ³9

45 332 155 379 tectum.»
169 332 197 381 Et
210 330 247 381 sio
263 342 314 379 non
326 332 417 393 oportet
430 343 472 379 nos
482 329 542 381 eliud
554 331 636 381 eretum
649 332 785 397 intelligere,
799 334 851 384 oiim

46 399 138 449 dieitur:
149 403 199 451 «ln
209 401 333 467 principio
342 400 430 451 creavit
439 400 496 451 tiens
507 402 589 451 ooelum
598 406 622 452 et
630 407 728 468 terram3
741 422 755 452 u
765 410 789 456 et
800 406 851 456 oiim

47 470 124 521 dicitur
133 472 190 536 quod
204 492 219 522 α
231 472 339 525 secundi
350 472 388 522 die
407 472 491 522 laetum
506 476 541 523 est
553 472 727 525 firmamentum.
739 493 754 523 »
772 478 852 528 Potest

47 541 109 591 etiem
122 544 163 593 diei
174 544 240 595 aliud
256 558 311 594 esse
320 544 405 593 eoelum
416 543 476 605 quod
488 543 572 606 legitur
584 544 609 593 in
620 544 731 610 principio
740 551 851 611 ereetum,

47 616 68 661 et
81 616 134 677 quod
146 615 232 679 legitur
246 614 353 666 seoundt
364 613 401 664 die
414 613 512 677 leotum3
523 618 547 665 et
556 618 602 666 troo
616 616 767 670 diversimode
780 635 787 669 ι
798 632 852 670 nem

45 686 158 737 erundum
167 686 329 751 Augustiuum
337 687 422 749 Super
430 685 572 741 Gemelli.
581 686 601 749 1,
609 701 660 751 sep.
667 693 692 749 o,
702 690 853 754 relinquor

44 756 117 818 legitur
129 757 206 822 primo
223 759 264 809 die
281 758 381 819 laetum,
392 760 430 810 ,est
442 760 537 807 notura
552 759 701 822 spiritualis
714 761 848 823 informe·

43 830 207 881 retinentem
219 830 285 893 quod
294 828 381 891 legitur
389 826 488 879 seeundd
497 828 534 878 dio
545 829 644 890 lectum,
654 834 689 880 est
698 834 787 881 ooelom
796 847 851 881 eor-

43 915 148 961 poreum.
163 901 303 952 Secundum
316 898 372 950 nord
389 898 475 949 Bedem
486 901 511 950 et
524 900 629 951 Stratum
638 901 684 965 (1),
695 901 776 952 oretum
790 903 850 966 quod

45 970 117 1032 legitur
126 974 203 1037 prima
212 973 252 1023 die
260 970 358 1033 factum,
368 974 404 1021 est
414 970 504 1019 coelum
510 986 673 1036 empyreum,·
682 969 850 1025 firmamentum

45 1042 92 1093 roro
104 1046 161 1109 quod
179 1044 269 1107 legitur
282 1044 386 1093 secunda
400 1042 437 1091 die
451 1040 545 1105 lactum,
560 1047 597 1093 est
606 1043 695 1094 mum
709 1044 849 1095 sidereum.

44 1116 163 1167 &eundem
182 1114 243 1165 vero
260 1114 443 1175 damascenum,
458 1113 541 1162 ooelum
554 1114 615 1176 quod
628 1115 712 1177 legitur
723 1116 796 1180 prima
811 1118 849 1168 die

44 1186 134 1252 leolum,
148 1190 188 1239 est
201 1186 321 1251 quoddam
333 1184 424 1234 ooetum
439 1184 589 1248 sphericum
601 1186 651 1236 sine
665 1188 747 1250 stellis,
762 1189 790 1240 de
804 1204 850 1253 quo

42 1259 164 1324 philosophi
174 1260 320 1321 loquuntur,
332 1254 436 1305 dieentes
448 1255 523 1319 ipsum
538 1270 588 1306 esse
599 1270 683 1307 nonem
696 1260 816 1322 spheram,
826 1262 851 1309 et

44 1331 126 1381 mobile
137 1333 276 1396 primum,
290 1328 353 1391 quod
363 1330 470 1377 movetur
481 1331 545 1377 motu
556 1327 645 1378 diurno
661 1330 706 1379 Per
716 1328 850 1380 firmamen-

42 1404 85 1452 tum
97 1404 152 1454 uero
168 1403 262 1453 fuctum
277 1401 379 1451 soconda
394 1398 445 1461 die,
459 1399 595 1462 intelligitur
605 1398 696 1449 mlum
709 1400 846 1451 sr'dereum.

45 1472 163 1525 &sudum
173 1477 259 1525 nutem
269 1472 340 1522 aliem
353 1470 521 1535 expositionem
531 1485 600 1534 quarn
614 1472 752 1535 Augustinus
764 1474 848 1536 tangit,

46 1545 117 1595 celum
128 1547 208 1611 prima
219 1544 257 1595 die
272 1544 371 1605 lactum,
384 1546 421 1591 est
437 1542 506 1591 etiam
517 1542 594 1606 ipsum
604 1543 694 1593 eoetum
707 1544 845 1595 sidereum.

45 1614 263 1677 Perirmsmeutum
275 1613 332 1665 verd
341 1614 441 1667 secunda
451 1614 487 1665 die
497 1616 590 1676 laetum,
602 1614 737 1678 intelligitur
749 1617 847 1680 spatium

44 1687 103 1749 neris,
112 1689 139 1739 iu
145 1703 194 1753 quo
204 1690 281 1738 nubes
292 1687 471 1748 condensantur,
482 1688 543 1750 quod
556 1686 626 1737 etiam
634 1686 721 1736 eoelum
733 1687 847 1751 equivooe

43 1757 125 1811 dieitur.
140 1762 170 1810 Et
179 1760 235 1811 ideo
248 1760 277 1809 nd
288 1757 496 1822 aequivocationem
508 1759 670 1821 designandam
685 1758 802 1821 signanter
812 1761 847 1811 di-

43 1829 94 1879 eitur
108 1847 114 1880 :
128 1848 143 1880 o
154 1830 253 1882 vocavit
265 1830 329 1881 D'eus
345 1830 514 1880 firmamentum
528 1831 627 1892 mlum,
640 1847 655 1877 n
668 1830 727 1881 siout
739 1835 763 1881 et
778 1832 847 1895 suprd

43 1901 125 1955 duent
140 1920 146 1953 :
163 1902 287 1955 evocavit
301 1902 379 1952 lucem
394 1900 454 1952 diem
465 1940 471 1962 ,
481 1918 496 1949 u
510 1902 563 1965 quia
577 1902 626 1953 dies
636 1902 705 1953 etiam
719 1917 761 1967 pro
773 1904 846 1967 spatio

42 1972 117 2036 riginti
134 1979 234 2039 quatuor
249 1976 362 2025 horarum
377 1972 478 2036 ponitur.
494 1972 599 2024 Eiidem
613 1978 648 2024 est
663 1974 687 2024 in
705 1974 756 2027 otiis
768 1976 846 2027 osser-

41 2047 143 2109 vandum,
156 2050 183 2096 ut
194 2045 271 2097 Rabiri
281 2046 374 2108 Moyses
385 2044 442 2093 dicit
450 2043 492 2108 (2).

68 2119 101 2167 lid
111 2120 238 2169 seeundum
252 2119 278 2167 et
293 2115 389 2167 tendum
402 2118 465 2179 petet
478 2116 562 2167 solutio
573 2130 601 2168 ox
613 2115 682 2181 suprd
694 2117 769 2167 dietis.

68 2232 98 2297 (1)
113 2238 246 2283 seeundum
256 2236 345 2281 Bednm
357 2235 450 2291 quidem
461 2236 484 2280 i'n
495 2236 649 2281 Hoxomerois
658 2237 777 2295 imptieite,
789 2250 843 2283 eum

42 2300 115 2343 colum
127 2305 210 2357 voest,
222 2298 285 2355 quod
296 2298 313 2343 ὸ
324 2296 478 2343 volubilitate
489 2299 578 2343 muodo*
591 2302 707 2344 seoretom
716 2304 739 2346 ot
747 2312 804 2345 moe·
813 2305 844 2347 ut

44 2366 138 2408 ‘mun
154 2365 206 2412 ost,
217 2362 312 2406 torretis
324 2360 421 2417 ampetio
438 2356 470 2406 ost
480 2362 617 2419 impletum.
634 2362 760 2407 seeundum
774 2366 844 2409 Stru—
917 2390 922 2397 ·

43 2420 89 2469 bun
100 2430 178 2469 antem
199 2420 325 2481 aptioris,
337 2422 391 2468 odm
406 2424 439 2468 eit
450 2438 456 2467 r
479 2424 571 2469 Coton
583 2434 634 2469 sou
647 2426 746 2471 sottus
757 2426 843 2484 fimo·

42 2493 153 2537 mrem,
169 2487 213 2532 red
226 2498 371 2543 myreum
384 2485 413 2530 id
431 2489 464 2531 est
477 2488 592 2545 sperem,
605 2487 669 2544 good
685 2488 842 2545 &splendore

40 2559 83 2591 oon
95 2550 122 2595 st
136 2550 228 2595 ardore
242 2549 279 2594 rio
292 2549 395 2595 dieitur
408 2567 416 2591 .-
431 2554 455 2593 ut
467 2560 496 2593 ex
510 2555 608 2608 utroque
623 2550 704 2595 dlossu
717 2552 796 2596 relert.

70 2617 97 2679 li)
115 2624 205 2679 Nempe
218 2620 387 2667 Bormot'mo
399 2631 441 2665 sen
454 2620 576 2667 Metuonis
590 2620 662 2681 lilius,
675 2622 717 2667 lio.
731 2624 767 2681 ll,
778 2623 842 2667 Pro-

40 2680 169 2743 ultuma,
184 2696 238 2743 eep.
254 2682 295 2729 30.
