1984 3309
125 210 159 247 nn
175 210 253 248 onnnn
265 202 510 261 onnnnnssnmnnnn
525 222 558 259 sn
574 222 689 268 ennnnnn
702 232 770 271 nim.
820 227 851 275 tt

41 284 130 347 prium,
145 285 185 337 vel
202 291 296 351 propter
308 290 378 341 aliam
394 296 535 360 erecturam,
551 301 698 368 veltprnpter
710 312 783 361 telem
800 314 852 363 nni·

41 370 143 420 versum,
157 355 303 421 veltpnnpter
314 360 410 423 gloriam
421 363 649 437 lleiltledjlleyses,
664 382 690 425 ut
699 382 808 443 pepninm
822 386 851 435 nli
954 367 956 374 ¹

41 426 167 477 inelelnnin
183 433 320 491 revomret,
340 432 404 483 illem
421 436 491 487 selam
511 452 603 493 censam
615 446 706 513 tenent,
725 456 850 506 secundnm

41 499 103 560 quon
116 500 243 551 senticeta
254 502 561 574 edentlitetemffmeminnm
572 517 631 567 ende
643 519 725 570 dicitnr
734 525 848 592 Denter„

40 572 86 619 lv:
99 573 154 622 «lte
167 572 230 631 lenti
239 574 339 626 elevatis
349 576 459 630 oceiined
472 584 555 635 coelnm
565 588 644 639 videas
653 592 724 642 solem
732 596 847 661 silenem,

41 648 63 692 et
70 645 146 694 emnia
156 648 220 695 astra
232 647 300 710 coeli,
312 652 335 698 et
345 662 422 701 errore
433 652 542 718 deceptus
551 658 631 710 ederes
642 675 670 711 ec
680 668 703 713 et
712 666 785 732 celns3
798 684 849 733 pne

41 716 124 765 creavit
140 715 338 780 Dominus'tllens
349 722 374 771 in
389 723 542 777 ministerium
557 732 646 781 eunctis
659 737 764 796 gentinus
777 742 847 805 (1).»

40 787 84 835 line
97 792 178 838 antem
194 789 349 841 ministerium
361 796 463 857 explicet
474 798 500 847 in
512 800 623 866 principie
637 805 730 858 Genesis
740 824 782 873 per
795 813 845 864 trie.

38 858 112 909 Primi
118 860 185 911 enim
193 862 304 923 prevenit
312 863 402 915 utilitas
409 868 539 922 hominibus
546 886 575 923 ex
585 874 733 930 luminaribus
738 888 848 945 qnantum

38 931 67 978 ad
78 930 167 996 sisnm3
184 932 226 995 qni
239 937 276 983 ent
286 934 411 987 directims
424 940 448 989 in
463 942 584 1005 operibns,
596 950 620 997 et
630 950 729 1003 manime
745 953 806 1005 utilis
818 958 847 1007 ed

39 1005 210 1064 cognoscendas
223 1017 274 1069 res;
290 1011 315 1056 et
334 1013 445 1071 qnantum
459 1014 486 1063 ed
499 1015 543 1065 nee
560 1016 629 1082 dicit,
646 1038 661 1068 «
680 1027 706 1072 nt
718 1024 810 1076 luceant
822 1028 848 1078 in

39 1072 190 1139 firmamento,
202 1081 226 1126 et
236 1076 368 1129 illuminent
377 1084 469 1133 terram.
478 1100 492 1130 n
501 1086 613 1149 Secundi,
622 1098 733 1155 qnantum
742 1094 848 1149 ad'vieis-

39 1143 149 1197 semines
164 1153 314 1213 temperem,
329 1150 412 1214 quitus
427 1159 450 1204 et
461 1156 581 1209 fastidium
594 1163 693 1228 tollitur,
706 1170 728 1216 et
741 1170 847 1221 valetnde

38 1224 199 1279 conservatur,
215 1224 240 1269 ct
254 1224 383 1273 necessaria
397 1224 467 1275 nictni
480 1230 597 1297 orientum
612 1249 663 1298 qne
672 1245 814 1304 nonessent,
825 1245 845 1294 si

39 1300 125 1351 semper
134 1294 199 1340 esset
210 1294 253 1341 ent
264 1297 344 1357 estes,
358 1300 398 1345 eni
412 1299 506 1367 hyems3
519 1307 543 1352 ct
555 1311 665 1367 qnantum
676 1310 704 1360 ad
715 1311 758 1361 hec
771 1314 843 1367 dicit:

41 1359 122 1410 «Utin
135 1365 258 1425 tempera,
271 1368 295 1412 et
306 1365 369 1430 dies,
381 1371 405 1417 et
414 1382 495 1421 annes.
507 1388 521 1418 n
533 1374 609 1427 'lentii
619 1384 728 1441 qnantum
738 1386 767 1433 ad
779 1400 846 1450 epen-

40 1430 155 1483 lenitatem
175 1434 325 1497 negotiorum
341 1443 364 1488 et
374 1452 482 1505 spemin,
496 1444 644 1510 inquantum
658 1465 688 1501 ex
699 1454 846 1510 luminanibns

42 1502 90 1549 celi
102 1504 215 1570 accipitur
233 1506 371 1569 significatio
390 1512 486 1575 pluviosi
504 1521 626 1583 temperis,
640 1524 676 1574 vel
690 1527 779 1589 sereni,
794 1544 845 1592 qne

44 1577 93 1620 sunt
105 1579 154 1638 apte
165 1577 271 1627 divensis
279 1581 389 1643 negotiis
399 1585 427 1633 lit
435 1592 545 1649 quantun
556 1592 585 1641 ed
594 1593 720 1645 hecdinit:
734 1615 748 1646 n
760 1600 789 1649 Ut
798 1601 846 1653 sint

41 1656 61 1690 m
74 1658 145 1709 signa.
160 1665 175 1696 n

68 1719 100 1767 ld
112 1720 214 1783 primum
234 1736 291 1787 enge
303 1725 440 1793 dicendum,
457 1732 516 1795 qnid
531 1735 650 1789 luminaria
666 1745 720 1790 sunt
736 1741 760 1793 in
778 1746 844 1808 signa

39 1793 186 1852 corporalium
194 1797 423 1863 transmutationem,
429 1815 476 1853 nen
482 1809 559 1856 entem
567 1821 645 1859 eninm
653 1825 705 1875 qne
714 1813 844 1878 dependent

39 1872 64 1907 en
77 1861 145 1915 litem
154 1868 264 1919 attinio.

67 1934 100 1983 ld
112 1940 241 1989 secundnm
253 1939 390 2003 dicendum,
403 1944 463 2009 qnid
476 1961 617 2011 pencnnssm
629 1957 760 2009 sensibilem
769 1973 843 2024 qnan-

39 2003 105 2066 dnqne
122 2007 232 2061 ducimur
247 2012 272 2060 tn
289 2014 444 2075 cognitionem
461 2021 555 2073 effectus
570 2026 669 2090 eccnlti3
689 2030 748 2081 ment
760 2032 773 2082 e
787 2046 843 2083 cen·

41 2089 105 2129 verso.
121 2081 187 2133 Unde
201 2082 265 2133 nihil
281 2086 401 2151 prohibet,
420 2104 511 2142 nanneni
529 2097 660 2148 sensibilem
675 2114 726 2153 esse
741 2103 840 2167 signnm.

42 2146 87 2197 llee
99 2155 177 2204 tanmn
192 2156 273 2219 petius
285 2158 342 2209 dicit
358 2162 447 2225 siene,
461 2178 529 2228 quem
542 2182 646 2227 caueae,
660 2175 686 2222 nt
699 2177 841 2228 ssessionem

42 2216 165 2277 idelelatniae
176 2228 278 2279 celeret.
582 2253 584 2258 ·

68 2294 96 2341 ld
105 2298 201 2348 tertium
212 2300 346 2367 dicendum,
358 2304 419 2368 pute
431 2306 456 2357 in
465 2309 583 2372 primatie
594 2314 655 2365 laeta
667 2319 702 2367 est
712 2321 840 2372 cnmmunis

42 2358 147 2418 distinctio
155 2372 271 2434 temperis
280 2387 321 2438 per
330 2375 391 2426 diem
404 2383 428 2428 et
438 2384 670 2458 nectem,scenndpm
680 2394 767 2440 metum
777 2392 840 2441 dim·

41 2442 94 2495 nnn,
103 2438 142 2499 qni
149 2444 186 2491 est
197 2444 326 2495 communis
337 2448 409 2498 totins
418 2451 479 2515 eoeli,
487 2454 527 2517 qni
536 2459 611 2519 petest
620 2456 718 2522 intelligi
726 2460 838 2527 incepisse

40 2504 103 2563 prime
114 2510 160 2561 elie.
180 2514 228 2565 Sed
245 2516 358 2579 speciales
378 2518 536 2575 distinctiones
549 2527 637 2580 diennm
652 2535 676 2581 et
695 2533 836 2597 temperem,

40 2581 153 2633 sennenn
171 2586 232 2648 qnod
248 2587 298 2639 dies
311 2594 346 2640 est
365 2592 460 2643 calidior
475 2596 512 2647 die
520 2633 529 2660 ,
542 2602 566 2649 et
580 2603 672 2665 tempus
687 2608 801 2670 tempere,
814 2612 838 2657 et

40 2655 101 2699 tenus
117 2666 197 2717 enne,
210 2658 269 2707 liunt
287 2664 412 2713 secunlum
428 2667 540 2729 speciales
559 2675 636 2723 metus
651 2675 780 2741 stellamm,
797 2680 837 2743 qui

40 2728 123 2775 ltssunt
135 2724 238 2791 intelligi
254 2738 334 2795 qnmtn
345 2734 386 2785 die
400 2735 521 2803 incepisse.
537 2771 539 2774 -

69 2864 96 2925 (Ι)
111 2870 162 2919 ⁸5th
175 2875 245 2929 inste
257 2876 296 2938 70,
310 2890 365 2939 Μ
378 2881 508 2933 essentne
520 2888 710 2953 Demgemntltes
722 2896 833 2953 penitens

42 2936 85 2978 Μ
96 2934 137 2979 etth
152 2937 213 2983 calo
226 2945 293 2988 ml.
