1984 3309
136 172 167 209 nr
179 171 254 210 aranu
267 172 297 209 nr
309 170 454 210 cucumores
466 173 534 210 earm
548 171 662 222 momnis,
678 173 730 211 src.
791 163 836 210 eet

54 248 128 311 onnus
143 253 193 310 est,
206 248 330 300 secundnm
345 250 405 314 quod
420 249 517 300 arelius
535 248 684 301 exterioribus
702 253 836 315 aggregatur

54 319 116 370 anina
129 322 156 371 acl
165 321 273 386 seipsam.
288 321 404 371 &modus
416 318 493 370 autem
504 325 555 380 est,
566 324 633 385 prout
644 321 720 372 anima
732 322 836 372 ascendit

52 391 123 441 ullos
135 394 193 456 qnod
206 394 298 443 uniatur
308 391 427 443 ιίιιιιιίὺιιι
440 391 596 456 superioribus
607 392 685 455 unitis,
698 392 785 444 seilicet
795 406 836 444 an-

52 463 105 523 gelis.
115 463 203 514 Tertius
213 467 289 515 autem
299 464 382 528 gradus
393 467 429 514 est
440 462 564 514 secundum
575 465 634 527 quod
648 464 743 514 ulterius
755 477 836 515 mauu·

52 535 127 585 ducitur
137 537 164 587 alr
178 537 265 588 tonum
281 538 341 600 quod
353 540 389 586 est
408 535 477 601 supr'a
492 535 582 599 omniu,
598 536 685 588 seilicet
698 537 778 586 Deum.
796 538 838 588 Se-

52 606 134 658 cundum
150 608 219 673 igitur
240 608 338 675 primunr
357 621 486 672 processum
510 608 590 660 anima
600 646 609 671 ‚
623 608 664 672 qui
682 608 749 660 est'n
770 609 838 660 rebus

52 679 184 732 exterioribus
192 683 221 732 acl
232 681 340 747 seipsum,
350 680 465 746 perficitur
474 681 556 730 anirum
566 680 674 744 cognitio,
682 680 736 745 quia
749 680 838 734 scilicet

51 750 193 805 intellectualis
207 753 311 818 operatio
325 753 408 804 anima
421 751 547 804 naturalem
562 752 666 804 ordinem
682 754 751 804 habet
767 754 795 803 ad
809 765 837 804 ea

52 829 245 885 manutertii,
262 828 289 874 ut
301 823 370 888 sugeri
383 824 469 878 netum
480 827 517 874 est
531 825 582 888 (qu.
592 827 637 887 at,
647 828 691 875 art.
707 823 747 887 lt).
763 823 793 874 ut
806 824 838 874 ita

51 908 82 954 ner
102 910 178 947 eorum
193 895 350 960 cognitionem
370 896 472 960 perfecte
491 895 599 957 cognosci
612 899 689 961 potest
706 899 784 952 nostre
803 894 839 946 in-

51 965 167 1024 telectoalis
179 967 303 1034 operatio,
321 968 380 1018 sicru
395 972 459 1018 actus
476 981 518 1031 per
528 967 659 1032 objectum
674 969 697 1020 ct
710 981 751 1032 per
765 967 838 1030 ipsam

52 1038 214 1093 intellectualem
227 1040 384 1105 operationem
400 1038 500 1104 miscete
517 1042 592 1103 potest
604 1038 709 1103 cognosci
726 1041 839 1090 humanus

52 1107 175 1177 intellectus,
191 1114 253 1167 sicum
265 1112 367 1176 potentia
378 1126 419 1176 per
428 1111 544 1176 omnnium
556 1114 638 1161 ectum.
649 1111 693 1162 Sed
701 1109 727 1160 in
738 1110 838 1162 seeundo

53 1196 140 1242 necesso
159 1200 207 1238 non
222 1185 340 1235 inuenitur
358 1184 460 1249 perlecta
472 1181 591 1246 cognitio;
606 1182 659 1245 quie
679 1181 730 1232 cirin
745 1182 839 1245 angelus

53 1267 86 1304 non
102 1256 213 1321 intelligat
231 1270 273 1321 per
290 1255 463 1306 conversionem
476 1267 504 1304 ac
520 1253 678 1318 pumtasmala
692 1290 700 1316 ‚
715 1255 756 1304 sed
771 1251 838 1316 louge

53 1327 179 1380 eminentiori
194 1330 264 1380 modo
269 1365 279 1391 ‚
291 1331 395 1391 utsupra
406 1326 492 1376 dictum
503 1328 539 1375 est
551 1325 606 1388 (qu.
617 1328 661 1384 ts,
675 1328 718 1375 art.
729 1323 768 1388 Ξ),
777 1339 837 1388 prae·

52 1396 113 1450 lictus
123 1400 203 1453 monos
213 1397 433 1462 cognoscendique
444 1396 647 1459 enimacoguoscit
660 1394 776 1459 seipsam,
791 1409 838 1445 nou

51 1471 174 1524 efficienter
191 1471 258 1524 ducit
273 1470 299 1521 in
312 1469 386 1533 angeli
403 1469 565 1533 coguitionem.
586 1467 655 1520 llultt
670 1471 747 1518 autern
763 1465 840 1518 minus

51 1543 116 1594 crtus
124 1557 250 1609 processus
261 1542 290 1592 acl
302 1539 426 1611 perlectam
435 1540 538 1592 notitam
551 1539 694 1603 terminatum
705 1537 758 1603 quia
769 1537 839 1590 etiem

50 1611 85 1676 ipsi
99 1615 170 1680 angeli
190 1629 234 1680 per
256 1615 301 1664 hoc
321 1613 381 1678 qnod
397 1613 537 1675 cognoscunt
559 1610 663 1675 seipsos,
679 1623 725 1662 non
742 1613 840 1674 possunt

50 1686 161 1750 pertingere
179 1689 210 1738 ad
232 1683 387 1748 cognitionem
407 1682 490 1734 diuina
511 1683 658 1746 substantie,
676 1685 769 1746 propter
790 1683 841 1746 ejus

50 1772 159 1811 cummuni.
172 1760 213 1812 Sic
226 1757 297 1822 igitur
311 1755 387 1806 aniana
397 1755 466 1820 primi
476 1755 576 1806 nominis
588 1758 733 1819 conpeteret
747 1753 839 1818 quidem

51 1829 113 1881 cilere
121 1833 215 1896 angelos
224 1843 267 1894 per
275 1827 408 1891 essentiam
419 1828 457 1878 seu
467 1829 545 1876 tannen
557 1825 740 1878 excellentiorem
749 1826 840 1876 moduni

51 1902 170 1964 cognitionis
186 1901 289 1953 nauehu
305 1900 334 1950 de
350 1899 385 1949 eis
393 1936 402 1962 ‚
419 1911 487 1963 quana
500 1911 543 1947 nos
562 1897 701 1960 habeamus3
719 1895 773 1960 quia
791 1895 842 1959 ejus
919 1917 921 1923 a

52 1975 134 2036 cognitio
147 1978 197 2027 erat
210 1973 284 2036 magis
300 1974 364 2022 certa
378 1975 403 2024 et
414 1969 461 2021 [lna
471 1970 533 2019 circa
545 1968 653 2020 interiora
673 1967 839 2032 intelligibilia,

51 2059 106 2107 maun
120 2047 221 2113 cognitio
241 2048 328 2096 nostra.
348 2045 377 2094 nt
393 2045 486 2108 propter
507 2044 593 2092 tentem
617 2038 765 2091 eminentiam
787 2036 842 2089 dicit

52 2117 156 2182 Gregorius
165 2120 229 2184 quon
247 2135 261 2164 u
272 2117 381 2167 intererat
392 2115 524 2179 angelorum
533 2111 659 2176 spiritibus.
676 2129 689 2158 n
702 2110 767 2160 llucle
779 2112 842 2174 patet

52 2189 120 2242 nlntio
138 2192 168 2244 all
179 2191 290 2255 priunum

76 2263 105 2312 tu
116 2266 244 2316 secundum
259 2261 394 2321 dicendum,
408 2257 468 2326 quod
486 2260 530 2309 hoc
547 2255 608 2322 quod
620 2255 696 2306 anima
713 2253 781 2318 primi
802 2254 843 2305 ho-

53 2332 110 2384 ninis
119 2336 240 2386 deficiebat
250 2333 280 2384 ab
291 2333 412 2383 intellectu
426 2328 603 2381 substantiarum
616 2329 786 2392 separaturum,
797 2338 844 2376 non

53 2411 92 2454 erat
103 2420 130 2456 ex
140 2407 306 2472 aggravatione
319 2403 437 2470 eorporis3
453 2403 493 2453 sed
507 2415 536 2451 ex
548 2402 593 2451 lroo
600 2437 608 2463 ,
618 2398 679 2463 quod
695 2398 810 2462 objectum
822 2395 845 2447 ei

53 2481 184 2530 connaturale
201 2481 251 2530 erat
269 2475 377 2528 deficiens
392 2475 420 2525 alt
437 2473 571 2525 excellentia
587 2469 763 2522 substantiarum
778 2481 845 2534 sepa-

53 2552 147 2600 ratarum.
163 2553 210 2602 Nos
228 2554 307 2600 eutem
320 2547 437 2597 deficimus
450 2547 543 2610 propter
557 2546 687 2608 utrumque.

78 2622 211 2673 intertium
224 2621 364 2682 dicendum,
376 2618 436 2683 quel
452 2617 527 2669 uninru
539 2613 607 2680 primi
626 2614 725 2665 hominis
739 2627 785 2664 non
802 2625 844 2676 po·

55 2691 103 2742 terat
117 2708 156 2759 ner
173 2694 330 2759 cognitionem
343 2692 378 2742 sui
393 2690 467 2756 ipsius
482 2689 610 2753 pertingere
630 2687 657 2737 ad
677 2683 845 2764 cognoscendas

56 2764 180 2818 siusuntlas
196 2768 332 2830 separatas,
350 2769 376 2813 ut
390 2776 459 2826 surpra
470 2760 511 2826 (in
531 2759 609 2822 corn)
623 2759 707 2810 clictunr
723 2761 773 2819 est3
791 2767 843 2818 quta

56 2833 115 2886 etium
127 2851 268 2903 unaqueque
281 2835 407 2887 subeuntia
420 2837 524 2899 separatu
538 2831 654 2896 cognoscit
661 2831 730 2882 aliern
741 2842 783 2894 per
795 2839 843 2876 mo·

57 2906 102 2956 lun
114 2909 239 2974 eclipsim.
