1984 3309
165 132 196 171 un
211 129 318 171 uoto-uu
334 132 399 172 nino
414 133 441 171 nc
456 133 539 173 rurum
553 133 715 174 resumimus.
794 128 841 175 939

14 224 86 261 curn
102 210 164 271 mut
171 213 253 273 proter
265 211 441 262 moderationem
451 212 555 263 rationis.
564 212 599 263 iix
610 226 655 277 quo
667 214 765 277 primum
778 219 840 279 potet

19 284 94 348 quod
109 280 209 345 Tullius,
221 281 246 331 in
254 283 332 333 eodem
347 282 417 347 iiim,
431 283 627 347 peripateticorum
639 284 788 346 sententiam,
801 286 841 348 qui

19 353 197 421 opproprium
223 354 401 405 mediocritatem
426 354 572 419 passionum,
591 356 780 408 inconvenienter
798 358 840 407 im-

20 428 117 492 probat
130 424 226 487 dicens,
239 425 298 489 quod
311 440 398 477 «omne
407 426 501 489 muium,
510 427 580 476 etium
591 428 712 490 mediocre,
721 428 839 478 vitandum

21 506 79 563 cst;
99 510 159 547 mum
176 496 234 547 sitm
247 511 329 561 corpus
345 498 413 548 etium
425 497 568 549 mediocriter
585 512 684 563 egnum,
700 514 780 551 sunum
793 513 840 550 nou

20 576 80 634 est,
94 570 132 621 sic
145 568 191 618 ista
204 568 347 619 mediocritas
360 569 487 619 morborum
498 569 535 620 uel
550 569 682 633 passionum
691 571 773 623 enimae
784 584 840 622 sana

21 659 75 695 non
96 645 145 693 cst.
165 642 240 691 »Nou
251 640 312 691 enim
325 640 442 705 passiones
456 642 561 691 dicuntur
574 643 647 693 morbi
664 646 701 694 rel
717 646 840 709 perturbe-

20 720 111 768 tionos
125 713 226 776 uuimae,
241 713 286 763 nisi
298 716 443 763 cum'carent
456 713 611 765 modcrutioue
624 716 726 766 rationis.

54 787 133 839 Unde
148 788 211 848 potet
224 784 345 849 responsio
358 785 386 834 nd
401 784 508 848 primum.

55 861 99 911 nd
116 857 244 907 secundum
258 850 391 919 dicendum,
404 854 465 919 quod
478 856 503 906 in
516 858 579 908 omni
590 857 696 923 passione
705 859 786 909 anime
796 862 838 909 ud-

20 938 92 985 ditnr
114 928 203 993 aliqurid
216 928 253 979 uel
270 928 404 979 diminuitur
419 927 542 978 inctumli
557 932 619 980 motu
631 930 719 993 cordis,
733 929 758 979 in
768 944 839 995 quan-

20 1012 77 1055 tum
99 1015 144 1053 cor
161 1000 271 1050 intentius
286 1002 322 1051 rel
335 999 450 1051 remissius
464 1004 579 1063 mouetur,
597 1000 722 1051 sccunddm
737 1002 838 1067 systolen

20 1079 64 1125 aut
84 1069 205 1127 diastolen
213 1070 262 1134 (t)·,
273 1073 296 1119 ct
310 1070 435 1121 secundum
448 1070 492 1138 hoc
508 1071 577 1121 habet
587 1069 698 1134 passionis
709 1071 837 1137 rutioucm3

21 1150 59 1197 vet
80 1151 225 1195 tamennon
241 1144 331 1207 oportet
344 1140 404 1205 quod
418 1142 494 1207 passio
506 1156 596 1207 semper
606 1143 704 1195 dectinet
718 1143 746 1195 ab
760 1144 837 1196 ordine

20 1216 145 1269 naturalis
160 1212 262 1264 rationis.
428 1212 429 1215 ’

54 1291 95 1341 nd
111 1285 209 1340 tertium
225 1284 358 1349 dicendum,
375 1284 435 1349 quod
457 1285 574 1349 passiones
592 1286 674 1336 unimae
689 1286 838 1349 inquantum

20 1368 80 1413 sunt
105 1362 192 1424 praeter
219 1358 320 1412 ordinem
342 1357 452 1420 rationu,
475 1358 585 1407 inclinant
609 1358 635 1407 ud
660 1361 791 1422 peccatum3
812 1358 837 1406 in

20 1436 147 1499 quantum
157 1432 234 1479 nutem
242 1434 295 1480 suut
304 1430 412 1481 ordinate
421 1428 434 1479 t
442 1428 546 1493 rationc',
555 1428 672 1493 pertinent
682 1430 709 1479 ad
720 1426 835 1479 uirtutem.

238 1614 239 1617 Ἴ
331 1555 490 1617 dRTlCULUS
506 1555 546 1604 111.

25 1658 126 1705 Uirium
137 1654 217 1712 paccio
228 1654 302 1699 addat
309 1655 346 1699 vel
359 1653 480 1759 dimtrelrcut
491 1653 523 1697 ud
533 1651 661 1697 bonitatem
670 1654 709 1697 vel
717 1654 837 1699 malitiam

399 1729 427 1760 ao
437 1728 473 1760 uu.

54 1823 96 1875 nd
109 1817 205 1869 tertium
217 1817 250 1870 sic
264 1814 391 1881 proceditur
403 1816 445 1881 (t).
456 1816 550 1867 Videtur
563 1815 623 1881 qudd
637 1818 713 1881 passio
722 1831 837 1882 quecum-

21 1910 71 1960 que
91 1902 189 1953 semper
203 1888 313 1939 diminuat
331 1889 358 1937 dc
374 1888 475 1939 bonitate
489 1893 553 1939 actus
568 1889 667 1940 moratis.
684 1891 757 1941 Omne
772 1890 834 1942 euim

22 1969 88 2032 quod
104 1962 205 2027 impedit
213 1960 324 2025 judicium
333 1960 442 2022 rationis,
453 1972 481 2009 cx
491 1972 536 2023 quo
550 1960 663 2023 dependet
673 1960 762 2010 bonitus
772 1963 837 2011 actus

22 2036 141 2099 incoatis,
154 2032 259 2084 diminuit
266 2045 307 2095 per
315 2044 458 2096 consequeus
468 2030 591 2081 bonitatem
601 2033 665 2082 notus
675 2032 777 2081 moralis.
791 2032 837 2083 Sed

21 2111 107 2162 cumnis
124 2104 204 2171 passio
218 2102 315 2167 impedit
330 2102 440 2167 iudicium
458 2101 567 2164 rationis3
582 2100 636 2152 dicit
649 2100 712 2153 enim
725 2101 837 2153 Salustius

23 2188 46 2233 in
64 2175 253 2233 Catitiuorio:
270 2191 283 2223 u
292 2175 375 2225 Omnes
389 2173 491 2225 homiues
510 2172 550 2237 qui
564 2174 671 2225 derebus
685 2172 759 2223 dubiis
774 2187 835 2225 cou-

22 2252 129 2312 sultant‚
139 2248 169 2297 ab
182 2246 242 2309 odio,
254 2246 288 2295 ira
301 2249 323 2295 et
333 2246 432 2297 amicitia
443 2249 510 2309 utque
523 2244 677 2296 miscricordia
688 2258 773 2297 vacuos
783 2258 833 2298 csse

23 2328 106 2377 erepet.
119 2338 133 2369 u
150 2319 209 2382 Ergo
221 2318 295 2369 omnis
309 2318 387 2381 passio
398 2315 503 2369 diminuit
515 2317 640 2367 bonitatem
657 2316 748 2368 moralis
761 2321 835 2368 actus.

54 2402 81 2447 2.
96 2390 226 2452 Praetercass,
238 2392 302 2439 actus
315 2387 427 2450 hominis,
442 2390 528 2453 quanto
542 2390 577 2438 est
595 2388 642 2440 Deo
658 2386 761 2451 similior,
775 2390 837 2441 tuoto

61 2518 97 2587 (i)
117 2521 169 2566 Hoc
185 2518 220 2564 est
233 2518 414 2563 contractionem
426 2516 474 2562 sivo
485 2516 697 2567 constrictionem,
702 2519 769 2573 Juxtu
777 2528 836 2579 grec-

25 2601 80 2634 sum
100 2580 207 2642 ωςολὴ,
222 2585 246 2625 ct
261 2580 443 2629 dilutuuouem,
456 2578 712 2636 juxto'grcecumetium
726 2575 835 2646 διαςολὴ,

26 2656 130 2717 quando
140 2664 223 2707 nempe
235 2663 275 2696 cor
286 2651 449 2707 constringitur
457 2650 494 2695 uei
505 2650 648 2695 contruditur
658 2664 699 2709 per
708 2651 834 2710 tristitiem,

28 2736 70 2780 per
85 2716 199 2765 letitiam
211 2720 288 2759 cutum
302 2714 419 2765 dilatatur.

61 2798 97 2863 (2)
115 2799 152 2843 lte
162 2794 200 2840 hic
214 2796 284 2841 etium
298 2795 366 2854 intro,
381 2806 421 2851 qu.
432 2792 472 2852 nc,
484 2792 513 2840 de
530 2794 609 2852 uerit,
622 2800 666 2839 ort.
680 2792 709 2846 ⁷3
722 2797 746 2837 et
756 2805 796 2849 qu.
807 2791 833 2850 3,

26 2866 55 2910 dc
66 2862 148 2918 maie,
164 2862 209 2904 art·
222 2856 260 2903 11.
