1984 3309
148 200 197 249 ιιι
329 202 428 258 eaust,
442 204 538 253 oum.
554 206 656 258 unm,
673 206 729 247 aar.
745 208 765 245 r.

149 286 180 339 ait
191 284 371 351 decorporibm.
381 286 412 336 or
422 284 456 337 eie
467 284 554 350 peribit
565 284 662 337 amentia
673 282 793 347 matualis,
805 294 857 347 uou
872 284 909 335 ast
919 282 945 334 le

149 371 245 423 corpore
256 355 344 408 mobili.

182 430 342 494 (coactumu.
356 456 390 469 --
405 428 486 480 hnima
501 442 542 493 per
563 428 705 480 mtobeutam
722 425 840 491 mmorcit
855 438 947 492 corpora

148 500 309 561 immateriali,
324 501 448 553 uuiremrli
460 505 485 551 et
495 500 624 553 necessaria
638 498 792 563 cognitione.)
891 528 893 533 ·

181 574 316 639 Respondeo
326 574 446 625 dicentum
452 610 461 638 ,
471 575 501 624 ad
508 572 648 625 endouham
657 570 880 637 hujosrprestiouia,
891 569 948 635 quoi

150 646 218 711 primi
232 646 381 711 Philosophi,
395 646 435 710 qui
447 646 476 696 (le
487 645 576 697 naturis
589 658 664 695 rerunt
676 643 846 708 inquisierunt,
856 647 948 707 putaue-

149 718 360 772 ruutuibilesuein
369 718 549 783 muudopratur
558 715 747 783 corpuslitouia
755 714 948 767 uidebantomoir

150 804 246 857 corpora
257 791 351 841 mobilia
364 803 428 854 esee,
444 794 469 841 at
481 790 592 855 putabant
602 802 630 841 ea
645 786 671 838 in
687 786 795 839 contiuuo
806 788 872 839 tluxn
887 800 948 849 esee,

151 863 341 914 ashhmavcruut
356 863 417 928 quob
428 859 491 914 nulla
509 860 621 912 certitudo
633 861 661 911 oe
673 872 749 910 rerum
760 858 860 909 ueritate
875 858 950 909 haberi

151 934 252 999 pomata
263 933 339 985 nobis.
352 934 414 991 onotl
424 933 486 985 euim
497 937 534 985 est
546 932 572 983 in
583 930 691 985 contnuo
702 932 774 992 lanu,
784 942 826 997 per
835 929 951 982 certitudi-

151 1017 206 1055 nem
223 1003 363 1070 apprehendi
376 1016 424 1054 non
434 1007 525 1068 poert,
538 1003 593 1068 quic
605 1001 670 1068 pribs
691 1001 775 1053 labitur
788 1014 859 1065 quam
877 1004 951 1055 mente

151 1077 301 1142 dijudioetnre
313 1073 372 1126 ment
390 1074 517 1126 Heraclitus
531 1074 603 1137 dixit,
622 1074 687 1139 quoi
703 1090 717 1123 a
734 1086 781 1124 nou
792 1076 831 1124 eet
846 1072 951 1138 possibile

150 1162 234 1215 aquam
250 1147 314 1198 ilarii
331 1145 444 1198 currentis
455 1146 492 1198 bis
509 1151 618 1211 mopere,
633 1159 648 1194 o
661 1149 688 1195 ul
704 1145 787 1196 recitat
800 1146 952 1211 Philosophus

151 1220 177 1271 in
188 1221 226 1270 lv.
239 1219 349 1284 lletuph.
363 1219 430 1285 (teat.
444 1217 496 1283 tt).
509 1220 550 1269 llis
558 1222 639 1269 auteur
648 1217 814 1282 superueniens
831 1218 902 1269 Pluto
909 1254 917 1282 ,
930 1220 951 1266 ut

151 1296 229 1357 posset
241 1292 329 1343 salvare
347 1296 432 1343 certam
444 1290 601 1355 coguitionem
613 1288 740 1341 tetihtisi
753 1289 820 1341 nobis
829 1304 875 1355 per
887 1290 951 1340 intel-

151 1364 234 1415 leotum
245 1362 325 1415 haberi
327 1363 418 1428 ,posuit
426 1366 509 1428 preter
516 1362 562 1413 isia
570 1361 697 1426 corporalia
708 1362 771 1412 oliurl
779 1374 857 1425 ςιιιιιι
868 1364 952 1413 entium

151 1435 269 1487 amamria
285 1439 310 1486 et
320 1439 385 1487 motu
399 1439 545 1501 separatum,
562 1434 623 1501 quod
634 1433 767 1486 nominabat
779 1436 893 1499 species,
909 1434 952 1485 sire

152 1508 232 1563 ideae,
243 1521 285 1572 per
297 1519 393 1571 quarum
403 1506 604 1572 participationem
613 1505 789 1570 unumquodque
799 1505 928 1571 istorum
911 1519 953 1557 sm·

151 1579 274 1643 ςιιιιιιίιιιιι,
281 1578 453 1631 etsensibibum
463 1577 725 1642 noiluuellrommuel
732 1580 865 1641 equus,ch
872 1560 985 1660 aliqud}

152 1649 293 1715 huiusmodi.
304 1648 520 1714 Sicerpodieebat,
532 1649 850 1715 scientiasetdiiliuiticues,
862 1651 955 1715 etquic

152 1721 208 1786 qnirl
219 1720 249 1771 al
258 1722 335 1770 actum
344 1719 475 1771 intellectus
485 1690 599 1786 pertinet,
613 1734 660 1772 uon
672 1720 754 1772 reterri
765 1720 793 1771 col
804 1720 853 1772 ista
864 1732 955 1787 corpora

153 1790 270 1843 tensibilia
276 1829 284 1856 ,
300 1791 342 1843 eci
353 1792 381 1841 ad
393 1791 433 1842 iila
444 1791 603 1844 immaterialia
616 1796 641 1844 et
654 1796 771 1858 separatu,
788 1794 814 1841 ut
828 1793 867 1845 sic
884 1793 955 1845 anima
983 1832 984 1853 ι

154 1874 202 1914 uon
210 1862 324 1927 intelligat
332 1862 378 1913 ista
387 1863 527 1928 corporalia,
537 1865 577 1916 sed
589 1864 702 1928 intelligat
711 1865 793 1915 lacrum
803 1865 956 1931 corporalium
983 1862 984 1897 ι

154 1934 242 1999 species
256 1938 381 2001 separatas.
398 1936 443 1988 Sed
462 1936 508 1987 boc
522 1936 643 2002 dupliciter
661 1939 759 2001 apparet
773 1935 871 1988 lalmm.
885 1934 957 1989 Prinab

154 2005 255 2072 quidem,
266 2006 319 2071 quia
328 2006 380 2057 cirm
391 2008 438 2059 ille
449 2009 540 2073 species
551 2008 597 2059 sint
604 2007 774 2071 immateriales,
783 2011 808 2058 et
819 2008 957 2069 immobiles,

154 2078 334 2130 exdodcmturi
348 2078 450 2131 scientiis
462 2080 566 2144 cognitio
581 2083 671 2143 molus,
683 2084 707 2131 et
717 2078 820 2131 materie
830 2079 839 2146 (
850 2083 914 2145 quod
927 2083 958 2130 est
982 2136 983 2159 Χ

155 2150 270 2215 proprium
288 2151 390 2203 mieuba
403 2151 531 2217 naturalis)
543 2156 567 2202 et
579 2151 740 2203 demonstratio
755 2164 797 2217 per
809 2164 898 2203 causas
915 2164 958 2201 uro

155 2227 236 2275 rentes
248 2226 272 2273 et
281 2224 419 2275 materiales.
433 2223 550 2288 Seruum,
566 2223 620 2288 quia
630 2224 744 2275 (tensibile
757 2223 861 2289 ridetur,
872 2229 900 2277 ot
912 2236 959 2275 curo

155 2296 376 2360 rerum‚quunobis
386 2296 514 2348 manifeste
523 2294 693 2360 sunt,notitiam
702 2296 834 2361 querimus,
844 2300 894 2349 alia
903 2296 959 2349 entia

153 2366 180 2416 in
192 2367 293 2418 medium
303 2368 432 2433 aileranus,
443 2381 493 2432 quc
504 2382 551 2419 uon
562 2370 656 2433 possunt
664 2381 713 2419 csse
725 2382 804 2421 eorum
813 2368 958 2431 substantie,

154 2436 208 2488 cim
221 2439 250 2489 ab
263 2438 297 2489 eis
307 2439 414 2491 differant
423 2442 550 2491 amandum
560 2454 624 2505 caee,·
636 2443 660 2491 ct
670 2440 704 2491 sic
713 2440 759 2491 illis
771 2441 913 2493 substantiis
927 2453 958 2491 se

156 2509 241 2572 paratis
255 2511 365 2576 cognitis,
377 2524 424 2563 uon
438 2516 531 2576 propter
539 2513 583 2563 hoc
596 2512 624 2562 de
632 2512 684 2563 istis
696 2511 842 2563 sensibilibus
856 2512 959 2578 judicare

152 2594 282 2647 possemus.
294 2582 389 2634 Videtur
398 2586 474 2633 autem
483 2596 514 2633 ex
525 2584 569 2634 hoc
579 2584 643 2634 Plato
653 2584 744 2635 deuiam
755 2582 896 2651 iventone,
909 2583 959 2648 quia

155 2653 209 2705 eim
222 2656 346 2707 estimaret
355 2654 458 2706 omnium
470 2655 627 2719 cognitionem
634 2668 676 2719 per
684 2656 775 2707 modum
786 2654 890 2721 alicujus
903 2654 960 2708 simi·

156 2725 258 2778 lituiiuis
274 2741 324 2778 ease
331 2765 340 2792 ‚
352 2726 450 2777 credidit
461 2729 522 2791 quod
535 2727 608 2777 torma
623 2727 708 2791 cogniti
725 2740 753 2777 ex
763 2729 915 2780 ‘necessitate
934 2726 960 2777 sit

156 2799 182 2849 iu
192 2803 352 2863 cognoscente,
359 2812 388 2849 eo
396 2799 463 2850 morlo
470 2812 516 2863 quo
524 2798 590 2849 estin
599 2798 698 2863 cognito.
710 2798 871 2851 considerauit
881 2808 955 2853 autem

157 2871 218 2938 quod
236 2872 308 2921 torma
326 2870 360 2921 rei
375 2870 497 2923 intellecta
510 2872 545 2922 est
560 2868 585 2919 in
602 2871 721 2923 intellectu
740 2871 921 2938 universaliter,
938 2875 959 2921 ot

157 2941 352 3008 immaterialiter,
366 2947 391 2996 et
402 2942 564 3008 immobiliter3
577 2946 638 3009 quod
648 2959 677 2999 ea
687 2945 736 3012 ipsa
745 2944 883 3011 operatione
893 2946 959 2999 iutel-
