1984 3309
194 182 226 219 ne
238 180 366 221 adunemur
382 181 485 221 rnauruo
502 167 686 233 rnonucrrouis.
796 172 840 221 all

42 260 118 325 cedit,
133 260 204 325 prout
214 258 322 323 possibile
336 262 389 321 est,
403 260 431 309 ad
444 260 652 325 representandnm
670 258 771 323 speciem
782 260 840 311 divi·

42 346 120 383 narum
130 344 290 397 personarum.
305 330 392 381 llivinae
407 334 482 381 autern
497 344 600 394 persone
618 330 787 396 distinguuntur
801 346 842 384 se·

42 404 139 455 cundum
154 402 324 468 processionem
336 402 404 453 Verbi
414 400 428 451 i
439 402 542 466 dicente,
553 408 576 454 et
586 402 674 453 anons
687 404 843 457 comedentis

42 480 171 541 utrumque.
187 476 287 527 Verbum
304 478 378 525 autem
392 474 416 525 in
430 474 506 525 anima
521 479 598 525 nostra
613 475 662 526 sine
678 476 761 542 actuali
779 477 842 541 cogi-

42 549 125 599 tatione
139 562 193 599 esse
205 560 251 597 uon
266 549 359 610 potest,
374 550 399 596 nt
411 546 550 609 Augustinus
560 546 617 597 dicit
628 548 687 599 xlv.
701 550 739 597 lle
748 549 840 609 Trior'l.

42 620 106 685 (cap.
120 620 163 685 7).
177 620 207 669 Et
221 618 272 669 ideo
287 617 360 682 prim'o
370 622 395 669 et
405 618 561 683 principaliter
571 620 695 672 attenditui
708 621 783 684 imago
794 622 843 672 Tri·

43 692 120 743 nitatis
138 692 165 742 in
184 693 278 753 mente,
299 690 424 741 secundini
441 695 522 754 actus3
537 694 604 755 prout
615 690 703 743 scilicet
715 705 744 742 ex
763 693 843 745 notitia

42 778 107 828 quam
120 764 234 815 habemus
245 762 380 827 cogitando,
398 762 493 815 interius
509 762 608 813 Verbum
623 764 761 829 formamus,
775 769 799 817 et
813 780 843 818 ex

42 838 84 887 hoc
96 837 122 887 in
135 849 238 887 amorem
249 835 427 899 prorumpimus.
443 834 486 885 Sed
495 834 550 902 quie
564 835 676 899 principia
691 839 781 887 actuum
790 842 844 889 suut
901 876 904 884 .

43 910 130 959 habitus
142 910 168 959 et
176 906 286 973 potentiae
292 944 301 971 ,
310 908 485 971 unumquodque
496 910 573 958 autem
584 906 710 958 vidualiter
721 912 756 959 est
765 910 790 960 iu
800 924 843 961 suo

43 980 163 1045 principio,
172 977 309 1029 secundario
319 981 342 1029 et
351 979 417 1043 quasi
430 992 461 1029 ex
470 978 632 1043 consequenti,
643 979 718 1044 imago
726 960 844 1032 numetis

45 1056 117 1117 potest
128 1050 220 1102 attendi
233 1051 259 1100 in
270 1048 345 1101 anima
359 1050 484 1101 secumlirm
500 1050 622 1115 potentias,
639 1055 663 1102 et
678 1051 793 1117 precipue
807 1067 843 1112 se

45 1122 140 1175 cundim
151 1121 255 1183 habitus,
266 1126 333 1186 prout
345 1121 371 1177 iu
378 1121 411 1173 eis
423 1122 510 1173 scilicet
522 1123 584 1173 actus
595 1121 719 1174 virtualiter
734 1124 841 1175 existunt.

71 1196 107 1247 ad
118 1194 221 1260 primum
232 1207 286 1257 ergo
297 1193 431 1255 dicendum,
442 1192 503 1257 qudd
513 1208 564 1243 esse
572 1198 675 1245 nostrum
682 1196 711 1245 ad
722 1194 844 1259 imaginem

44 1267 79 1317 Dei
89 1266 200 1331 pertinet,
208 1267 267 1330 quod
278 1269 313 1317 est
322 1261 390 1316 nobis
401 1266 517 1330 proprium
528 1265 646 1329 supraalia
654 1266 768 1316 animalia.
778 1268 844 1326 Quod

43 1338 193 1402 quidemesse
210 1337 320 1402 competit
332 1337 407 1401 nobis,
422 1338 569 1401 inquantum
580 1338 844 1392 normulatenuslst
887 1388 889 1394 ,
984 1361 985 1364 “

43 1410 89 1462 ideo
101 1412 182 1463 eadem
196 1412 232 1460 est
245 1410 296 1459 haec
309 1408 407 1459 Trinitas
423 1423 474 1461 cum
492 1410 612 1472 illaquam
629 1407 767 1470 Augustinus
781 1412 844 1474 ponit

43 1482 64 1533 in
78 1483 117 1533 lll.
133 1486 171 1531 De
187 1480 291 1537 trinit,
306 1494 357 1545 que
369 1480 473 1531 consistit
486 1480 511 1531 in
521 1475 612 1542 mente,
627 1480 709 1531 notitia
722 1486 746 1531 et
759 1494 842 1534 amore.

70 1556 108 1605 Ad
121 1553 249 1605 secundum
261 1550 398 1613 dicendum,
412 1551 473 1615 qued
486 1552 628 1616 Augustinus
639 1553 699 1603 hanc
709 1552 845 1605 Trinitatem

42 1626 114 1691 primd
123 1625 247 1677 adinvenit
260 1625 284 1674 in
293 1627 378 1675 mente.
391 1624 434 1675 Sed
449 1624 503 1688 quia
519 1637 601 1694 mens,
612 1624 656 1675 etsi
666 1639 691 1675 se
704 1628 776 1676 totam
789 1641 845 1691 quo·

42 1698 163 1749 dammodo
185 1700 320 1759 cognoscet,
340 1696 408 1747 ettam
430 1696 593 1761 quodammodo
615 1710 641 1748 se
661 1697 765 1763 ignorat,
779 1705 845 1764 prout

42 1770 127 1821 scilicet
142 1770 179 1820 est
188 1768 216 1818 ah
227 1767 278 1818 aliis
288 1768 402 1832 distincta3
416 1772 439 1819 et
449 1768 482 1819 sic
493 1769 561 1819 etiam
572 1783 598 1819 se
611 1769 705 1834 quaerit,
716 1774 742 1821 ut
754 1776 845 1836 Augus-

42 1842 102 1892 tinus
116 1842 285 1903 consequenter
299 1840 379 1903 probat
391 1840 415 1889 in
428 1841 458 1891 ll.
467 1841 505 1889 De
517 1842 621 1907 Trinit.,·
632 1841 684 1892 ideo
697 1843 752 1906 quia
764 1842 845 1894 notitia

42 1928 84 1965 uun
102 1912 207 1965 totaliter
222 1911 294 1961 menti
308 1914 450 1977 coequatur,
462 1912 545 1977 accipit
556 1912 582 1963 iu
600 1913 674 1964 anima
687 1914 730 1964 tria
742 1915 845 1977 quaedam

42 1986 131 2053 propria
141 1984 243 2047 mentis,
256 1983 344 2041 scilicet
359 1985 504 2051 memoriam,
518 1984 693 2049 intelligentiam
703 1990 728 2036 et
741 1986 845 2037 voluuta-

42 2064 84 2109 tem
89 2096 99 2123 ,
115 2071 169 2123 qum
188 2054 264 2109 nullus
278 2054 367 2120 ignorat
381 2070 405 2107 se
421 2056 503 2109 habere
520 2074 527 2107 ι
541 2060 565 2109 et
580 2057 671 2119 inistis
684 2057 756 2107 tribus
769 2057 846 2121 potius

40 2130 167 2196 imaginem
176 2126 295 2178 Trinitatis
307 2127 425 2191 assignat,
441 2130 506 2193 quasi
516 2129 590 2194 prima
603 2128 726 2193 assignatio
744 2128 774 2178 sit
788 2143 845 2193 quo-

41 2202 162 2253 dammodo
177 2198 294 2251 deficiens.

70 2276 105 2327 dd
123 2272 220 2325 tertium
233 2272 370 2335 dicendum,
383 2272 443 2337 qudd
462 2271 520 2323 sicut
536 2272 675 2335 Augustinus
688 2273 768 2335 probat
786 2273 845 2324 llll.

41 2348 76 2397 De
91 2346 189 2397 Tra‘rrit.
206 2344 254 2409 (ubi
265 2343 339 2409 sup),
349 2344 477 2407 intelligere
487 2344 591 2408 dicimur,
604 2348 628 2396 et
638 2342 758 2407 uelle,seu
769 2358 846 2397 amare

42 2418 131 2482 aliqua,
144 2420 170 2467 et
181 2416 272 2481 quando
284 2416 312 2465 dc
321 2415 357 2465 his
368 2415 501 2479 cogitamus,
510 2418 534 2466 et
541 2416 634 2480 quando
643 2417 671 2466 de
681 2414 718 2465 his
729 2430 774 2466 non
785 2417 847 2484 cogi-

42 2493 122 2541 temus.
137 2488 185 2538 Sed
196 2488 287 2550 quando
302 2485 352 2537 sinc
363 2486 502 2550 cogitatione
513 2490 583 2550 sunt,
593 2489 622 2539 ad
635 2488 705 2539 solam
714 2490 846 2540 memoriam

43 2562 167 2624 pertinent,
178 2572 229 2623 qnae
238 2558 295 2607 nihil
306 2562 340 2609 est
349 2558 417 2621 aliud,
429 2558 552 2610 secundim
560 2558 641 2623 ipsum,
652 2560 718 2624 quam
727 2561 847 2613 habitualis

43 2632 138 2685 retentio
153 2630 245 2683 notitior
260 2635 284 2681 et
298 2632 388 2682 amoris.
408 2632 452 2682 Sed
463 2632 531 2697 quia,
546 2636 571 2681 ut
582 2632 632 2695 ipse
642 2631 712 2682 dicit:
725 2650 738 2679 o
748 2632 846 2683 Verbum

42 2704 74 2754 ili
87 2718 140 2756 esse
158 2703 208 2754 sine
226 2700 362 2766 cogitatione
378 2716 423 2754 non
437 2707 527 2768 potest,
544 2703 686 2766 (cogitamus
703 2703 764 2753 enirn
778 2716 846 2754 omne

43 2778 100 2838 quod
110 2775 226 2837 dicimus,
240 2773 310 2825 etiarn
320 2774 358 2824 illo
369 2775 472 2825 interiori
481 2776 553 2825 uerbo
566 2775 625 2838 quod
635 2776 663 2825 ad
673 2776 757 2825 nullius
771 2773 846 2838 gentis

43 2849 139 2911 pertinet
153 2846 275 2912 linguam)
289 2844 314 2895 io
326 2846 397 2897 tritus
407 2848 482 2912 potios
492 2845 540 2897 illis
549 2845 624 2911 imago
634 2847 678 2897 ista
689 2846 842 2910 cognoscitur,

45 2923 150 2977 memorie
162 2921 264 2986 scilicet,
279 2918 428 2985 intelligentia
444 2925 467 2973 et
476 2922 603 2975 uoluntate.
614 2922 680 2975 lianc
693 2923 771 2973 autem
784 2932 845 2971 nuuc
