1984 3309
124 225 170 272 stt
317 229 377 268 raas
393 229 417 278 r,
429 223 522 274 oonsr.
539 222 631 276 cnam,
645 223 700 263 aar.
716 224 734 261 r.
973 218 975 325 ⁴

122 309 195 362 rantis
202 308 318 361 derivator
324 305 429 370 quedam
437 303 511 353 virtus
522 301 596 352 activa
607 300 722 365 adipsum
730 311 812 352 mmen
822 300 927 351 animafis
974 350 975 357 g

123 383 162 433 vel
176 381 276 446 plante;
291 377 350 429 sicot
371 376 385 426 i
401 372 525 440 principali
543 375 624 437 agente
644 372 760 423 derivatur
773 372 879 436 mooun
892 371 928 421 vis
974 360 975 393 ³

124 453 210 504 motiva
224 452 252 502 ad
267 450 453 500 instrumentum.
468 447 497 496 lit
508 444 568 496 siem
581 457 628 495 nou
638 443 710 494 retest
724 444 803 495 oicare
815 442 879 508 quoi
889 444 929 493 ali-

124 523 178 590 quid
188 525 307 574 moveatur
320 522 349 572 ab
359 520 514 570 instrumento
528 517 566 568 vel
576 514 720 580 aprineipali
730 519 831 579 agente3
841 515 928 566 itanon
974 510 975 517 ’

124 596 194 646 ratert
208 594 284 645 dicere
303 591 364 656 quoa
382 589 458 641 anima
479 588 583 652 generati
601 590 708 637 causetur
726 584 849 637 alr'anima
863 598 930 650 gene·

125 666 209 730 ranas,
223 665 284 715 velt
297 663 380 714 virtute
395 661 496 714 derivata
510 661 539 711 ab
554 659 605 724 ipsa
617 671 668 723 qna
681 660 718 710 est
731 656 756 708 in
769 658 870 709 semine.

156 738 190 788 td
208 737 307 803 pomum
323 746 376 799 ergo
391 734 527 797 dicendum,
542 730 603 797 qntt
615 731 691 780 anima
709 729 824 780 sensitiva
837 735 929 781 nonest
974 774 975 789 ,

126 808 251 860 substantia
264 807 364 874 perlecta
376 820 417 872 per
431 815 456 856 se
469 804 604 855 subsistens.
618 803 647 854 lit
659 803 688 852 ele
703 801 749 852 troc
761 801 834 866 sopri
848 802 930 853 dicim

127 885 164 934 est
179 881 226 948 (qo.
241 884 281 946 lt,
292 883 334 931 art.
350 879 384 944 tl,
405 891 447 929 nec
456 877 546 942 oportet
558 876 598 926 lule
611 876 703 926 ieram.

159 951 193 1003 id
203 953 326 1005 secundnm
340 950 469 1013 dicendum,
481 947 542 1012 prou
552 947 626 997 virtus
637 944 770 1011 generativa
783 958 833 997 non
842 953 932 1012 generm

127 1022 200 1076 sotim
209 1025 234 1074 in
242 1024 325 1074 virtute
336 1021 427 1088 propria
432 1059 442 1086 ,
454 1022 495 1072 sei
506 1021 531 1070 in
546 1018 630 1069 vitute
642 1016 713 1068 utus
723 1015 809 1068 amnne
824 1020 894 1084 cnjus
901 1023 932 1069 ast

127 1095 240 1161 potentia.
258 1095 288 1145 Et
302 1093 355 1145 ideo
371 1094 443 1144 virtus
459 1090 590 1157 generativa
604 1091 691 1154 planta
707 1091 804 1152 generat
818 1090 932 1154 plantam,

127 1166 201 1218 mrtns
212 1165 270 1217 vert
285 1166 416 1230 generativa
432 1163 537 1216 nmmum
550 1165 643 1226 generat
659 1160 751 1211 ammai.
761 1157 863 1219 'Quanto
875 1161 934 1213 euim

129 1237 204 1290 anima
217 1237 286 1289 tuerit
294 1236 429 1304 perfectior,
443 1235 509 1287 tanto
519 1234 591 1284 virtna
606 1233 657 1298 ejus
671 1232 804 1297 generativa
818 1235 934 1285 ordinator

129 1310 158 1362 at
169 1309 328 1378 pausaturum
341 1309 455 1362 effectum.
584 1372 587 1376 Ι
781 1305 789 1317 ’

160 1381 194 1433 id
203 1379 295 1435 tertium
308 1379 513 1446 dicendum,an
524 1379 599 1428 virtus
611 1377 651 1428 ilia
663 1375 739 1426 activa
751 1387 804 1439 qna
816 1380 855 1426 est
863 1377 889 1427 in
903 1391 935 1428 se

130 1453 205 1516 mine,
220 1465 248 1504 ex
265 1451 341 1503 anima
352 1449 483 1516 generantis
494 1448 612 1512 danuam,
623 1448 659 1498 est
670 1445 737 1511 quasi
748 1447 858 1511 qondam
869 1449 934 1499 motio

129 1524 203 1590 ipsius
216 1523 297 1575 anime
309 1521 455 1588 generantis,
469 1534 513 1572 nec
525 1523 561 1571 est
573 1519 649 1570 anima
660 1523 699 1569 ant
712 1529 766 1582 pars
778 1518 867 1571 ammas
873 1557 883 1584 ‚
896 1518 935 1570 nisi

130 1595 157 1646 ia
172 1594 270 1657 umam,
288 1595 349 1645 sicut
362 1594 386 1644 in
399 1607 462 1645 serra
479 1593 517 1644 vel
533 1589 609 1643 securi
624 1587 933 1654 comministrantem

131 1666 202 1718 motio
218 1666 321 1729 quaedam
341 1667 370 1716 ao
387 1667 458 1716 talem
474 1666 580 1716 formam
592 1664 624 1713 lit
634 1661 753 1712 ideonon
766 1664 863 1726 oportet
880 1662 934 1728 poti

132 1734 176 1788 ista
193 1733 228 1785 vis
239 1735 315 1785 activa
332 1736 415 1787 halent
428 1736 519 1800 aliquod
534 1745 642 1798 organum
658 1732 761 1796 maun,
776 1733 935 1785 aestumator

132 1806 157 1858 in
166 1807 217 1872 ipso
226 1806 309 1871 spirito
318 1807 405 1859 incluso
416 1807 441 1858 in
450 1807 550 1869 semine,
559 1805 620 1869 poet
631 1807 666 1856 est
675 1815 811 1869 spumosum
820 1843 828 1866 ‚
838 1809 865 1855 ut
874 1809 936 1856 atres

54 1921 67 1928 -
133 1882 194 1930 tatur
206 1879 258 1944 ejus
270 1877 365 1944 albed03
379 1879 404 1930 iu
418 1893 463 1944 quo
480 1878 562 1944 spiritu
578 1875 719 1941 estquidam
734 1875 797 1925 valor
809 1887 842 1926 ex
856 1878 936 1928 virtute

134 1951 261 2003 scelestium
276 1963 410 2016 corporum,
422 1963 519 2016 quoram
535 1948 603 2000 etiarn
619 1948 704 1998 vitute
717 1946 811 2010 agentia
829 1947 937 1999 interiora
973 1944 974 1995 l

134 2028 205 2090 agunt
217 2025 246 2075 ad
260 2023 377 2088 speciem
388 2025 415 2074 nt
428 2019 497 2087 snpra
508 2021 593 2071 dictum
604 2022 639 2071 est
650 2020 698 2084 (qu.
713 2022 769 2082 itt,
783 2021 828 2068 art.
839 2021 856 2066 3
867 2021 896 2071 at
904 2021 936 2083 t),
973 2004 974 2063 l

133 2095 164 2147 lit
172 2097 225 2162 quia
232 2097 256 2147 in
263 2096 395 2160 hujusmodi
403 2095 485 2160 spiritu
494 2092 609 2145 concurrit
618 2092 692 2141 virtus
701 2089 783 2142 amma
791 2103 847 2140 cnm
856 2092 937 2141 vinum
973 2076 974 2141 l

134 2168 233 2234 coelesti,
244 2168 326 2220 dicitur
337 2166 397 2232 qnod
412 2168 503 2218 rhomo
517 2167 610 2229 generat
622 2162 754 2224 hominem,
766 2165 793 2213 et
805 2163 851 2213 sot.
869 2171 884 2210 s
897 2164 937 2213 Ca·
973 2170 974 2223 t

131 2237 204 2290 lidum
219 2241 294 2291 antem
306 2240 442 2290 elementale
452 2251 477 2289 se
493 2237 563 2287 habet
571 2234 776 2286 instrumentaliter
789 2235 818 2284 ael
831 2235 938 2284 virtum

136 2311 230 2375 anima,
241 2311 379 2363 sientetiam
390 2311 538 2362 commutem
550 2305 891 2371 immurmurantium.
904 2308 939 2355 lie
973 2332 975 2347 =

136 2381 308 2448 cremauere.
325 2381 382 2446 eo).
973 2368 975 2415 l

168 2453 202 2502 ti
219 2453 549 2518 pampanianum
567 2452 592 2502 in
610 2450 747 2502 animalibus
762 2451 873 2516 perlectis
889 2461 938 2514 qve
973 2426 975 2501 Ι

137 2521 936 2589 generanturercoituvirtusuctvaestmmutuemurisseconoou
973 2524 975 2567 l

138 2595 300 2662 anulusepuum
323 2598 348 2648 un
367 2597 409 2650 uu
433 2601 469 2650 ne
487 2599 647 2663 permisere
663 2596 821 2647 maurusam
838 2595 894 2660 (ru.
911 2593 938 2654 1,
973 2570 975 2645 l

139 2681 189 2732 cap.
201 2672 216 2719 i
230 2671 253 2719 et
264 2673 294 2718 tt
304 2668 322 2732 l.
336 2670 429 2722 Materia
442 2674 520 2722 autem
531 2669 602 2721 ioetus
614 2673 650 2721 est
661 2669 718 2720 illut
730 2667 792 2732 quot
803 2665 939 2718 ministratur

139 2737 152 2787 i
162 2739 265 2790 immina.
278 2739 303 2788 ln
315 2741 462 2805 quiquidem
476 2741 571 2794 materia
581 2741 660 2794 vatim
670 2740 685 2791 t
694 2739 810 2805 principio
820 2743 855 2790 est
863 2736 937 2788 mina

138 2807 285 2872 vegetabilis,
309 2821 355 2858 non
377 2811 469 2874 quidem
494 2811 620 2863 munitm
638 2815 716 2862 actum
741 2812 879 2871 secundnm,
898 2806 936 2856 att!

140 2878 264 2929 secontiam
273 2882 347 2929 actum
356 2881 465 2946 primum,
476 2883 537 2934 sicut
544 2882 741 2934 animasensitira
750 2885 786 2934 est
794 2883 820 2933 in
828 2880 937 2932 meniu·

141 2947 214 3012 tibns;
228 2948 280 2999 einr
294 2953 369 3001 autem
386 2952 465 3017 incipit
478 2956 590 3020 attrahere
606 2954 750 3017 timentum,
762 2958 820 3006 tunc
829 2955 875 3020 jam
885 2954 936 3001 actu
