1984 3309
147 177 192 223 tto
363 179 426 220 unus
441 173 464 230 ιι
476 179 569 226 ouem.
583 179 613 226 c,
626 179 681 218 nur.
700 172 726 218 tt.

146 275 193 312 neo.
201 258 321 324 qumquam
336 271 367 308 ex
378 258 450 322 stirpe
463 269 543 309 eorum
559 257 703 321 iniquitatem
714 257 881 322 committeret,
895 267 939 322 que

146 330 314 382 damnationem
329 329 447 394 reciperet.
465 331 527 380 »Ex
538 342 583 393 quo
597 329 661 379 datur
673 327 770 392 intelligi
782 329 843 393 qubd
856 323 946 380 musi

145 403 214 468 primi
223 402 328 454 homines
337 414 385 453 nou
397 405 544 466 peccassem,
559 399 630 465 aliqui
641 413 670 451 ex
680 411 759 452 eorum
771 401 843 466 stirpe
863 401 943 466 potus

147 479 199 526 sent
212 474 358 538 iniquitatem
369 473 519 525 committere.
530 474 581 524 Non
596 486 649 538 ergo
663 477 813 526 nascerentur
823 475 849 526 iu
859 474 941 539 justitia

147 547 283 598 confirmati.

179 621 337 685 (Cousuusuo.
352 645 384 657 -
395 617 621 670 Confirmatunhomo
636 617 776 682 injustitia,
794 632 836 684 per
850 621 944 684 apertam

147 690 187 741 bei
197 691 317 755 visionem,
330 705 399 756 quam
412 689 464 740 ebur
475 690 706 754 parentesquumdiu
722 694 887 754 generassent,
904 703 945 740 nou

148 762 297 826 habuissent,
312 777 355 813 neo
371 762 439 813 etiam
464 763 489 812 iu
503 766 563 812 statu
581 760 718 813 innocentie
738 761 800 826 uati,
815 762 841 813 in·
861 763 946 828 justitia

148 833 274 883 oondrmati
289 832 411 898 tuissent.)

178 905 314 969 despondeo
325 906 457 969 dicendum,
464 904 525 969 qudd
537 918 583 956 nou
594 903 684 956 videtur
693 903 803 968 possibile
811 905 875 970 qubd
886 904 946 972 pueri

148 976 173 1026 iu
191 980 250 1030 statu
266 976 404 1030 innocentie
417 979 566 1028 nascerentur
583 975 608 1026 in
622 975 711 1040 justitia
725 977 863 1028 confirmati.
881 977 946 1030 Mani·

148 1047 231 1098 festum
249 1051 285 1099 est
297 1048 358 1098 euim
373 1048 435 1112 qubd
448 1047 514 1114 pueri
528 1048 554 1098 in
564 1061 605 1102 sua
616 1047 736 1098 nativitate
752 1061 800 1100 uon
818 1051 953 1102 habuissent

147 1119 198 1182 nius
208 1119 358 1183 perfeetionis
372 1120 440 1184 qnam
453 1133 534 1170 eorum
551 1123 657 1185 parentes
669 1119 694 1170 iu
708 1123 769 1172 statu
786 1122 948 1184 generationis.

148 1190 257 1242 Parentes
270 1195 347 1242 autem
363 1191 472 1256 quamdin
482 1191 644 1256 generassent,
656 1204 702 1241 uon
712 1189 812 1243 tuissent
826 1191 951 1244 confirmati

148 1261 174 1312 in
188 1261 286 1326 justitia.
301 1265 335 1313 Ex
345 1265 388 1314 boc
403 1263 466 1314 euim
478 1267 582 1314 creatura
597 1263 713 1315 rationalis
724 1263 750 1313 iu
761 1264 854 1328 justitia
873 1265 950 1318 contir-

148 1338 235 1397 matnr,
243 1335 305 1400 quod
316 1335 413 1386 efficitur
422 1336 489 1386 beata
500 1347 540 1400 per
550 1340 650 1401 apertam
658 1335 699 1388 bei
708 1335 824 1388 visionem
834 1354 841 1402 3
850 1338 892 1389 cui
905 1339 951 1388 uiso

148 1419 195 1456 uon
211 1411 288 1471 potest
299 1421 346 1458 non
355 1407 478 1470 inherere,
490 1406 542 1457 edm
553 1407 603 1472 ipse
617 1409 647 1474 sit
655 1407 707 1472 ipsa
718 1409 818 1460 essentia
831 1409 950 1471 bonitatis,

148 1475 163 1526 d
178 1491 224 1540 qua
236 1479 312 1529 nulius
325 1481 401 1544 potest
412 1479 497 1543 auerti,
510 1477 563 1528 oium
579 1478 637 1530 nihil
652 1479 793 1530 desideretur
806 1485 952 1543 etametur,

149 1548 195 1600 nisi
209 1549 250 1601 sub
265 1551 353 1600 ratione
371 1550 433 1602 boui.
448 1551 477 1600 Et
491 1553 536 1602 boc
550 1549 602 1602 dico
619 1550 744 1602 secuudium
757 1553 834 1616 legem
852 1565 952 1605 commu·

150 1634 202 1670 nem
211 1640 220 1680 ς
230 1621 283 1685 qnia
294 1635 323 1672 ex
331 1622 407 1686 atiquo
415 1622 535 1688 priuilegio
549 1623 659 1688 speciali,
674 1623 740 1674 secius
750 1620 857 1680 accidere
868 1629 952 1690 potest,

149 1692 209 1742 sicut
221 1692 318 1742 creditur
327 1693 359 1752 =de
373 1693 465 1758 Virgine
481 1698 552 1745 matre
572 1694 622 1746 liei.
637 1694 709 1754 Quhm
724 1695 772 1748 citb
787 1699 866 1748 numm
886 1700 953 1749 ddum

150 1763 179 1813 ad
195 1763 257 1812 iliam
269 1763 434 1816 beatitudinem
445 1767 601 1830 peruenisset,
614 1767 676 1832 quod
688 1769 760 1818 neum
777 1782 819 1832 per
830 1770 953 1820 essentiam

150 1833 251 1895 videret,
263 1833 390 1886 efficeretur
404 1837 528 1901 spiritualis
538 1843 562 1888 et
575 1843 651 1891 mente
661 1842 684 1889 et
697 1851 791 1904 corpore
797 1877 806 1903 ,
816 1844 841 1890 et
851 1841 956 1892 animatis

149 1904 197 1954 uita
205 1911 313 1968 cessaret,
323 1907 348 1956 in
360 1922 406 1975 qua
416 1909 464 1960 sola
474 1909 627 1973 generationis
637 1924 693 1962 usus
705 1910 793 1961 inisset.
803 1912 872 1964 Unde
882 1913 956 1963 meni-

150 1974 234 2028 festum
243 1981 280 2028 est
290 1977 446 2044 qubdparuuli
460 1994 508 2031 uon
521 1981 698 2032 nascerenturiu
711 1981 803 2045 justitia
815 1983 956 2034 confirmati.

183 2051 216 2100 hd
231 2048 329 2114 primum
344 2064 399 2115 ergo
413 2051 546 2116 dicendum,
559 2051 620 2116 qubd
637 2053 655 2102 si
670 2053 741 2103 Adam
756 2066 803 2104 non
818 2060 954 2118 peccasset,

152 2135 199 2172 nou
211 2125 331 2186 generaret
346 2136 376 2173 ex
391 2136 415 2173 se
432 2123 491 2174 tilios
509 2125 633 2188 gehenne3
643 2124 676 2174 ita
686 2123 773 2175 scilieet
789 2123 852 2188 qudd
865 2127 955 2192 abipso

150 2197 269 2257 peceatum
276 2196 448 2258 contraherent,
454 2195 515 2258 quod
523 2202 558 2246 est
565 2209 631 2246 causa
640 2197 759 2258 gehenne.
772 2195 871 2248 Posseut
879 2203 956 2249 tamen

152 2265 201 2314 heri
216 2265 257 2314 iulii
266 2267 377 2329 gehenne
390 2280 431 2330 per
441 2267 538 2318 libemm
552 2265 667 2318 arbitrium
682 2268 806 2336 peccando.
820 2269 863 2319 Vel
878 2271 898 2322 si
918 2270 957 2320 fibi

153 2337 263 2398 gehenne
277 2351 323 2388 nou
334 2339 414 2389 [terent
426 2352 467 2402 per
479 2348 606 2402 peceatum,
617 2339 660 2389 hoc
675 2352 722 2389 uon
732 2343 792 2402 esset
807 2345 903 2406 propter
913 2345 955 2393 hoo

153 2407 205 2469 quia
221 2412 299 2458 essent
314 2409 337 2459 in
351 2411 442 2474 justitia
452 2411 592 2475 confirmati,
603 2413 643 2462 sed
653 2415 747 2476 propter
759 2411 864 2464 divinam
878 2416 956 2479 proui-

154 2478 263 2546 dentiam,
276 2495 397 2545 perquam
409 2481 423 2533 h
435 2487 529 2546 peccato
543 2488 732 2536 conservarentur
744 2484 868 2537 immunes.
982 2549 983 2552 Ἴ

185 2551 219 2600 hd
229 2552 354 2602 secundum
364 2553 494 2613 dicendum,
505 2553 566 2618 qubd
580 2555 700 2606 huselmus
712 2557 755 2606 boc
763 2570 809 2606 non
821 2555 882 2609 dicit
895 2570 957 2610 asse*
982 2553 983 2600 Τ

154 2623 287 2687 rende-sed
298 2624 419 2687 opinando.
431 2627 494 2685 Quod
506 2631 568 2690 petet
581 2641 609 2678 ex
620 2626 669 2692 ipso
686 2629 752 2678 modo
764 2627 887 2693 loquendi,
903 2631 955 2682 ciuu

154 2694 226 2744 dicit:
244 2712 258 2742 «
271 2695 366 2746 Videtur
379 2695 440 2760 qudd
452 2698 473 2748 si
487 2697 611 2761 uicissent,
628 2702 673 2748 etc.
689 2716 703 2746 n
833 2745 840 2760 ,

186 2767 220 2816 hd
227 2765 320 2817 tertium
329 2767 457 2833 dicendum,
465 2769 527 2833 qubd
534 2769 591 2819 ratio
599 2770 643 2820 ista
654 2783 699 2821 nou
706 2772 841 2835 esteidcax,
850 2776 957 2839 quamuis
982 2827 983 2830 ,

155 2853 196 2902 per
211 2852 262 2890 eam
281 2840 401 2890 huseimus
416 2845 492 2893 motus
506 2840 576 2892 inisse
592 2841 707 2906 uidentur,
723 2846 748 2892 ut
763 2845 858 2908 exejus
876 2847 957 2896 'uerbis

155 2915 259 2975 apparet.
273 2912 323 2962 Nou
337 2911 399 2961 euim
410 2912 443 2962 sin
456 2926 499 2976 peu
512 2917 629 2978 peccatum
643 2913 710 2978 priuui
724 2915 826 2979 parents
837 2917 887 2980 eius
900 2931 957 2982 pos·
