1984 3309
135 200 180 249 ιιι
331 209 391 247 vans
407 211 430 259 1,
447 208 538 253 onnsr.
554 208 645 257 ιιιιιιιι,
658 208 711 245 aar.
729 209 746 244 1.

166 290 189 336 ι.
201 286 322 349 Praeterea,
334 284 436 351 potentia
446 284 557 334 sensitiva
568 288 604 334 est
615 297 659 348 qua
669 284 788 348 sentimus,
798 289 823 335 et
837 288 949 350 potentia

134 357 272 408 intellectiva
289 370 334 421 qua
350 356 505 420 intelligimus.
523 356 569 406 Sed
585 356 609 405 id
627 370 671 419 quo
691 356 764 419 pnmo
786 358 910 408 sentimus
926 366 950 410 et

134 429 290 492 intelligimus,
297 432 333 478 est
341 429 416 477 anima
423 428 548 479 secundnm
558 426 721 491 Philosophum
730 428 754 476 in
761 428 790 477 ll.
802 429 843 478 De
851 432 949 480 nninrn

136 502 201 564 (text.
217 499 251 563 ι),
266 500 325 563 Ergo
339 499 414 548 anima
423 503 459 549 est
471 512 513 548 sua
525 497 636 562 potentia.

166 577 189 623 5.
207 571 334 631 meteret,
349 571 411 634 quod
428 584 474 621 non
488 572 524 620 eat
538 570 568 620 de
582 570 683 620 essentia
696 570 741 633 rei,
760 574 796 621 est
809 573 944 627 *accidens

135 643 158 693 Si
175 656 227 707 ergo
245 642 346 707 potentia
365 643 447 693 animae
459 646 495 691 est
512 644 595 704 praeter
610 640 731 691 essentiam
746 641 813 705 ejus,
834 647 949 709 seqnitur·

135 715 196 779 quod
204 715 234 765 sit
243 715 357 765 accidens.
368 714 431 771 Quod
442 717 477 763 est
486 716 563 762 contra
575 712 724 775 hugustinnm
735 713 759 762 iu
770 714 809 763 lx.
825 716 863 763 De
872 718 947 767 Trr'n.

137 788 196 850 (cap.
208 786 288 847 thubi
302 784 433 849 dicitquod
445 784 554 848 praedicta
566 802 580 832 ιι
590 798 636 834 uon
647 788 701 833 sunt
714 785 738 833 iu
753 784 829 834 anima
839 787 907 838 sieut
921 789 947 839 in

134 860 250 923 subjecto,
261 862 287 909 ιιι
299 859 375 919 emor,
386 860 426 907 aut
435 858 507 919 ligura
520 858 544 905 ιιι
556 869 657 921 corpore,
669 860 707 905 aut
716 857 763 905 ulla
776 856 819 906 alia
829 860 945 925 qualitas,

134 934 174 980 aut
189 930 311 993 quantitas.
324 929 435 993 Quicquid
444 929 506 979 euim
516 929 612 991 taleest,
620 928 763 979 nonenoerlit
772 928 912 992 subjectum
921 934 946 983 in

133 1006 224 1064 quoest
232 1019 240 1065 ι
249 1005 400 1053 mensautem
409 1004 485 1066 potest
497 1000 565 1051 etiam
575 1001 621 1051 alia
632 1012 707 1050 amare
721 1003 744 1049 et
757 1012 913 1062 cognoscere.
931 1022 945 1051 a

166 1080 189 1123 9.
198 1075 319 1139 Praeterea,
327 1076 412 1138 forme
422 1072 531 1136 amplae
544 1073 744 1137 subjectnmesse
753 1076 889 1137 nonpotest
898 1077 944 1143 (ι).

133 1146 214 1197 laima
229 1150 307 1196 auteur
322 1150 358 1196 est
370 1146 443 1194 forma
460 1144 574 1228 simplex,
589 1158 640 1194 cum
658 1157 703 1193 non
722 1144 751 1194 sit
765 1146 898 1208 composita
913 1164 943 1199 ex

136 1218 228 1269 malmin
241 1219 358 1281 eliorum,
372 1216 576 1281 utsupradictum
589 1221 624 1267 est
639 1217 687 1282 (qu.
706 1220 751 1279 ιι,
767 1219 808 1265 art.
828 1218 874 1281 ι).
891 1222 945 1271 Non

134 1305 188 1354 ergo
203 1291 305 1355 potentia
318 1290 402 1341 animae
418 1292 556 1352 potestesse
570 1290 595 1339 in
612 1290 661 1353 ipsa
677 1289 736 1338 sicut
751 1288 867 1351 subjectu
985 1326 986 1345 ,

168 1367 190 1411 ι.
200 1365 327 1425 Ριιιιειιιι,
338 1361 442 1411 accidens
453 1374 499 1410 nou
511 1366 546 1411 est
555 1360 691 1425 principium
702 1360 860 1411 substantialis
873 1363 944 1414 dille·
985 1348 986 1421 ι

135 1436 226 1487 seutiae.
245 1435 289 1485 Sed
305 1434 422 1484 sensibile
439 1436 462 1482 et
480 1432 606 1482 rationale
625 1436 679 1482 sunt
697 1430 858 1481 substantiales
878 1422 986 1486 dille·
985 1472 986 1493 ,

135 1509 229 1571 rentiae,
248 1511 271 1557 et
285 1504 429 1557 sumunturl
446 1506 513 1554 sehsu
529 1507 553 1555 ct
568 1506 603 1553 ra
604 1516 656 1553 rone
666 1518 739 1566 ,qna
759 1506 813 1551 sunt
827 1508 945 1566 potentiae

137 1579 227 1629 anime.
239 1580 299 1641 Ergo
312 1580 393 1641 potent
394 1576 422 1625 in
435 1576 517 1640 anima
534 1589 580 1626 nou
592 1579 646 1626 aaut
636 1574 791 1624 taccidentia.
807 1576 835 1625 Et
851 1576 887 1627 ita
903 1580 944 1627 vi-
985 1570 986 1655 ι

136 1652 202 1701 rietur
211 1650 273 1713 qutrl
287 1648 385 1699 essentia
400 1648 480 1698 aniane
495 1647 524 1697 sit
541 1648 591 1711 ejus
603 1647 713 1712 potentia.
985 1658 986 1713 ι

168 1722 214 1772 Sed
224 1725 303 1771 eontra
319 1725 368 1782 est,
379 1720 439 1781 quod
449 1718 573 1783 ltionpsins
586 1720 641 1770 dicit
653 1720 692 1768 xl.
707 1732 757 1782 cap.
773 1717 873 1773 coelest.
890 1722 947 1771 nie-
985 1714 986 1759 i

138 1792 221 1843 naret.
227 1790 315 1855 ‚quod
326 1808 341 1838 ι(
349 1790 454 1841 caelestes
467 1790 560 1854 spiritns
571 1790 674 1841 dividunt
664 1795 702 1839 tnr
714 1790 738 1839 iu
747 1791 881 1857 essentiam,
898 1795 948 1843 vir-

137 1867 208 1915 tutem
221 1867 245 1915 et
257 1863 412 1928 operationem
427 1861 469 1926 (ι).
481 1880 495 1909 ιι
508 1862 578 1913 Μιιιιὸ
554 1862 663 1925 ιιιιιιιι
672 1862 744 1924 magis
755 1862 780 1916 iu
795 1863 872 1915 anima
882 1865 948 1917 aliut
985 1884 986 1905 ι

137 1938 173 1986 est
183 1936 292 1999 essentia,
307 1939 331 1986 et
341 1935 402 1985 alind
415 1935 490 1985 virtus
503 1934 551 1984 sive
563 1933 673 2015 potentia.
985 1909 986 1979 ι

171 2009 326 2071 (Concessio
337 2005 435 2055 —Cirm
450 2006 512 2056 nulla
532 2007 614 2056 mimae
631 2006 731 2070 operatio
749 2006 779 2055 sit
795 2006 943 2069 substantia,
985 2040 986 2061 2

137 2086 161 2132 et
173 2081 272 2146 quodvis
285 2080 384 2130 animam
395 2079 483 2128 hahens
494 2092 541 2129 non
557 2092 646 2143 semper
658 2082 710 2129 actu
724 2080 844 2143 operetur,
855 2084 945 2143 poten·
985 2078 986 2149 ι

137 2155 192 2203 tiam
208 2154 290 2203 anime
309 2152 359 2203 ab
353 2165 403 2216 rpsa
420 2151 501 2200 animae
524 2148 622 2202 essentie
641 2154 663 2201 el
685 2150 787 2206 satutant
777 2148 809 2198 ιιι
827 2149 944 2201 diver-saur
985 2150 986 2219 ι

138 2240 201 2288 esse,
216 2224 366 2275 necessarium
379 2223 434 2286 est.)
985 2222 986 2289 ι

138 2377 220 2430 rusiae,
231 2375 296 2429 quasi
306 2378 401 2418 extensa
411 2374 478 2417 simul
486 2385 539 2416 cunr
551 2382 682 2427 corporeae
694 2369 819 2414 secundum
835 2373 944 2427 corporis
985 2346 986 2423 ι

139 2438 291 2492 quantitatem
307 2447 456 2481 succrescens
471 2441 495 2479 et
505 2441 627 2491 proteusn;
644 2433 704 2488 qnod
722 2432 902 2487 Ghrysostomus
916 2436 946 2478 de
985 2444 986 2483 ι

139 2500 215 2544 anime»
231 2502 330 2544 humana
343 2504 411 2555 negat
423 2532 429 2556 ,
443 2504 503 2543 orat.
517 2496 540 2555 5,
553 2496 581 2541 de
601 2494 829 2553 incomprehensibili
844 2497 886 2541 Dei
902 2510 946 2541 na-

140 2570 205 2614 tura,
219 2569 264 2607 cte.
985 2604 986 2609 ,

173 2632 203 2693 (ι)
214 2637 250 2679 Ex
263 2632 355 2691 Boetia,
366 2633 408 2677 lih.
421 2633 432 2677 Ι
445 2632 475 2677 de
491 2632 574 2679 aren„
585 2630 645 2675 unde
653 2632 710 2687 jam,
723 2634 805 2685 quaest.
820 2630 849 2688 o,
864 2636 908 2675 avt.
919 2632 943 2679 ιι,
985 2652 986 2655 =

141 2702 275 2742 annotatum
282 2701 318 2741 est
325 2695 378 2740 evim
389 2701 494 2753 ageretur
504 2707 533 2741 an
541 2694 616 2749 aliqua
625 2694 649 2739 io
659 2695 706 2739 Deo
716 2699 793 2737 essent
802 2693 942 2745 accidentia
985 2732 986 2735 ,

139 2766 163 2805 et
174 2766 256 2817 quest,
271 2758 310 2817 50,
326 2764 369 2804 avt.
384 2758 408 2816 ι,
422 2758 475 2802 cum
488 2758 516 2803 de
531 2756 675 2812 simplicitate
688 2757 831 2813 angelorum.
985 2748 986 2761 ³

173 2829 203 2887 ιιι
224 2834 253 2876 [lt
266 2844 294 2876 ex
309 2831 414 2887 prolesso
433 2835 537 2874 notatum
556 2834 591 2873 est
609 2828 677 2871 etiam
695 2840 777 2884 supra,
795 2834 879 2883 quaest.
897 2828 944 2883 at,

141 2900 184 2938 art.
201 2894 231 2952 3,
246 2898 379 2951 argumento
393 2891 440 2939 Sed
458 2897 553 2939 contra,
565 2891 617 2935 eiam
629 2892 752 2947 probatum
768 2895 803 2935 est
816 2892 944 2945 potentiam
985 2896 986 2899 ’

140 2956 305 3006 intellectivam
317 2956 391 3015 angeli
405 2967 451 3004 nou
465 2966 516 3001 esse
529 2952 664 3011 idemquod
678 2954 727 3011 ejus
742 2952 877 3000 essentiam.
941 2957 943 2961 '
