1984 3309
201 200 233 236 DE
248 196 307 245 USU,
323 192 364 237 ool
380 190 422 228 EST
438 188 516 229 ACTUS
527 184 686 226 volmarus.
797 172 841 217 831

71 288 96 332 3.
113 280 244 337 Praelerca,
258 266 463 335 lugusllnusdicil
477 266 500 314 in
517 264 557 313 llo.
575 262 693 313 lxxlllll.
705 260 841 321 Oaoeelion.

38 361 96 420 (qu.
109 355 139 401 30
148 350 156 414 )
165 366 172 398 ι
182 365 196 395 a
205 345 286 397 Omnia
295 356 344 407 quac
354 341 413 390 lacta
423 341 485 398 sunl,
494 337 591 387 inusum
600 332 702 384 hominis
711 332 842 394 factasunt,

38 428 94 492 quia
109 420 216 473 omnibus
237 416 308 466 ulilur
324 412 381 463 ralia
397 408 520 474 judicando
537 421 565 457 ea
581 419 631 469 quae
648 403 778 455 hominibus
791 403 843 451 dala

39 500 105 549 sunt.
118 511 132 542 »
144 492 191 542 Sed
205 488 308 553 judicare
322 486 349 535 ale
363 480 457 533 rebusa
475 482 521 530 lleo
537 477 630 540 creatis,
645 474 745 540 pertinet
767 474 795 523 ad
808 486 845 522 ra·

39 572 128 621 tionem
143 558 315 627 speculativam,
323 569 373 619 qua
383 552 476 604 omuino
486 551 590 613 separata
597 548 688 597 ridetur
697 546 843 606 luoluulale,

40 656 92 707 quae
103 641 141 689 εει
150 630 287 700 principium
298 631 447 678 humanomm
458 626 558 672 actuum.
568 621 628 682 llrgo
636 619 671 669 uli
680 632 727 669 non
736 620 772 668 εει
782 622 845 667 aelus

39 708 179 765 voluntatis.

70 783 119 835 Sed
141 782 221 829 coulra
243 778 291 837 εει,
306 770 367 835 quod
388 766 527 831 Augustinus
544 763 602 813 licia
624 764 649 812 in
664 764 695 812 ll.
718 763 755 811 De
776 762 844 811 Tria.

41 867 112 921 (cap.
133 853 181 912 ll)
199 864 204 897 z
226 865 239 896 u
251 846 289 896 llli
302 848 336 894 εει
349 851 464 891 assumere
478 835 563 900 aliquid
576 835 601 884 in
615 832 745 884 facultatem
760 833 847 882 volun-

39 930 106 979 latis.
117 940 131 971 u

73 1001 83 1064 (
96 998 243 1047 Conmusro.
259 1014 289 1024 -
300 984 358 1035 Cium
372 981 495 1034 uoluntatis
508 981 538 1032 sit
551 979 631 1029 omnes
643 975 725 1026 animae
735 974 808 1036 vires,
824 975 848 1022 ει

41 1070 153 1128 habitus,
169 1062 207 1113 uel
225 1072 322 1123 organa,
341 1056 368 1106 ad
382 1068 435 1105 suos
446 1052 551 1117 proprios
566 1052 630 1100 aolus
647 1046 776 1111 applicare,
787 1044 848 1093 illius

42 1140 120 1209 primo
137 1140 162 1187 ει
178 1129 332 1199 principaliler
352 1129 378 1175 ul
394 1124 462 1190 priml
478 1120 591 1173 merentis
609 1133 665 1170 usus
682 1122 732 1180 est3
753 1116 849 1166 rationis

40 1220 124 1265 autern
137 1212 166 1259 ut
179 1201 309 1268 dirigenlls3
322 1202 455 1250 caleramm
466 1194 521 1245 vero
532 1192 684 1257 potentiarum
695 1192 721 1238 ul
731 1200 849 1251 exequen·

38 1290 112 1338 lium.

78 1284 218 1419 Regpomleo
227 1346 358 1405 dicendum,
367 1341 428 1406 quod
441 1352 496 1390 usus
507 1338 542 1387 rei
551 1335 647 1399 alicujus
660 1320 767 1395 importat
778 1330 849 1393 appli-

37 1431 162 1482 cationem
175 1422 210 1473 rei
226 1420 288 1471 illius
300 1418 327 1467 ad
339 1414 437 1477 aliquam
450 1410 603 1474 operationem
619 1405 697 1455 :unde
710 1406 733 1452 ει
747 1398 850 1464 operatio

37 1506 73 1555 arl
93 1510 165 1565 quam
186 1492 326 1557 applicamus
343 1500 390 1536 rem
411 1484 523 1546 aliquam,
538 1478 621 1528 elicitur
636 1489 691 1525 usus
713 1474 778 1537 ejus,
791 1471 851 1521 sicut

37 1574 152 1638 equitare
167 1570 203 1616 εει
213 1576 268 1613 εεεε
285 1559 351 1623 equi,
369 1560 392 1607 ει
402 1556 520 1621 perculere
534 1553 569 1601 est
579 1562 635 1599 rasus
647 1546 729 1596 baculi.
743 1544 776 1593 ll
792 1556 849 1605 ope·

33 1647 164 1699 rationem
185 1638 262 1686 aulem
285 1630 436 1696 applicamus,
452 1629 475 1673 ει
492 1621 605 1687 principia
625 1617 734 1669 interiora
754 1614 850 1677 agendi,

31 1716 137 1771 scilicet
145 1712 210 1775 ipsas
223 1704 335 1772 potentias
348 1700 439 1758 animm,
453 1696 490 1747 vel
508 1694 608 1744 membra
621 1688 728 1753 mrporis‚
743 1692 770 1737 ul
782 1686 852 1735 intel-

34 1794 133 1841 lectum
145 1784 175 1833 ad
188 1776 373 1841 intelligendum,
386 1775 410 1821 ει
420 1769 510 1834 oculum
518 1768 547 1816 au
555 1765 692 1825 ridendum
704 1764 728 1811 ει
737 1773 774 1809 res
788 1761 852 1808 exle-

31 1863 136 1919 riores,
157 1854 215 1903 sicut
231 1848 338 1900 baculum
351 1845 380 1893 ad
397 1838 578 1906 percutiendum.
594 1834 640 1886 Sed
657 1833 802 1884 manifestum
817 1832 853 1879 est

30 1950 54 1998 q
60 1930 110 1981 ubal
127 1940 166 1977 res
180 1920 304 1974 exteriores
319 1929 365 1966 non
379 1911 519 1977 applicamus
536 1911 564 1959 ad
580 1908 679 1970 aliquam
696 1902 851 1967 operationem

30 2023 52 2056 rr
57 2003 92 2052 isi
110 2013 153 2065 per
164 1992 276 2062 principia
285 1989 416 2044 intrinseca,
429 1996 480 2047 quae
491 1979 657 2044 suacpolemla
667 1976 762 2035 εειιεε,
772 1975 798 2020 ul
809 1973 851 2020 lra-

28 2077 110 2129 luitus
132 2064 303 2135 puteanorum,
317 2065 356 2109 aul
375 2048 473 2119 organa,
489 2065 539 2115 quae
559 2054 612 2099 sunt
625 2046 727 2110 corporis
743 2042 851 2093 membru.

27 2150 176 2201 Osiensum
194 2141 228 2189 εει
241 2137 317 2185 aulem
330 2128 398 2194 supra
410 2131 464 2190 (qu.
476 2130 501 2187 9,
516 2127 559 2173 εει.
571 2123 613 2182 l),
627 2118 688 2182 quod
700 2116 805 2167 uoluntas
818 2115 854 2163 εει

27 2232 101 2286 quae
114 2214 194 2264 morel
205 2206 319 2274 polemius
331 2202 413 2252 anima
426 2198 454 2247 ad
469 2209 523 2247 suos
534 2197 610 2255 aelus,
625 2194 649 2240 ει
656 2192 701 2239 lroc
711 2190 745 2236 εει
755 2186 853 2254 aplicare

26 2303 89 2345 eas
102 2287 133 2336 ad
144 2280 308 2347 operatiorem.
324 2275 388 2325 Unde
398 2268 543 2320 manifestum
555 2261 665 2326 estquod
682 2260 723 2308 ati
738 2254 812 2321 primo
828 2258 853 2305 ει

26 2354 210 2432 principaliter
224 2354 259 2402 εει
276 2344 399 2399 voluntatis
413 2346 519 2405 tanquam
531 2335 600 2401 primi
613 2330 741 2392 mouentis,
761 2327 855 2377 rationis

25 2434 132 2488 autem
149 2432 259 2489 tanquam
274 2416 405 2482 dirigenlis3
420 2414 460 2463 sed
476 2412 571 2461 aliamm
584 2404 733 2470 potentiarum
747 2405 855 2463 lanquam

22 2498 233 2565 exequenlium,
247 2505 296 2556 qua
313 2488 471 2553 comparantur
488 2483 516 2531 ad
531 2480 685 2537 voluntalem,
700 2474 766 2537 aqua
780 2472 855 2536 appli-

21 2578 137 2633 cantur
157 2569 186 2619 acl
203 2565 328 2631 agendum,
345 2560 403 2610 sicul
423 2555 573 2606 instrumenta
592 2550 620 2599 ad
636 2547 760 2612 principale
776 2557 855 2607 ageas.

23 2644 124 2705 :actio
138 2644 214 2692 aulem
225 2634 314 2702 proprie
323 2645 369 2683 nou
379 2627 508 2679 altrilmilur
516 2624 675 2683 iustmmaulo,
685 2620 726 2669 sed
737 2614 857 2681 principali

21 2714 151 2786 agenti,
166 2712 225 2761 sicul
245 2704 362 2759 edificatio
381 2696 523 2757 aedificatori,
536 2705 583 2743 non
602 2696 677 2741 aulem
693 2684 856 2741 instrumentis,

22 2799 51 2847 [j
60 2788 123 2841 nde
137 2782 284 2833 manifestum
297 2772 405 2839 estquod
420 2771 460 2819 uli
473 2765 564 2831 proprie
574 2770 609 2815 εει
622 2756 825 2813 aolusvoluulalis.

82 2858 127 2911 Ad
138 2856 238 2920 primum
248 2864 303 2913 ergo
315 2844 443 2906 dicendum,
457 2839 519 2904 quod
530 2839 599 2887 rollo
612 2838 703 2900 quidem
712 2834 736 2881 in
749 2828 809 2879 aliud
822 2840 860 2876 re·

22 2936 117 2995 fert,
134 2928 176 2979 sed
192 2926 307 2977 volumtas
321 2916 429 2971 tenallia
442 2915 467 2966 ia
481 2912 543 2977 quod
554 2909 626 2964 estin
638 2906 700 2959 uliud
711 2902 810 2954 relatum
818 2910 860 2963 per
