1984 3309
392 140 472 175 lqux.

347 262 473 314 QUAESTIO
487 264 523 305 Xl.

32 366 63 406 lle
74 363 203 416 fruitione,
215 375 265 418 qooe
275 364 309 405 est
320 366 387 404 aetus
401 361 540 414 voluutotis,
558 361 583 402 iu
600 363 703 416 quotuor
717 361 831 403 artico-'os

390 422 475 465 diviua.

31 540 158 580 ,lumuuuus
175 536 193 579 1.
202 535 280 579 Uirum
290 536 336 579 lrui
345 536 372 579 sil
381 540 442 579 99199
450 535 576 591 9999111199
586 537 696 589 polemio.
790 539 831 578 789

81 624 107 631 -
177 598 205 643 11.
220 599 299 643 Uirum
316 599 362 642 frui
371 599 487 641 conveniat
503 602 588 641 1991919
604 599 705 641 99999911
716 610 776 640 9999-

205 666 266 714 1999,
278 674 306 705 99
320 662 385 705 etiam
395 660 528 705 animalibus
538 662 616 705 brulis.
790 665 830 704 788

81 748 107 755 -
178 724 215 768 lll.
227 724 304 767 Ullum
316 724 392 767 fruitio
402 724 430 767 911
440 727 527 765 mulum
537 723 609 765 ullimi
618 724 677 767 fluis.
789 727 831 766 999

80 810 108 819 -
178 786 213 829 lV.
224 786 654 830 111991919911199119919999919199111.
790 792 830 829 799

337 904 464 958 QUAESTlO
479 906 526 949 llll.

149 1002 185 1044 De
196 1000 334 1049 intentione,
346 1000 371 1042 iu
385 1000 489 1055 qui-nque
500 1000 614 1043 ort-imitus
623 1000 706 1044 diuiso.

31 1106 159 1148 ,immotus
179 1104 196 1147 l.
208 1104 286 1147 Uirum
301 1103 393 1146 intenlio
405 1101 774 1157 9119919919191199199,99199199-

204 1168 263 1210 19119,
790 1171 830 1209 791

176 1230 202 1272 ll.
213 1228 292 1271 Utrum
305 1230 396 1271 iuleulio
407 1231 435 1273 sit
446 1236 529 1275 lunium
545 1229 617 1271 ultimi
627 1230 685 1271 [luis.
790 1234 830 1271 796

177 1290 216 1335 lll.
226 1290 305 1334 Ullum
314 1291 395 1345 uliquis
406 1295 473 1348 possit
482 1294 549 1336 simul
559 1292 603 1333 duo
617 1292 738 1334 iulemleuo.
789 1297 829 1335 797

176 1354 214 1397 lV.
225 1353 304 1396 Uirum
321 1355 414 1397 intenlio
423 1356 473 1397 11919
490 1356 585 1397 91119919
596 1360 657 1397 uetus
670 1366 720 1396 cum
731 1366 771 1397 9ο-

203 1416 286 1459 1991919
294 1416 343 1470 ejus
352 1418 412 1469 quod
427 1418 495 1461 991991
506 1418 581 1460 tinem.
790 1421 830 1460 799

177 1479 205 1525 V.
215 1478 293 1521 Uirum
305 1480 398 1521 intenlio
408 1480 523 1523 couveuiul
533 1479 605 1521 brulis
613 1480 753 1522 animalibus.
791 1484 831 1522 899

326 1598 460 1649 Qomsllo
477 1599 539 1643 xlll.

73 1696 106 1737 lie
116 1694 225 1737 electione
234 1704 314 1736 eorum
326 1706 376 1749 quo
385 1696 441 1735 suut
452 1692 571 1749 adfinem,
582 1693 607 1735 iu
620 1706 660 1736 seue
670 1694 783 1737 articulos

389 1755 472 1799 diviso.

34 1859 160 1907 tumemus
180 1854 196 1897 l.
207 1854 285 1897 Ullum
300 1854 377 1898 electio
391 1856 418 1897 sit
435 1859 495 1897 acius
512 1856 691 1907 9919919119,991
710 1857 778 1899 mlio-

204 1918 245 1960 uis.
791 1923 831 1960 802

85 2006 111 2014 -
179 1980 205 2023 11.
215 1978 292 2023 Ullum
303 1982 379 2025 eleolio
389 1980 504 2023 conveniet
512 1980 583 2024 brulis
593 1982 732 2026 animalibus.
793 1986 832 2025 891

84 2068 110 2077 -·
176 2042 215 2087 lll.
225 2044 302 2086 Uirum
313 2044 390 2086 electio
401 2044 430 2087 sii
446 2043 517 2101 solum
529 2054 614 2094 uorum,
625 2055 674 2095 qum
688 2048 741 2085 sunt
750 2044 777 2085 ad

205 2107 281 2159 linem,
290 2118 318 2149 99
328 2108 394 2149 elium
405 2105 540 2159 quandoque
551 2106 619 2159 ipsius
633 2105 692 2148 fluis.
792 2110 831 2147 898

84 2192 110 2200 -
179 2168 215 2212 lv.
231 2168 309 2211 ouum
322 2168 399 2212 9199119
410 2168 438 2211 sit
450 2172 534 2211 tuntum
545 2178 679 2221 eorumquae
692 2180 729 2222 por
740 2180 778 2209 nos

204 2236 307 2283 amisum.
792 2233 832 2275 898

84 2316 111 2325 -
178 2293 204 2335 V.
216 2293 293 2335 Ullum
304 2295 381 2337 eleclio
391 2294 418 2336 sil
427 2295 499 2336 solum
510 2293 656 2347 possibilium.
791 2296 832 2334 899

84 2379 110 2387 -
177 2354 214 2398 vl.
225 2355 303 2398 Uirum
313 2357 380 2399 bomo
390 2362 422 2399 991
432 2356 559 2399 9999991919
569 2355 643 2407 eligat,
653 2366 680 2397 99
691 2356 768 2399 libore.
792 2357 829 2396 811

329 2474 457 2527 QUAESTIO
471 2475 531 2519 XIV.

86 2569 120 2613 De
130 2570 226 2614 comitio
235 2570 297 2626 quod
307 2569 441 2675 9199993999
451 2570 569 2626 procedit,
578 2570 604 2612 in
614 2582 653 2613 sex
663 2571 778 2613 articulus

402 2644 471 2677 19199,

35 2734 162 2774 tumemus
182 2731 198 2773 1.
213 2730 290 2773 Ullum
300 2731 417 2774 consilium
428 2731 457 2773 sil
466 2731 589 2785 inquisitio.
792 2736 831 2773 813

86 2814 113 2824 -
177 2791 205 2834 ll.
216 2790 294 2835 Ulrum
311 2792 427 2835 eonsilium
438 2793 465 2835 sit
475 2793 504 2837 de
513 2792 558 2836 1199
566 2824 573 2845 ,
581 2803 609 2835 an
620 2793 691 2836 solum
700 2793 728 2835 de
742 2793 777 2835 bis

206 2868 254 2909 quae
269 2862 318 2899 suul
330 2856 357 2899 ad
368 2856 442 2899 linem.
791 2861 834 2908 8154
