1984 3309
141 194 188 243 att
329 198 391 240 raas
405 200 427 249 a,
443 198 542 245 numme
553 198 652 250 urm,
670 198 725 235 aar.
738 198 766 235 rr.

140 293 195 343 argo
205 278 268 344 gnon
277 273 527 342 sustentaremus
539 274 631 339 cognita
642 275 667 325 in
679 282 833 339 cognoscente
843 278 943 332 existere

141 366 187 403 nnn
195 348 351 414 materialiter,
364 350 404 401 sed
414 348 488 411 magis
495 347 686 398 immaterialiter.
699 350 730 396 nt
742 348 814 413 hujus
825 350 887 401 natio
899 357 944 412 est,
979 366 980 427 r

140 423 196 487 qnia
206 425 271 492 aetna
283 419 420 485 cognitionis
429 432 455 470 se
468 418 572 469 extendit
580 420 607 469 ed
616 432 703 481 eaque
712 424 838 471 santertra
848 434 945 487 rognos-
979 428 980 431 ’

137 497 244 554 eentem;
258 493 418 557 eognoseimus
427 491 490 541 enim
504 490 575 543 etiam
585 502 613 541 ea
622 501 673 553 qnae
691 494 756 541 extra
769 506 813 542 nos
824 498 893 559 sunt;
906 510 946 559 per

140 566 260 617 materiam
267 569 344 617 autom
355 563 518 616 determinatur
530 563 601 613 forma
612 562 647 613 rei
657 563 685 613 ad
695 563 781 627 aliquid
789 578 873 617 unum.
883 570 946 619 Unde

142 638 289 689 manifestum
300 640 343 700 est,
353 635 413 700 nube
424 633 481 686 ratio
493 632 633 697 cognitionis
641 648 671 684 en
680 636 784 699 opposite
795 650 820 687 se
834 640 908 691 babet
920 642 945 691 nd
980 686 981 707 g

141 709 255 761 nationem
268 706 480 761 materialitatisltt
491 706 555 766 ideo,
567 719 618 770 que
627 719 672 756 uon
682 706 797 770 resipiant
805 710 896 762 termas
904 712 946 761 nisi

143 782 294 836 materialium
309 781 374 831 nullo
391 780 458 831 modo
475 783 530 830 snut
547 778 713 843 mgnoseitira3
729 780 788 829 sieut
804 782 909 848 planta,
924 788 947 833 ut

144 851 228 905 dicitur
240 854 266 903 in
278 853 307 903 11.
321 852 362 901 lib.
374 852 412 901 De
422 852 510 900 naimo
523 851 589 916 (text.
600 848 664 913 lati.
673 849 762 909 Quanti
773 856 852 903 antem
864 856 947 920 aliquid

145 923 317 977 immaterialis
334 923 404 975 babet
416 922 510 974 termam
524 922 558 973 rei
570 922 683 987 cognita,
698 922 761 973 tento
775 925 904 987 perfectius
914 941 948 978 eo

145 998 241 1061 gnossia.
256 997 321 1048 Unde
334 999 358 1045 et
367 995 511 1057 intellectus,
523 994 563 1059 qui
579 994 689 1045 abstrahit
698 996 799 1059 speeiem
812 1010 863 1049 non
879 998 949 1050 solium
981 1005 982 1045 ἢ

146 1069 280 1132 amanda,
292 1068 414 1119 sedetiam
428 1064 609 1118 dmaterialibns
619 1066 788 1119 mundilionibus
801 1069 950 1122 individnan-

146 1142 222 1204 tibus,
234 1138 360 1204 perfeetids
377 1138 492 1201 oognoasit
509 1152 576 1203 mam
589 1152 684 1204 sensis,
697 1139 736 1203 qui
753 1140 839 1204 ancipit
855 1144 949 1203 tormen

147 1214 180 1264 nei
194 1212 290 1277 cognite
302 1212 353 1263 siue
362 1210 457 1262 matoria
469 1210 569 1275 quidem,
581 1212 621 1262 sed
634 1225 685 1261 sum
699 1213 860 1265 materialibus
872 1216 949 1267 eondi-

149 1284 258 1337 tiouibus.
270 1285 300 1335 nt
311 1284 371 1335 inter
383 1282 447 1349 ipsos
459 1296 541 1335 sensus
553 1285 622 1333 nimae
636 1286 671 1333 est
684 1283 756 1346 magis
771 1286 949 1350 eognosnitinns
982 1324 983 1347 i

148 1358 202 1422 qnia
216 1353 478 1418 estminnsmaterialis,
488 1359 515 1406 nt
526 1368 594 1419 supra
604 1355 735 1405 dictumest
745 1356 794 1420 (gn.
807 1362 849 1419 78,
863 1364 907 1409 art.
919 1362 948 1419 a).
982 1348 983 1363 ¹

148 1432 178 1479 lit
190 1430 250 1480 iuter
260 1430 324 1493 ipsus
333 1427 548 1488 intellectualem
562 1426 658 1489 quilibet
669 1430 703 1477 est
712 1428 836 1493 perfectior
842 1468 851 1493 ,
868 1436 950 1497 quanto

150 1501 329 1553 immaterialior.

180 1576 214 1625 Ex
227 1574 265 1623 bis
281 1586 336 1635 ergo
348 1573 425 1635 natet,
435 1569 496 1633 mrbd
515 1570 536 1620 si
549 1569 631 1635 aliquis
646 1570 776 1622 intellectus
792 1578 845 1636 est,
860 1575 904 1639 qni
915 1587 953 1639 per

151 1645 276 1698 essentiam
289 1655 353 1695 auam
366 1642 483 1705 eognoseit
500 1642 589 1706 omnia,
603 1647 693 1707 erpone
705 1642 765 1707 qnbd
780 1647 886 1698 essentia
906 1648 952 1711 etus
983 1642 984 1695 i

151 1718 234 1768 babeat
250 1717 276 1766 iu
291 1729 316 1765 se
338 1713 519 1765 immaterialiter
533 1714 625 1779 omnia,
643 1715 703 1765 deut
718 1716 806 1780 antiqui
826 1720 953 1781 posueruut

152 1788 276 1842 essentiam
285 1784 366 1837 animm
380 1788 433 1835 antu
443 1786 589 1849 componier
601 1785 720 1851 pmnoipiis
730 1786 832 1837 omnium
844 1790 954 1840 materia-

152 1862 218 1924 linm,
232 1862 259 1909 ut
268 1860 414 1921 cognosceret
426 1857 512 1907 omnia.
527 1858 575 1909 llos
588 1861 665 1908 autem
678 1862 713 1908 est
727 1859 847 1923 proprium
863 1861 918 1925 Dei,
932 1864 954 1909 ui

70 1980 80 1997 ,
153 1947 195 1987 sua
208 1931 308 1983 essentia
323 1930 354 1981 sit
366 1930 544 1982 immaterialiter
557 1930 743 1994 comprehensiva
756 1934 873 1996 omnium,
889 1938 954 1999 prout

154 2006 251 2059 effeetus
268 2003 351 2054 virtute
368 2002 518 2067 presumunt
529 2002 554 2051 in
568 2015 644 2052 eausa.
665 2002 732 2052 Solus
749 2003 821 2066 igitur
839 2008 904 2057 bens
918 2020 955 2070 prr

154 2076 278 2129 essentiam
291 2088 356 2126 auam
370 2073 447 2126 omnia
462 2072 581 2137 iutelligit3
594 2088 640 2125 non
660 2078 736 2124 numm
751 2074 828 2127 anima
839 2080 954 2137 bumana,

155 2164 230 2214 neque
243 2149 313 2199 etiam
324 2148 426 2211 angelus.

188 2223 222 2272 ld
231 2221 328 2287 primum
339 2233 395 2282 ergo
402 2218 532 2281 dicendum,
545 2216 604 2281 quid
615 2216 758 2281 Augustinus
770 2218 804 2268 ibi
815 2220 919 2285 loquitur
932 2223 956 2272 de

157 2293 245 2345 visione
261 2291 407 2357 imaginaria,
429 2303 478 2354 qum
494 2289 520 2338 nr
536 2302 579 2352 per
594 2289 704 2351 imagines
720 2302 856 2355 eorpornm3
877 2294 957 2358 quibus

158 2366 297 2430 imaginibus
308 2362 432 2415 formandis
441 2362 481 2411 dat
494 2360 570 2411 anima
584 2361 667 2425 aliquid
682 2374 728 2413 sua
739 2363 891 2429 substantie,
903 2366 957 2416 sient

158 2439 284 2503 subjeetum
295 2437 359 2487 datm
371 2438 397 2485 ut
409 2434 543 2484 intormetur
552 2446 594 2498 per
606 2434 705 2497 aliquam
715 2433 821 2485 formam.
837 2438 869 2487 ut
883 2438 916 2489 sic
931 2438 956 2487 de

158 2510 234 2575 seipsa
247 2508 301 2558 lacit
312 2504 443 2571 hujusmodi
453 2504 578 2569 imagines3
592 2518 637 2555 nnn
647 2504 710 2569 qudd
720 2505 796 2555 anime
803 2544 811 2570 ,
821 2510 860 2559 rel
876 2508 956 2572 aliquid

158 2582 241 2633 anima
255 2581 399 2630 eonvertatur
411 2580 437 2627 ut
452 2577 543 2626 sithen
554 2578 591 2625 vel
603 2575 642 2625 illa
654 2576 742 2641 imago,
755 2579 795 2627 sed
805 2578 867 2630 sieut
877 2579 956 2631 dieitur

158 2655 187 2703 de
201 2664 294 2715 corpore
303 2648 353 2699 fieri
365 2647 449 2712 aliquid
463 2648 599 2710 coloratum,
610 2651 677 2710 prout
687 2648 822 2699 informatur
835 2651 920 2707 colore,
931 2650 956 2698 nt

159 2723 197 2775 bie
215 2734 296 2773 sensus
313 2723 408 2784 apparet
426 2733 455 2769 ex
474 2718 511 2769 his
527 2732 577 2781 quae
594 2722 726 2782 sequuntur.
742 2720 800 2770 nisit
819 2723 884 2772 enim
900 2720 956 2785 qubd

161 2812 176 2843 a
188 2797 264 2844 serrat
276 2792 373 2855 abque,
384 2809 398 2840 n
410 2790 496 2843 setliset
508 2802 555 2840 nou
564 2789 686 2841 formatum
697 2791 737 2841 tali
747 2792 864 2857 imagine,
877 2812 892 2843 α
901 2790 956 2858 quid

159 2864 231 2917 liberi
245 2864 273 2915 de
288 2864 363 2929 speeie
376 2864 456 2915 talium
468 2862 592 2925 imaginum
601 2861 700 2927 judicet3
715 2880 729 2911 n
745 2868 768 2915 et
782 2866 826 2915 bno
840 2866 896 2917 dieii
910 2876 956 2915 esse

162 2939 270 2989 meatem
282 2937 320 2987 vel
336 2936 499 2987 intellectum.
513 2934 603 2984 Partem
614 2936 691 2987 auum
704 2950 755 3001 que
769 2935 904 2989 informatur
917 2938 955 2987 bu-
