1984 3309
143 152 189 202 blo
323 157 383 195 anns
399 158 422 202 1,
438 155 534 199 onaan.
552 154 638 202 cxxxi,
654 153 710 191 aar.
727 154 764 191 ιιι.

141 234 258 287 munira
265 233 385 298 partis(1).
394 230 619 285 trorcr'tr'lr'aauteur
628 232 652 280 ct
661 229 868 295 coruopr‘acibr'lr'r
875 229 946 293 magis

142 306 262 359 nominant
271 304 406 357 sanativum
413 304 593 368 ‚appetitumex
604 306 668 367 parts
680 307 745 353 actus
758 302 787 355 acl
798 316 868 366 quam
875 303 947 353 iudu-

143 382 223 429 cuutur
236 392 265 427 cx
279 377 377 437 ratione,
390 380 417 425 ut
429 376 517 426 dictum
532 380 567 425 est
580 376 633 441 (art.
646 379 660 425 l
676 378 699 425 at
713 374 748 437 Ω).

174 450 208 499 ld
219 449 344 501 secuudum
355 448 489 511 moenitum,
501 446 562 510 quid
577 446 636 497 sicui
648 446 804 510 Philosophus
818 445 875 497 dicit
890 446 915 496 iu
928 447 944 495 l.

143 520 312 571 Politicorum
329 520 391 583 (cap.
409 518 448 582 3),
466 518 637 581 «estquidam
653 517 677 567 in
692 516 786 567 animali
800 518 949 581 contemplari

143 596 167 642 ct
180 591 363 655 despoticumffl)
377 588 530 654 principatum
549 592 573 639 ct
590 590 718 654 politicum.
731 606 746 635 a
757 588 842 641 anima
858 590 948 654 quidem

143 662 234 727 corpori
243 662 370 712 dominatur
380 660 496 725 despotico
506 660 643 725 principatu,
650 661 780 713 intellectus
789 666 870 712 numm
882 675 949 726 appe-

144 735 205 798 titui,
223 734 316 798 politico
326 736 351 784 ct
365 734 445 796 regali.
459 732 546 783 Dicitur
559 733 622 783 cuim
635 734 781 799 despoticur
797 732 948 797 principatus,

147 820 193 870 qno
206 806 288 870 aliquis
304 806 450 870 principatur
464 804 552 868 servu,
566 806 606 869 qui
617 819 663 857 nou
679 806 765 855 babent
779 805 915 857 facultatem
928 806 949 855 iu

143 877 221 941 aliquo
236 877 358 930 wsistcnti
369 877 466 942 imperio
480 876 648 941 precipientis,
660 876 714 941 qiua
732 877 789 927 uiln'l
806 876 845 929 sui
855 878 948 931 babent

144 949 288 1014 Principatus
305 953 383 999 autem
399 948 523 1011 politicus
542 953 566 999 ct
583 948 851 1014 requisierimus
870 948 951 1013 aliquis

144 1021 286 1086 principatur
303 1019 392 1084 liboris,
410 1019 452 1083 qui
466 1020 511 1071 etsi
529 1021 654 1073 subdantur
672 1020 780 1084 regimini
794 1022 951 1086 presidentis,

145 1098 222 1144 umen
240 1093 327 1145 habeut
345 1091 432 1156 aliquid
446 1093 565 1156 proprium
579 1107 608 1143 ex
620 1097 771 1157 quopossuut
788 1092 860 1143 reniti
873 1091 951 1159 praci-

145 1164 229 1229 picntis
238 1164 343 1229 imperio.
358 1164 398 1214 Sic
408 1162 478 1227 igitur
488 1165 567 1215 anima
580 1164 709 1215 dominatur
719 1165 811 1228 corpori
821 1164 951 1229 despoticc

143 1238 302 1301 prr'uciputu,
317 1234 373 1301 quia
384 1234 488 1299 corporis
501 1237 602 1287 membra
615 1236 641 1287 iu
653 1237 716 1287 nullo
729 1236 839 1289 resistere
855 1238 950 1300 possunt

145 1307 242 1373 imperio
259 1308 366 1371 anime„
380 1307 422 1357 scd
440 1306 519 1357 subm
542 1308 570 1357 ad
592 1307 720 1372 appetitum
738 1306 823 1359 animan
850 1312 953 1371 movetur

146 1393 245 1442 rnauns,
260 1385 283 1431 ct
294 1394 350 1444 pos,
364 1382 390 1430 ct
401 1378 519 1442 quotlibet
533 1378 675 1442 membrum,
690 1378 751 1441 quod
764 1382 846 1429 natum
860 1384 898 1431 est
908 1391 953 1428 ruo

145 1452 195 1503 reri
207 1453 335 1506 voluntario
347 1456 418 1502 motu.
433 1452 567 1501 mielloctns
576 1455 653 1501 autem
664 1465 706 1502 seu
719 1451 777 1503 ratio
789 1452 879 1503 dicitnr
891 1451 953 1517 prin·

146 1525 218 1589 cipari
234 1524 344 1576 irascibili
362 1528 385 1575 ct
403 1522 577 1587 concupiscibili
596 1523 702 1591 politico
718 1525 885 1587 principatu,
904 1524 954 1588 qnia

147 1596 264 1661 appetitus
276 1595 390 1647 sensibilis
403 1596 473 1647 babet
484 1594 571 1659 aliquid
582 1595 711 1661 proprium,
727 1596 788 1647 unde
798 1600 878 1660 potest
887 1595 955 1647 -rcniti

147 1667 243 1731 impario
258 1668 368 1731 rationis3
380 1671 496 1717 natusest
511 1668 573 1719 cuim
585 1667 672 1719 moveri
685 1667 805 1733 appetitus
819 1668 953 1725 muninus,

147 1752 196 1791 nou
215 1740 289 1789 solum
303 1740 332 1791 ab
345 1738 482 1790 astimatira
493 1738 521 1789 iu
536 1741 587 1793 aliis
603 1736 754 1803 animalibus,
769 1744 794 1791 et
807 1738 821 1803 tr
832 1740 955 1805 cogitatio

146 1810 173 1861 in
186 1810 280 1861 bomine
290 1850 296 1873 ,
308 1825 376 1883 quam
394 1811 471 1875 dirigo
484 1812 619 1868 universalis
636 1812 707 1876 ratio,
720 1813 761 1863 scd
775 1812 847 1868 etiarn
859 1813 892 1865 ab
901 1813 955 1863 ima-

148 1883 251 1948 ginativa
265 1890 288 1937 et
298 1899 378 1937 sensu.
397 1886 462 1936 Uudc
477 1886 606 1951 experimru
618 1885 767 1949 irascibilem,
782 1885 820 1938 vel
835 1886 956 1950 concupis·

148 1955 238 2007 cibilcm
260 1956 344 2007 rationi
360 1970 500 2022 repugnare,
515 1972 558 2022 per
570 1961 614 2009 boc
630 1960 689 2021 quod
703 1958 830 2020 scutimus,
845 1958 885 2008 uel
899 1959 957 2007 ima-

147 2028 253 2089 ginamur
271 2030 362 2093 abquot
383 2030 533 2089 delectabile,
556 2030 616 2094 quod
637 2029 695 2079 ratio
719 2032 792 2085 rotat,
816 2030 854 2079 uel
875 2030 955 2089 triste,

147 2102 209 2167 quoi
224 2102 282 2153 ratio
295 2102 409 2167 proripit.
426 2104 457 2152 Et
475 2100 508 2152 sic
523 2116 564 2166 per
583 2102 627 2153 boo
644 2102 703 2165 quod
720 2097 840 2151 irascibilis
856 2104 881 2151 et
898 2116 956 2152 eon-

147 2174 288 2238 cupiscibilis
299 2174 326 2224 in
339 2174 416 2238 abquo
432 2174 517 2224 rationi
529 2176 670 2238 repugnant,
688 2185 734 2223 non
752 2172 886 2223 excluditur
899 2173 954 2237 quin

149 2244 173 2295 ei
184 2246 303 2296 obediant.
725 2284 728 2291 ι

178 2316 211 2365 ad
223 2316 315 2367 aarum
331 2314 543 2379 claromonti
557 2328 640 2367 sensus
656 2315 781 2367 exteriores
796 2316 905 2379 indigent
928 2312 955 2364 ad

147 2398 200 2437 suos
211 2391 275 2437 actus
288 2383 440 2440 exterioribus
457 2386 615 2450 sensibilibus,
629 2388 712 2453 quibus
724 2388 881 2452 immutentur,
899 2400 954 2451 quo

149 2474 199 2512 rum
207 2459 333 2523 prasentia
343 2472 389 2509 nou
398 2461 587 2525 estinpotcstatc
597 2461 699 2514 rationis.
709 2461 753 2511 Sat
763 2460 824 2511 uiros
832 2460 954 2511 interiores

149 2534 197 2581 taur
210 2529 343 2595 appetitiva
355 2530 423 2595 quan
436 2524 614 2596 apprehensira'
625 2546 671 2583 non
682 2532 786 2595 indigent
799 2530 951 2582 exmnoribus

186 2685 216 2748 tl)
230 2686 288 2733 auu
302 2692 403 2732 manwen
411 2700 453 2745 per
459 2669 593 2735 illecebram
606 2688 730 2744 quamdmn
742 2688 851 2735 reducere
862 2692 887 2733 ut
902 2689 951 2733 Au·

153 2751 257 2808 gostinus
270 2750 303 2795 ibi
317 2750 425 2807 explicat.

186 2819 218 2883 (Ξ)
240 2824 287 2872 lta,
299 2832 373 2878 groco
390 2815 544 2885 incurristi,
563 2816 625 2881 quod
648 2824 761 2883 significat
779 2824 950 2881 pumicosum

153 2892 332 2938 mamam
344 2904 399 2949 erga
411 2906 504 2949 serron
518 2900 544 2939 ut
554 2899 579 2941 et
592 2906 647 2941 mox
660 2898 795 2954 captionem.
876 2912 879 2926 ι
