1984 3309
131 225 177 280 tlt
299 234 359 279 asts
376 235 397 292 r,
415 226 506 287 obnsr.
523 234 646 290 aunem,
663 237 718 278 nnn.
736 238 763 278 rr.

426 399 587 452 de'ICULUS
601 398 630 450 h.

136 517 222 565 Utriem
238 517 371 565 intellectus
389 521 470 564 mater
484 531 529 575 per
542 516 701 575 cognitivum
714 528 798 562 rerum
815 516 933 563 materia·

159 582 218 627 Eum
227 582 300 639 possit
308 582 431 640 parvenire
444 582 476 627 nd
485 581 671 639 emetiendam
684 580 838 627 remmom
845 583 934 627 mm·

160 648 263 692 teriales.
527 654 531 657 ’

164 758 198 809 hd
210 758 333 810 secundum
347 756 380 808 sic
388 754 525 822 proceditur.
535 755 631 807 Videtur
642 754 702 820 qudd
715 747 849 808 intellectus
860 760 936 811 noster

133 842 175 895 per
187 832 341 895 cognitionem
353 842 428 881 rerum
438 829 590 881 materialium
603 830 675 895 possit
688 830 812 893 peruenire
828 831 857 881 ad
868 830 938 882 intel-

133 900 247 965 ligendurn
271 901 409 953 substautias
434 902 606 953 immateriales.
631 901 691 951 Dicit
713 901 776 952 enim
794 902 937 967 Dionysius,

135 974 153 1022 1.
164 973 224 1023 Coel.
236 974 311 1033 hieu,
325 970 386 1037 qudd
396 990 410 1021 «
418 987 464 1024 non
475 976 510 1023 est
522 972 630 1039 possrbile
647 973 754 1025 humanae
768 973 844 1025 menti
854 974 885 1025 ad
898 974 940 1025 im

135 1044 273 1095 materialem
284 1044 346 1095 illam
358 1058 448 1095 sursum
459 1044 553 1095 excitari
561 1044 687 1095 celestium
695 1043 879 1095 hierarchiarum
889 1059 941 1096 con·

135 1115 366 1180 temphtionem‚uisi
374 1116 527 1167 secundhmse
532 1116 645 1167 materiali
651 1115 829 1168 manuductione
834 1120 940 1169 utatur.»

136 1186 280 1251 Relinquitur
293 1200 347 1251 ergo
366 1186 425 1253 qudd
439 1201 481 1251 per
496 1188 624 1240 materialia
639 1187 761 1238 manuduct
773 1201 902 1252 possumus
915 1190 942 1241 ad

133 1256 307 1321 intelligendum
319 1258 457 1309 substautias
468 1259 640 1311 immateriales.

167 1334 191 1379 2.
207 1333 337 1395 Praeterea,
351 1330 447 1381 scientia
461 1335 497 1381 est
509 1330 534 1381 in
546 1331 671 1382 intellectu.
682 1330 729 1383 sed
743 1329 849 1385 scientie
863 1338 890 1387 et
901 1333 944 1387 dil-

136 1398 250 1453 finitiones
261 1406 314 1451 sunt
324 1402 351 1452 de
365 1400 499 1452 substantiis
512 1401 712 1467 immaterialibus;
724 1402 809 1455 diilinit
821 1405 886 1459 enim
902 1408 944 1457 lta-

136 1486 257 1525 mascenus
269 1475 383 1538 angelum,
395 1477 418 1525 et
432 1474 460 1525 de
473 1473 560 1538 augelis
574 1474 650 1539 aliqua
661 1476 799 1528 documenta
810 1478 943 1540 traduntur,

135 1550 182 1596 tam
195 1547 220 1596 in
233 1546 366 1611 theologicis
377 1545 445 1609 quim
456 1546 480 1596 in
488 1545 652 1611 philosophicis
663 1546 798 1611 disciplinis.
813 1550 876 1618 Ergo
891 1552 945 1603 sub·

137 1618 225 1669 stantis
241 1617 401 1669 immateriales
416 1617 515 1683 intelligi
525 1622 619 1683 possunt
633 1617 647 1669 t
659 1619 735 1670 nobis.

170 1696 192 1741 3.
207 1692 336 1754 Praeterea,
351 1689 427 1741 anima
442 1692 542 1742 humana
561 1695 596 1741 eat
614 1692 641 1742 de
662 1705 746 1755 genere
763 1692 946 1748 substantiarum

138 1762 328 1813 immaterialium.
352 1760 398 1812 Sed
417 1760 467 1826 ipsa
487 1762 584 1828 intelligi
603 1766 678 1828 potest
695 1763 791 1815 anobis
808 1773 946 1831 peractum

137 1848 218 1896 suum,
233 1847 277 1899 quo
289 1832 395 1897 iutelligit
405 1833 540 1885 materialia.
550 1836 610 1900 lirgo
619 1839 643 1886 et
657 1835 706 1887 aliae
718 1836 853 1891 substantie
863 1839 947 1892 imma-

137 1905 229 1956 teriales
244 1904 342 1971 intelligi
361 1910 457 1971 possunt
473 1906 486 1958 'a
503 1907 569 1959 nobis
586 1920 628 1973 par
646 1922 699 1959 suos
715 1908 812 1959 eliectus
830 1908 857 1961 in
876 1914 947 1964 rebus

138 1978 300 2029 materialibus.

171 2054 193 2103 t.
209 2050 335 2114 Praeterea,
347 2048 386 2101 illa
398 2050 445 2103 sola
460 2064 528 2103 causa
543 2066 585 2119 per
601 2064 656 2105 suos
670 2052 765 2105 eiectus
779 2056 949 2120 comprehendi

139 2136 185 2175 non
197 2126 271 2189 potest
280 2162 287 2186 ,
295 2136 345 2188 quae
355 2123 380 2173 in
388 2124 504 2175 inlinitum
513 2124 581 2176 distat
590 2124 603 2176 i
611 2125 659 2177 suis
670 2127 799 2177 effectibus.
809 2128 859 2179 lloc
869 2135 949 2181 autem

139 2194 209 2246 solius
225 2195 265 2247 Dei
285 2200 321 2247 est
336 2194 461 2261 proprium.
483 2197 544 2261 Ergo
558 2198 608 2249 alie
632 2198 766 2250 substantie
783 2198 949 2255 immateriales

139 2268 219 2318 creatae
231 2266 328 2331 intelligi
341 2272 436 2331 possunt
453 2266 466 2317 h
482 2268 548 2319 uobis
564 2284 606 2335 per
618 2284 655 2321 res
668 2270 807 2323 materiales.

170 2339 216 2390 Sed
230 2343 309 2390 contra
320 2343 368 2401 est,
382 2342 443 2405 qnod
453 2340 576 2406 Dionysius
591 2343 659 2406 dicit,
672 2344 692 2395 Ι.
706 2358 756 2409 cap.
768 2342 808 2401 De
822 2344 878 2396 dtu.
899 2348 949 2398 Ne

141 2412 219 2473 atim,
235 2411 294 2477 qudd
309 2428 323 2461 u
337 2412 481 2463 sensibilibus
494 2412 656 2479 intelligibilia,
669 2417 692 2466 et
705 2416 839 2479 compositis
857 2419 950 2484 simpli·

140 2482 189 2548 cla,
203 2488 226 2535 et
236 2482 388 2548 corporalibus
401 2485 552 2549 incorporalia
564 2487 704 2551 apprehendi
717 2501 764 2539 uon
776 2495 885 2553 possunt.
902 2510 918 2539 »

173 2554 432 2621 (concinno-Em
441 2556 554 2621 quidditas
565 2559 739 2623 immaterialis,
751 2573 820 2624 quam
832 2561 950 2615 abstrahit

141 2627 269 2679 intellectus
278 2630 354 2677 noster
368 2624 381 2675 h
395 2629 644 2693 materia,sitomnino
654 2632 746 2682 alterius
758 2631 859 2684 rationis
868 2632 883 2685 i
893 2636 949 2687 sub

141 2700 231 2752 stuntiis
246 2698 448 2762 immaterialibus,
461 2714 507 2751 non
521 2714 643 2765 possumus
661 2718 702 2768 per
718 2703 860 2756 substantias
874 2712 950 2762 mate·

141 2772 209 2823 riales
219 2768 320 2836 perfecit
331 2768 469 2823 substantias
479 2772 639 2825 immateriales
649 2774 802 2840 intelligere.)

173 2840 306 2907 despondeo
327 2840 464 2909 dicendum,
479 2845 541 2909 qudd
553 2844 615 2897 sicut
628 2847 755 2899 hverrhoes
769 2853 848 2900 narrat
862 2849 889 2900 in
908 2852 947 2902 lll.

142 2916 278 2965 Deoniana
298 2912 371 2977 (text.
392 2913 451 2979 36),
466 2917 559 2980 quidam
573 2917 723 2984 (Auempace
741 2919 851 2986 nomine)
872 2923 951 2988 posuit

143 2986 205 3051 qudd
214 2999 256 3050 per
265 2983 406 3036 intellectum
415 2987 593 3039 substantiarum
600 2991 750 3043 materialium
761 2993 885 3057 peruenire
893 3009 949 3061 pos-
