1984 3309
94 180 126 220 nn
137 181 232 221 munia.
246 182 328 221 nure
341 183 428 222 sanan
442 182 559 229 (ormano
574 183 607 223 ao
621 183 758 225 scinnrrarr.
784 176 831 226 tot

36 258 77 311 teri
95 259 254 310 necessitatem
272 260 382 325 peceanffi
400 259 530 324 inennnnt,
546 263 572 311 ut
584 261 613 313 at
628 261 742 328 justitiam
756 265 830 317 redire

37 345 81 382 non
94 331 201 396 possint:
217 333 278 397 qood
290 336 326 383 est
337 331 428 382 tantini
440 332 593 384 indamnatis.
609 333 673 385 Unde
686 348 729 386 nee
744 335 775 386 ita
790 350 830 388 ne·

37 404 161 455 cessitatem
170 417 216 455 non
223 404 334 468 pensandi
340 403 505 455 transmisisset
512 404 540 455 ad
552 406 729 471 posteronquoo
736 409 830 461 omnino

38 489 125 538 pensare
137 488 185 526 non
196 479 292 540 ponent
307 491 313 524 :
328 475 389 540 quot
403 478 438 527 est
449 475 540 542 tantini
553 476 578 526 in
591 477 672 530 beatis.

64 547 96 598 td
108 550 214 612 qnartm
226 547 361 609 dicendum,
376 547 438 611 quoa
450 559 498 599 non
516 551 552 599 est
564 548 638 600 simite
651 551 679 601 de
696 551 789 602 homine
806 553 831 602 et

36 617 121 682 angeio.
135 616 194 669 Nam
204 619 274 669 homo
282 618 354 669 habet
368 619 464 670 liberum
477 619 597 670 arbitrium
608 620 727 683 vertibile,
742 626 766 674 et
777 627 830 674 ante

33 690 164 742 eteetionenr
181 693 205 740 et
218 693 285 754 post;
301 695 439 741 nouantem
452 691 561 754 angelus,
580 691 639 742 sient
654 693 723 758 suprt
741 694 826 746 dietum

36 766 66 811 est
75 799 81 823 ‚
91 762 143 813 einr
156 763 185 814 de
198 762 288 826 angelis
297 766 410 827 ageretur.

376 941 480 954 ss

317 1099 483 1170 tuniolo
501 1101 543 1167 ol.

36 1250 67 1298 De
82 1253 224 1302 inditione
236 1252 318 1312 protis
334 1252 480 1310 genum
503 1257 621 1312 ouantem
637 1255 670 1302 od
689 1259 830 1310 antennam,

259 1325 289 1372 iu
299 1323 360 1370 dent
372 1325 492 1370 ortieutor
505 1325 594 1373 dinuo.

61 1467 143 1518 Deinde
163 1464 355 1517 considerandum
366 1467 402 1516 est
419 1465 448 1517 ‹te
459 1465 593 1518 conditione
608 1467 678 1532 prolis
696 1471 829 1533 generante

35 1543 137 1602 quanm
147 1539 179 1590 ad
191 1535 320 1590 seientiam.

60 1611 154 1662 Eteirea
162 1612 210 1661 hoe
221 1612 354 1673 queruntur
363 1608 426 1660 tuo:
441 1613 468 1659 1ο
478 1609 558 1662 Uiriato
567 1611 632 1676 pueri
648 1619 793 1666 nasoerentur
806 1616 829 1666 in

34 1681 122 1733 seientia
133 1681 245 1748 perfecti.
260 1685 288 1730 2⁰
301 1679 381 1732 Utrtrm
389 1682 468 1732 statim
477 1685 530 1748 post
545 1683 687 1736 nativitatem
698 1687 831 1740 habuissent

35 1754 154 1815 peoeetnrn
163 1766 235 1804 nsum
248 1752 352 1804 utonis.

334 1906 493 1959 nouenos
508 1908 527 1957 1.

57 2024 140 2069 Utrum
154 2025 183 2067 tre
193 2025 261 2076 statu
270 2022 408 2071 innocentio
417 2036 487 2142 §nain
499 2023 660 2079 oretisoisnerrt
669 2025 695 2068 ire
704 2025 803 2070 aeternio

379 2098 421 2142 per
432 2099 456 2131 ec
467 2101 485 2132 ι.

60 2207 92 2257 nd
105 2207 210 2272 primum
221 2204 255 2254 sie
266 2204 394 2269 proceditur
407 2205 451 2268 (t).
463 2205 558 2256 Videtur
572 2205 632 2270 qratid
645 2205 668 2256 io
687 2209 749 2256 statu
764 2206 830 2260 inno·

34 2278 107 2329 sentin
116 2278 187 2344 oneri
198 2275 248 2326 nati
258 2275 355 2327 tuismt
365 2277 390 2326 in
400 2276 495 2326 seientia
507 2277 609 2340 perfecti.
624 2276 700 2336 Qualis
713 2278 774 2328 enirn
787 2279 830 2331 ttrit

33 2348 107 2411 tiano
117 2349 179 2400 tales
193 2346 255 2398 titios
271 2351 411 2410 generasset.
427 2347 473 2398 Sed
486 2348 557 2398 tetam
570 2348 615 2398 tuit
628 2347 653 2396 in
668 2347 763 2399 seientia
779 2364 830 2414 per-

34 2421 114 2485 teetrn,
127 2425 157 2471 nt
170 2419 337 2484 supradictum
347 2423 384 2470 est
397 2420 452 2484 (qu.
463 2424 506 2481 et,
521 2423 563 2470 art.
576 2422 614 2485 3).
628 2421 686 2485 Ergo
699 2421 739 2472 tilii
753 2436 830 2476 nasce-

33 2497 103 2542 rentur
115 2494 187 2543 abeo
201 2490 331 2542 inscientia
343 2491 447 2554 pennoti.

59 2569 82 2614 2.
96 2567 230 2626 Praeterea,
245 2562 370 2626 ignorantia
382 2577 411 2614 ex
420 2568 514 2628 peooeto
525 2566 642 2627 causatur,
657 2568 684 2615 ut
694 2567 754 2618 Beda
765 2567 828 2618 dicit.

34 2634 71 2684 Sed
80 2635 211 2699 ignorantia
221 2637 258 2685 ent
267 2634 366 2698 privatio
375 2635 484 2686 seientin.
496 2637 554 2699 Ergo
566 2640 618 2686 ante
632 2640 750 2702 peecatum
764 2639 831 2702 pueri

36 2719 81 2757 nox
91 2708 141 2759 nati
151 2720 248 2759 omnem
263 2705 381 2757 seientiam
389 2706 532 2758 habuissent.

65 2851 95 2914 (t)
108 2857 142 2902 Ite
154 2854 273 2900 &setiam
284 2854 305 2912 1,
314 2852 392 2903 Soet„
406 2853 460 2898 dist.
471 2853 511 2912 tt),
527 2865 566 2910 qn.
578 2855 606 2912 2,
619 2860 664 2900 ert.
676 2853 690 2900 3
701 2855 728 2900 nd
740 2853 754 2898 5
768 2859 792 2900 et
801 2853 827 2908 ⁷3

35 2917 127 2964 ntette
135 2918 210 2978 mato,
221 2930 262 2976 qn.
270 2915 295 2976 5,
307 2920 352 2964 art.
362 2915 378 2960 t
388 2916 416 2963 nd
426 2916 451 2971 ὓς
471 2923 496 2963 et
511 2916 636 2977 Quodtit„
649 2921 680 2978 V,
695 2929 736 2975 qn.
746 2915 770 2962 5.
