1984 3309
112 208 144 243 na
161 203 242 243 onuun
259 202 370 239 eumenus
382 202 502 248 ‚oueuuuu
517 203 550 241 bn
565 204 682 247 eobanum
700 208 767 244 nunu.
817 200 849 244 en

35 286 84 333 lesti
92 282 188 347 corpori
197 294 246 331 non
258 280 370 336 uniretur.
384 276 531 343 Relinquitur
539 292 593 343 ergo
604 279 667 344 qnbd
675 286 768 347 propter
778 283 852 335 solam

34 354 168 404 bublionem.
189 354 225 403 ab
246 352 293 401 boe
314 354 392 399 antem
410 350 471 413 quod
492 356 599 414 moveat,
613 365 662 408 nou
682 358 774 417 oportet
791 353 853 417 qnbd

34 428 127 475 ululatur
140 425 163 475 ei
177 429 204 473 ul
219 424 308 485 torma,
324 422 364 473 sed
380 425 568 485 perumbratum
579 424 686 488 uirtutis,
702 426 762 477 sium
777 431 853 477 motor

34 496 211 547 uniturmobili.
228 495 297 545 Unde
308 493 450 556 Aristoteles,
464 493 505 545 bb.
515 496 573 546 lllll.
588 496 663 561 Phys.
678 499 745 561 (text.
760 502 800 560 ⁴⁰5
811 502 851 559 ta,

36 574 82 628 te,
100 568 157 631 43),
178 570 306 631 postquam
325 564 428 615 ostendit
443 563 505 629 qubd
524 566 624 630 primum
641 582 737 619 mouens
752 568 854 633 seipsum

35 639 179 703 componitur
194 652 225 689 ex
241 637 331 687 duabus
345 634 449 701 partibus
457 673 465 699 ‚
480 651 575 700 quarum
591 643 689 701 unasseut
701 653 812 702 mouens,
830 643 854 691 et

35 712 75 759 ulia
90 716 169 775 mote;
182 709 311 771 assignans
325 708 440 771 quomodo
457 707 556 762 bae'due
568 714 646 773 partes
658 710 775 771 opuntem,
783 711 849 770 dicit,

34 783 92 844 qubd
106 797 149 847 per
161 784 301 831 contactum
317 780 355 830 uel
370 774 466 831 duorum
479 780 508 830 ad
520 780 637 841 murem,
651 781 672 832 si
686 786 808 846 unumque
822 782 854 833 sit

34 868 112 917 eorpus
119 892 128 918 ‚
141 854 182 903 vel
196 851 268 902 unius
282 853 310 901 ad
323 853 435 914 alterum3
448 855 471 901 et
482 865 528 902 uon
538 851 551 902 t
563 866 691 913 nonnemo,
704 854 725 903 si
737 868 808 903 unum
821 854 852 904 sit

35 940 126 988 eorpus,
139 930 167 975 ot
176 924 244 974 aliud
255 936 302 973 nou
311 937 404 986 eorpus.
417 924 531 974 Platonici
537 923 614 975 etiam
625 925 852 989 animasoorporibus

35 998 93 1045 uniri
106 1011 153 1048 non
168 996 309 1060 ponebant,
324 995 370 1047 uisi
389 1008 430 1058 per
444 998 576 1045 ooummum
588 994 692 1057 vinulis,
706 997 764 1047 siem
780 1001 853 1047 motor

36 1069 118 1119 mobili.
133 1072 164 1119 nt
180 1068 225 1130 sio,
241 1080 286 1130 per
299 1068 345 1117 boo
355 1066 418 1129 qubd
429 1068 495 1117 Plato
509 1066 575 1132 ponit
584 1080 679 1131 oorpora
689 1068 790 1119 ooelestia
803 1068 854 1119 ani-

36 1146 102 1205 mata,
116 1140 178 1191 nibil
194 1139 261 1189 aliud
275 1138 342 1190 datm
356 1137 465 1201 intelligi,
484 1138 553 1201 qubm
564 1137 626 1202 qubd
636 1140 853 1204 subauuuaspin’-

36 1214 105 1263 tuales
117 1214 239 1263 uniuntur
253 1210 390 1274 corporibus
405 1210 551 1273 ooeleslibus‚
564 1213 593 1261 ut
606 1214 706 1261 motores
721 1212 852 1262 mobilibus.

37 1282 98 1340 Qubd
109 1288 192 1334 aumm
206 1294 307 1345 corpora
320 1280 573 1332 eoelestia-moveantur
587 1282 616 1332 ub
633 1281 709 1345 aliqua
724 1282 852 1333 substantia

37 1356 243 1419 apprehendente,
259 1357 284 1403 et
300 1366 348 1403 non
358 1354 432 1403 solum
446 1351 460 1402 l
473 1355 570 1416 nature,
581 1352 641 1403 siout
656 1354 734 1417 grauia
748 1358 771 1403 et
781 1354 852 1415 levia,

37 1430 97 1488 liutet
111 1441 140 1478 ex
153 1428 203 1477 boa
218 1424 285 1488 qubd
301 1427 407 1473 «natura
422 1437 470 1475 nou
484 1429 562 1475 movet
574 1424 619 1475 nisi
634 1425 663 1475 ad
679 1438 764 1487 unum,
780 1439 853 1489 »quo

40 1498 112 1549 babito
120 1498 225 1562 quiesctt
235 1496 274 1560 (ut
285 1508 316 1545 ex
325 1496 387 1545 Vlll.
399 1494 485 1559 Pbpe„
495 1498 554 1546 text.
567 1500 611 1559 38,
621 1510 673 1559 usq.
686 1496 715 1546 ad
725 1495 778 1559 ³2).
788 1496 853 1556 Quod

42 1569 63 1617 iu
82 1576 142 1621 motu
156 1580 288 1633 corporum
305 1565 434 1617 coelestium
451 1578 499 1617 non
516 1572 619 1632 apparet.
638 1568 704 1619 Unde
718 1567 854 1632 relinquitur

40 1640 97 1703 qubd
108 1646 234 1694 moventur
241 1640 272 1689 ab
283 1638 360 1703 aliqua
371 1639 499 1691 substantia
509 1640 703 1704 apprehendente.
714 1640 854 1703 Aupmtiuus

38 1712 104 1763 etiam
116 1714 191 1776 dioit,
201 1714 243 1762 lll.
259 1711 293 1759 de
304 1712 375 1760 Trio.
386 1709 449 1773 (qap.
461 1709 493 1774 t),
505 1723 601 1774 corpora
611 1710 687 1761 omnia
698 1711 853 1761 administrari

39 1784 52 1832 ‘a
64 1786 109 1835 beo
117 1798 158 1849 per
169 1781 360 1848 spiritumuitae.
370 1781 488 1845 sicigitur
499 1785 563 1845 patet
575 1780 635 1846 qubd
645 1796 739 1846 oorporu
750 1782 853 1833 colestia

40 1871 84 1907 non
93 1863 147 1907 sunl
161 1856 273 1908 animata
285 1867 314 1907 eo
327 1855 453 1917 modoque
466 1854 551 1918 plauto
564 1858 589 1905 at
601 1853 720 1918 melia,
730 1855 771 1905 sed
781 1854 853 1918 aqui·

40 1928 102 1980 uoce.
117 1930 183 1980 Unde
206 1929 272 1979 inter
288 1930 404 1990 ponentes
420 1938 447 1975 ea
461 1939 511 1976 esse
534 1926 647 1987 animata,
663 1934 687 1976 et
700 1925 812 1989 ponentes
824 1939 853 1977 eu

42 1998 176 2064 inanimata,
192 2013 269 2064 parva
285 1998 323 2049 vel
342 1997 407 2049 mula
424 1997 553 2052 differentia
566 1998 681 2049 inuenitur
693 1997 720 2047 in
736 2011 763 2048 re
775 1998 816 2049 sod
828 1998 853 2060 iu

43 2084 95 2121 uoco
108 2078 209 2122 tannim.

71 2144 213 2207 Adprimum
221 2154 279 2203 ergo
289 2138 490 2203 dicendum,qnbd
500 2140 529 2191 ad
537 2142 642 2190 ornatum
652 2139 852 2210 pertiuentnliqua

46 2217 165 2265 secundum
176 2213 301 2279 proprium
310 2215 409 2263 motum.
421 2212 450 2261 lit
461 2215 570 2275 quantum
580 2212 607 2261 ed
618 2212 664 2261 boo
671 2211 792 2262 luminaria
801 2211 854 2262 ooeli

47 2289 182 2337 conueniunt
191 2299 247 2335 oum
255 2284 308 2334 aliis
319 2296 371 2346 que
382 2282 412 2332 ad
423 2285 528 2332 ornatum
537 2282 662 2347 pertinum,
671 2280 726 2345 quia
734 2288 854 2334 mouentur

48 2352 61 2400 ‘a
73 2356 198 2407 substantia
209 2356 316 2406 vivente.

77 2426 106 2476 ld
122 2428 254 2478 secundnm
270 2425 409 2487 dicendum,
423 2424 485 2487 qubd
500 2424 558 2475 nibil
574 2424 681 2488 probibet
703 2424 789 2489 aliquid
803 2438 854 2475 esso

48 2498 138 2549 nobilius
156 2497 313 2562 simpliciter,
323 2496 385 2561 quod
398 2500 475 2551 tamen
488 2509 535 2547 non
545 2500 581 2546 est
593 2494 693 2547 nobilius
702 2500 813 2558 quantum
823 2496 854 2546 ad

45 2567 135 2631 aliquid.
154 2572 240 2621 Forma
254 2580 310 2632 ergo
324 2566 425 2619 molestis
437 2566 552 2630 eorporis,
565 2566 610 2617 etsi
618 2567 707 2617 nonsit
719 2565 853 2629 simpliciter

48 2641 140 2691 nobilior
159 2641 240 2691 anima
253 2640 374 2700 animulis,
389 2642 425 2689 est
438 2642 518 2688 tamen
535 2637 633 2689 nobilior
650 2642 759 2701 quantum
776 2639 805 2688 ed
818 2651 855 2689 ra·

48 2709 127 2763 tionem
141 2714 238 2777 lormae3
255 2712 348 2777 perlicit
360 2711 423 2761 enim
437 2710 539 2769 totaliter
549 2723 615 2760 auam
624 2710 756 2770 mammem,
765 2714 792 2759 ut
807 2722 854 2759 nou

48 2782 75 2830 sit
84 2784 108 2833 iu
118 2785 225 2848 potentia
233 2784 263 2834 ad
274 2783 345 2835 aliam
358 2782 467 2845 sormam,
477 2782 535 2846 quod
548 2781 625 2832 anima
637 2794 686 2832 nou
697 2780 762 2831 lauit.
772 2782 856 2839 Quan-

51 2860 92 2921 tum
103 2855 173 2907 etiam
184 2857 215 2907 ad
227 2860 317 2905 molum
329 2857 448 2905 moventur
459 2865 555 2917 corpora
567 2851 669 2903 caelestia
679 2850 693 2901 b
705 2849 855 2901 nobilioribus

51 2928 179 2979 montibus
