1984 3309
297 181 331 218 os
345 179 431 218 omo
447 178 570 219 mrrnro.
792 174 837 222 tal

34 257 174 309 animalium.
185 256 231 309 Sed
241 258 310 307 bomo
320 256 369 321 art
378 254 543 321 J'utlioio3t1uia
552 269 594 321 pur
601 256 648 307 rin
659 257 838 323 menoetiliram

34 329 116 391 pudicas
129 329 218 393 aliquid
235 342 288 381 esse
306 328 454 392 fugiendum,
466 329 505 379 rel
517 331 708 393 prosequendum.
723 331 769 382 sea
783 331 838 396 quir

33 401 142 463 judicium
153 401 215 452 btud
226 414 274 451 non
287 404 324 450 est
334 413 364 450 ex
373 400 473 452 natumb
480 400 594 451 instinctu
604 400 629 450 iu
639 401 771 465 particulari
784 417 841 467 ope-

36 474 105 537 rabili‚
119 474 161 524 sed
175 488 205 523 ex
216 473 340 524 oollttione
356 472 453 535 quamn
469 470 581 535 rationis,
595 473 647 523 ideo
661 472 709 537 egit
722 474 794 525 libero
803 475 842 538 jn-

35 544 104 609 dicio,
119 545 247 610 potensin
264 545 358 595 diuersa
372 543 435 593 terri.
454 542 522 595 Ratio
536 543 598 594 enim
611 543 670 594 eirca
684 545 840 609 contingentia

37 619 100 668 babet
111 619 176 669 viam
189 619 220 669 arl
230 618 388 682 opposita,ut
399 620 465 682 patet
475 616 502 667 in
515 615 639 667 dialecticis
652 617 800 682 syllogismis,
814 624 839 670 et

38 690 150 741 rhetoricis
164 689 366 755 persuasionibus.
380 688 527 738 Particularia
547 692 623 739 eumn]
642 688 766 753 operabilia
786 694 840 741 sunt

38 763 133 822 worm
148 762 326 826 contingentia;
343 764 368 811 et
385 759 438 810 ideo
449 759 510 810 ciram
526 773 555 811 ea
567 760 678 821 iudicium
696 760 790 812 rationis
807 762 837 813 ad

38 834 118 885 diverse
130 849 156 887 se
174 835 267 897 babet,
281 837 306 883 et
318 835 414 883 nonest
432 830 606 882 acuminatum
619 832 648 881 ad
660 845 740 882 uuum.
757 834 787 883 at
797 846 839 897 pro

40 911 97 955 ento
110 919 209 959 neeesse
227 903 344 969 estquod
361 905 431 954 borno
444 903 474 953 sit
493 903 561 954 liberi
577 902 664 953 arbitrii
681 915 711 953 ex
729 904 773 954 boo
789 904 840 968 ipso

41 977 96 1038 nubo
108 977 228 1031 rationalis
244 981 289 1028 est.

70 1050 102 1099 la
120 1051 221 1113 primum
237 1062 293 1111 ergo
312 1044 522 1111 &tentamento
540 1045 599 1097 sicut
617 1045 785 1109 supradictum
804 1049 840 1096 est

42 1122 88 1184 (uu.
103 1126 139 1185 tt,
149 1128 196 1173 art.
210 1127 226 1171 3
237 1125 263 1171 et
274 1120 309 1185 t),
319 1118 435 1184 appetitis
444 1118 582 1182 sensilibus,
592 1117 636 1168 etsi
647 1116 740 1168 obediet
747 1116 839 1180 ratium,

43 1195 112 1243 tamen
121 1197 202 1258 potest
214 1192 241 1242 iu
253 1190 331 1255 aliquo
341 1203 484 1254 repugnare,
497 1188 680 1253 concupiscendo
695 1193 775 1238 contra
784 1187 840 1237 illud

41 1266 93 1325 quod
110 1266 168 1317 ratio
183 1264 269 1316 dimi.
285 1264 335 1313 Hoc
347 1275 402 1324 ergo
415 1266 451 1312 est
467 1261 555 1311 bonum
568 1261 628 1325 quod
641 1261 709 1310 bomo
723 1272 769 1311 non
787 1259 842 1309 lecit

40 1335 85 1385 rim
98 1338 159 1402 rult,
168 1336 266 1389 scilicet
276 1348 323 1385 non
333 1333 495 1397 concupiscere
506 1335 583 1383 conus
594 1330 719 1392 rationem,
732 1334 756 1381 ut
768 1330 842 1393 glossa

42 1409 155 1470 Augustini
169 1406 263 1458 ibidem
274 1403 339 1455 dicit.

65 1481 97 1530 td
114 1480 252 1532 secundum
270 1476 409 1539 dicendum,
422 1475 483 1541 qubd
500 1476 594 1527 verbum
607 1474 664 1525 illud
684 1472 780 1536 aposloli
796 1487 842 1523 non

39 1551 67 1600 sic
75 1556 107 1602 ee
115 1549 309 1614 intelligendum,
319 1547 385 1611 quasi
395 1548 464 1599 bomo
472 1562 519 1599 non
529 1547 586 1598 velit
595 1551 619 1597 et
627 1558 673 1597 non
684 1548 760 1594 currat
769 1544 841 1595 libero

38 1624 136 1688 arbitrio3
151 1625 196 1676 sed
219 1621 275 1687 quia
293 1620 392 1670 liberum
414 1620 532 1670 arbitrium
549 1620 578 1670 ad
596 1621 639 1669 boo
656 1630 703 1669 non
721 1620 756 1667 est
773 1616 839 1667 suffi-

38 1695 103 1760 ciens,
117 1696 165 1747 nisi
178 1696 304 1745 moueatur
318 1693 342 1742 et
352 1691 445 1755 juvetur
460 1691 542 1743 tlleo.

64 1769 92 1817 la
105 1770 208 1820 tertimn
222 1764 357 1825 dicendum,
368 1762 429 1827 qubd
439 1764 536 1814 liberum
546 1761 665 1814 arbitrium
675 1764 710 1812 est
723 1774 793 1811 causa
803 1761 840 1811 sui

41 1840 122 1904 nolis3
137 1839 196 1904 quia
214 1839 284 1888 borno
299 1850 342 1900 per
355 1835 454 1885 liberum
471 1834 589 1887 arbitrium
603 1834 704 1897 seipsum
720 1836 797 1883 moret
810 1833 840 1883 atl

40 1914 152 1972 agendum.
170 1914 226 1963 Non
247 1913 327 1959 tumen
345 1909 390 1958 boe
404 1911 439 1959 est
454 1907 481 1958 de
499 1906 633 1957 necessitate
651 1902 763 1955 libertatis
778 1903 838 1968 quod

39 1984 63 2031 sit
73 1986 145 2048 prime
156 1997 232 2035 eausa
244 1981 282 2032 sui
293 1981 317 2031 id
330 1981 392 2047 quod
403 1979 497 2029 liberum
508 1981 557 2041 est;
570 1978 628 2029 sieut
639 1990 681 2027 nec
691 1976 770 2027 adhoc
778 1974 838 2039 quod

40 2056 114 2118 aliquid
124 2057 155 2107 sit
167 2068 240 2106 causa
252 2053 357 2115 alterius,
369 2050 490 2115 requiritur
498 2048 559 2114 quio
573 2048 602 2100 sit
612 2049 685 2113 prima
697 2060 766 2097 causa
779 2047 837 2110 ejus.

40 2128 90 2177 llens
102 2127 175 2192 igitur
186 2131 225 2178 est
236 2125 311 2190 prima
322 2138 392 2173 causa
406 2137 498 2174 moreris
511 2127 534 2173 et
547 2120 664 2172 naturales
675 2132 754 2169 causas
764 2121 787 2167 et
799 2131 840 2167 ro·

40 2199 154 2263 luntarias3
166 2204 192 2249 et
205 2198 267 2248 siem
280 2195 422 2247 naturalibus
432 2195 516 2258 musis,
528 2192 641 2244 movendo
652 2204 700 2253 eas,
710 2203 756 2240 non
766 2188 841 2239 aufert

40 2271 87 2331 quin
101 2276 170 2322 actus
183 2283 266 2321 earum
279 2269 326 2319 sint
340 2266 469 2330 natmtles3
485 2266 517 2316 ita
535 2264 646 2315 movendo
660 2274 739 2311 musas
754 2260 841 2310 volun-

41 2343 115 2407 tarias,
136 2356 185 2393 non
199 2342 278 2392 aufert
291 2340 349 2404 quin
362 2338 462 2388 actiones
480 2351 558 2387 earum
576 2334 623 2385 sint
636 2332 786 2393 voluntarie,
801 2332 840 2382 seul

42 2414 107 2474 ruilus
118 2418 166 2466 boc
177 2415 205 2466 in
218 2414 252 2464 eis
262 2414 332 2476 lacit3
342 2413 449 2475 operatur
459 2409 520 2460 enirn
532 2408 557 2459 in
565 2417 700 2471 unoquoque
715 2402 839 2453 secundini

41 2485 83 2547 rjus
93 2488 271 2553 proprietatem.

67 2561 97 2608 td
111 2564 221 2626 quaeum
235 2558 371 2617 dicendum,
386 2554 445 2619 qubd
460 2553 542 2603 dieitur
559 2564 631 2601 «non
645 2562 694 2600 esse
708 2546 731 2597 in
746 2548 839 2603 hirmino

43 2629 73 2678 ria
84 2632 150 2696 ejus,
168 2650 182 2679 n
199 2635 311 2696 quantum
328 2630 358 2679 ad
376 2626 523 2679 executiones
541 2622 692 2685 electionum,
713 2620 737 2669 in
757 2620 840 2685 quibus

44 2700 101 2754 mmo
111 2703 223 2769 impediri
235 2707 309 2769 polest
322 2701 396 2766 velit,
410 2700 480 2763 uolit;
496 2698 618 2750 electiones
632 2698 707 2745 autem
720 2694 777 2757 ipse
787 2696 840 2743 suut

44 2770 155 2837 iuuobis,
169 2775 288 2841 supposito
301 2778 380 2825 tanen
395 2771 474 2823 dirim
483 2768 576 2821 auxilio.

70 2846 101 2895 td
111 2846 218 2909 quintum
231 2846 373 2909 dicendum,
387 2842 448 2909 quod
458 2840 556 2907 qualite
568 2836 668 2891 bominis
686 2839 721 2887 est
735 2836 818 2899 duplex
831 2850 837 2885 ι

44 2928 84 2965 una
93 2919 230 2979 naturalia,
241 2923 265 2972 et
274 2918 320 2970 alit
332 2918 517 2982 superveniens.
530 2913 643 2967 Naturalis
655 2913 731 2963 autem
742 2906 840 2973 quabtas
