1984 3309
137 162 184 212 tat
341 169 403 208 runs
415 170 438 217 r,
452 167 545 212 onnsr.
559 165 614 217 crx,
629 166 684 204 aar.
698 167 733 206 ur.
770 135 778 151 ’

136 248 211 309 libum
230 246 282 312 quia
302 245 365 294 enirn
376 243 487 294 interiora
502 255 596 308 corpora
610 242 707 293 raturui
720 243 802 294 ordine
814 248 869 296 sunt
882 245 936 296 inira

137 331 233 382 corpora
249 315 366 379 melantia,
382 315 485 366 actiones
504 317 528 364 et
542 317 617 364 motus
630 326 708 364 eurum
726 315 856 366 subduntur
870 317 936 366 aetio

138 391 205 442 moon
217 393 242 439 et
254 387 354 439 motibus
366 386 494 438 antestium
512 399 640 450 corporum.
655 385 802 437 Manifestum
819 390 856 441 est
867 391 937 440 anun

137 476 167 514 ex
187 460 326 526 premissis,
341 458 402 524 qudd
424 459 552 510 demonum
575 456 666 522 qudam
682 458 781 508 naturali
802 459 884 511 ordine
902 460 939 510 snb

138 532 190 582 aliis
209 532 388 594 constituuntur3
405 531 464 580 unde
484 533 509 580 et
526 529 629 581 actiones
652 541 730 578 eorum
751 529 795 578 sub
816 531 940 582 actionibus

139 603 282 669 superiorum
298 605 359 652 sunt.
373 602 403 652 m
415 603 458 651 hoe
472 605 508 650 est
521 601 581 663 quod
594 601 705 650 rationem
721 600 862 663 prolationis
873 602 938 662 lacit,

139 677 166 726 ut
182 673 268 725 emicet
282 673 341 723 aetio
357 671 442 723 subditi
455 672 565 722 subdatur
583 671 668 722 aetiani
686 671 783 734 prelati.
804 672 844 722 Sio
861 673 937 738 igitur,

140 745 191 810 ipsa
207 744 317 794 naturalis
335 742 454 808 dispositio
471 743 600 792 demonum
623 739 718 804 requirit
737 741 799 806 qudd
820 742 852 792 sit
866 743 890 794 in
912 743 939 793 eis

138 817 250 882 praelatio.
267 816 380 865 Conuenit
395 814 456 864 eninr
471 815 516 863 hoo
528 813 612 863 diviua
627 813 759 876 sapientia,
776 827 829 878 quan
844 815 903 865 nihil
918 815 938 862 in

139 888 247 940 nminem
261 886 416 938 inordinatum
432 883 553 948 relinquit,
565 897 616 948 que
634 901 649 934 u
668 883 759 948 attingit
778 883 856 936 atine
872 900 938 949 usuro

138 960 167 1012 ad
184 959 254 1011 finem
273 957 374 1021 london,
394 961 418 1006 et
436 954 536 1020 disponit
556 955 633 1008 omnia
651 955 798 1017 suauiter‚n
818 961 846 1007 ut
863 957 939 1008 dicitnr

170 1048 205 1153 {d
218 1103 317 1166 primurn
334 1113 388 1163 ergo
407 1099 542 1160 dicendum,
558 1097 619 1162 qudd
636 1098 737 1164 prelatio
752 1101 883 1152 daemonum
898 1115 939 1151 non

138 1174 247 1224 tundatur
260 1186 329 1238 super
342 1186 421 1224 eorum
431 1171 537 1236 justitia,
554 1171 594 1222 sed
612 1184 680 1236 super
696 1169 787 1234 justitia
801 1172 844 1223 Ilei
862 1178 940 1224 cuncta

140 1243 272 1296 ordinantis.

170 1317 205 1367 rtd
228 1317 352 1368 seeundum
370 1315 490 1366 dicendum
500 1351 509 1378 ‚
528 1314 588 1380 qodd
610 1315 730 1366 coneordia
748 1316 879 1372 daemonum
901 1318 940 1381 qua

140 1388 232 1452 midam
245 1387 297 1438 aliis
310 1388 435 1449 obediunt,
447 1389 539 1438 nonest
551 1399 580 1436 ex
593 1385 694 1436 amicitia
704 1400 773 1450 qoam
785 1387 850 1439 inter
865 1403 891 1442 se
903 1392 940 1440 ha-

140 1460 222 1522 beant,
232 1460 272 1510 sed
285 1473 315 1510 ex
324 1458 440 1509 maimoni
452 1458 569 1522 nequitia,
579 1457 624 1522 qud
637 1458 742 1508 homines
754 1459 854 1526 odiunt,
867 1466 890 1512 et
904 1461 939 1510 [tei

137 1531 236 1597 justitie
254 1533 445 1598 repugnantiis
461 1531 523 1582 enim
538 1531 654 1596 proprium
668 1532 787 1583 hominum
801 1533 938 1597 impiorum,

141 1604 209 1654 uteie
222 1617 247 1654 se
259 1601 383 1668 adiungunt
394 1605 418 1653 et
428 1602 564 1666 subjiciant,
579 1602 607 1652 ad
619 1601 732 1667 propriam
747 1603 878 1668 nequitiam
892 1619 940 1657 ene-

139 1675 265 1739 qnendam,
279 1688 337 1738 quos
349 1675 490 1740 potentiores
502 1674 589 1726 viribus
600 1674 685 1724 vident.

169 1747 203 1796 ld
219 1745 312 1796 tertium
332 1746 464 1807 denudum,
478 1745 540 1810 qodd
560 1746 676 1796 demones
692 1759 738 1796 non
755 1749 811 1796 sunt
828 1749 940 1811 aquales,

141 1814 265 1870 seeundum
282 1823 403 1870 naturam:
418 1817 479 1870 unde
494 1817 564 1868 ineis
579 1821 614 1868 est
628 1817 739 1868 naturalis
750 1819 864 1882 prelatio.
880 1821 942 1878 Quod

141 1887 165 1940 in
184 1889 317 1940 hominibus
337 1904 383 1940 non
401 1888 526 1954 contingit,
546 1889 586 1952 qui
607 1888 689 1944 natust
711 1893 765 1942 suot
784 1904 863 1954 pares.
879 1893 942 1950 Quod

139 1966 216 2012 autem
234 1961 386 2026 superioribus
400 1961 521 2012 interiores
539 1961 664 2012 subdantur
668 1999 677 2025 ,
695 1969 794 2014 nonest
810 1963 840 2012 ad
859 1963 942 2014 honuni

140 2033 291 2097 superiorum,
299 2033 340 2084 sed
354 2033 426 2096 magis
434 2034 463 2084 ad
478 2034 562 2084 malum
573 2045 665 2098 eorum;
674 2033 727 2097 quta
739 2031 791 2084 edm
800 2036 860 2085 mala
868 2036 943 2086 lacere

141 2104 241 2156 maximi
264 2107 292 2155 ad
311 2105 426 2156 miseriam
446 2105 573 2172 pertineat,
593 2119 690 2170 preesse
706 2105 732 2156 iu
752 2106 820 2159 malis
838 2111 874 2158 est
893 2122 942 2158 esse

142 2178 216 2243 magn
229 2177 345 2233 miserum.
548 2185 559 2206 ·

432 2285 596 2336 anmoins
610 2285 648 2336 111.

205 2432 211 2440 ⁴
300 2411 385 2456 Utrum
395 2411 422 2455 in
431 2411 575 2456 demonibus
585 2411 617 2455 ait
626 2409 782 2456 illumirantio.

172 2539 207 2588 Ad
220 2537 312 2588 tertium
328 2538 362 2588 sie
376 2538 514 2602 proeeditur.
527 2538 621 2588 Videtur
639 2537 700 2602 qudo
716 2538 741 2588 in
756 2540 898 2594 daemonibus
912 2546 942 2590 sit

141 2609 287 2661 illuminatio.
300 2609 439 2663 llluminatio
449 2611 513 2660 enim
527 2610 632 2660 ooneistit
642 2609 666 2660 in
685 2611 871 2664 manifestatione
884 2612 941 2664 veri·

139 2681 203 2731 tatis.
220 2681 266 2730 Sed
284 2694 343 2730 unns
357 2681 445 2732 damon
463 2684 540 2746 potest
557 2681 621 2732 alteri
641 2681 760 2732 vamtatem
780 2684 937 2745 manifestare,

140 2752 194 2816 quia
204 2751 331 2814 superiores
344 2753 417 2813 magis
428 2754 533 2803 acumine
548 2753 656 2808 naturalis
670 2753 771 2804 scientius
782 2755 870 2819 vigent.
882 2757 939 2818 Ergo

139 2823 270 2886 superiores
284 2822 399 2872 demones
415 2817 511 2888 possunt
523 2823 644 2880 interiores
655 2823 792 2876 illuminare.

172 2897 196 2942 a.
210 2894 336 2956 Preterea,
346 2906 432 2956 eorpus
444 2895 506 2958 qnod
516 2897 686 2962 superabundat
694 2896 790 2964 lumine,
801 2902 876 2964 potest
887 2897 938 2950 illo·
