1984 3309
161 160 208 209 tto
354 170 417 209 rsss
432 172 454 221 r,
470 170 563 216 ouass,
579 170 666 219 survi,
684 170 739 209 arr.
754 170 781 205 rr.

159 245 260 297 natibus
273 246 410 297 abstrahitur
423 246 468 311 (l).
486 247 512 297 ln
524 260 570 297 uno
583 250 660 297 autem
678 245 808 308 intellectu,
823 245 836 295 'a
851 247 961 310 phantas-

159 318 258 369 matibus
276 318 373 371 diversis
391 318 496 383 ejusdem
513 318 613 383 spetiei,
632 332 677 369 non
697 317 833 369 abstrahitur
854 320 904 371 uisi
921 334 962 369 una

158 390 248 453 species
259 389 418 454 intedigibills.
430 391 495 441 Sient
507 391 531 441 in
540 404 587 441 uno
601 390 692 443 bomine
705 394 809 454 apparat,
818 390 842 440 in
854 406 903 456 quo
916 407 963 455 pos-

158 465 212 513 sunt
228 475 279 513 essa
291 462 380 514 diversa
393 464 551 525 phantasmata
568 463 669 527 lapidis,
686 466 709 513 et
721 466 797 513 tannen
815 464 842 513 ab
857 465 962 513 omnibns

159 534 193 586 ais
206 534 341 586 abstrahitur
357 548 405 585 una
419 536 508 599 speebs
523 535 672 598 intelligibilis
685 534 777 598 lapidis,
792 548 833 598 per
844 549 918 598 quam
933 538 963 585 in-

159 606 264 657 tellectus
278 606 347 656 unius
359 606 459 657 bominis
470 606 602 669 operatione
618 620 663 655 una
682 605 789 669 intelligit
807 610 916 657 naturam
933 609 963 655 la-

159 678 235 744 pidis,
253 692 299 729 nou
316 679 422 729 obstante
435 677 564 729 diversitate
580 679 773 742 phantasmatum.
789 677 814 729 Si
832 692 891 741 ergo
908 694 963 729 unus

159 750 288 803 intellectus
297 750 468 801 essetomniurn
478 750 605 812 bominum
614 748 755 801 diversitates
765 750 962 813 phantasmatum,

160 836 211 885 qua
225 826 279 871 sunt
290 822 316 873 -in
331 823 383 881 boc,
398 826 422 873 et
435 823 460 873 in
473 822 524 885 illo,
538 836 583 873 non
597 826 690 885 possent
704 835 796 873 eaumro
806 823 962 873 diversitatem

159 894 319 945 intolladualis
333 895 473 959 operationis
487 896 557 959 bujus
571 898 595 945 et
606 894 667 945 illius
680 893 794 956 hominis,
809 898 836 945 ut
845 896 964 945 Commen-

106 965 125 990 ‘'
160 969 219 1017 tator
228 966 293 1030 lingit
302 968 327 1017 ln
338 968 377 1017 111.
389 968 523 1017 Deonimo
535 969 627 1027 (comm.
639 966 672 1029 5).
686 966 828 1029 Relinquitu*
870 982 902 1033 po
913 968 968 1031 quod

31 1026 143 1077 &wt-
159 1038 410 1103 omniuo-impossibile
431 1043 454 1089 et
469 1038 631 1092 innouveniens
648 1043 685 1089 est
699 1050 781 1103 ponera
806 1052 881 1091 annm
903 1040 965 1089 intel-

61 1103 122 1148 Μ’)
158 1112 243 1161 lectum
252 1110 355 1161 omnium
364 1110 492 1167 bominum.

191 1183 226 1233 nd
244 1184 346 1247 primurn
361 1195 416 1246 ergo
434 1181 570 1245 mudum,
588 1181 650 1245 qudd
664 1181 716 1233 lieet
732 1182 808 1233 anima
822 1183 906 1236 intelle
923 1186 966 1234 tiva

159 1269 207 1307 non
221 1256 303 1307 babeat
319 1256 437 1307 mauman
458 1268 488 1305 ex
505 1266 549 1317 qua
568 1254 613 1314 sit,
627 1256 685 1305 siout
697 1270 739 1305 nee
757 1256 870 1319 angelus,
887 1262 963 1308 tarum

158 1331 194 1379 est
211 1327 285 1379 torma
300 1327 403 1379 materias
418 1325 529 1391 alicujus,
548 1326 609 1389 quod
630 1327 710 1389 angelo
730 1340 775 1377 non
800 1331 922 1381 convenit.
940 1332 965 1378 Et

158 1399 210 1450 ideo
223 1400 347 1449 meandum
364 1398 502 1450 divisionem
517 1396 618 1449 materia
633 1402 688 1449 sunt
703 1398 779 1449 multe
798 1399 883 1452 animm
901 1401 964 1452 unius

113 1486 146 1553 n(
160 1470 261 1535 speeiei;
275 1470 343 1521 multi
355 1475 432 1536 autem
445 1470 521 1533 augeli
536 1468 603 1531 naim
621 1468 708 1533 spetiei
724 1469 820 1520 omnino
839 1485 895 1523 essa
916 1486 959 1522 non

160 1546 264 1607 possunt.

191 1613 568 1677 temperantissimum
579 1614 810 1677 unumquodqueboe
818 1616 888 1667 modo
898 1617 964 1667 babet

162 1686 281 1745 unitatem
289 1698 335 1749 quo
344 1686 414 1735 babet
423 1700 487 1748 arem
497 1689 521 1737 et
530 1698 721 1749 permnsequens
732 1684 794 1736 idem
803 1690 840 1737 est
854 1688 964 1753 judieiuuv

162 1760 191 1809 de
201 1756 386 1820 multiplicatione
395 1758 437 1819 rei,
449 1763 473 1808 et
483 1758 511 1809 de
523 1772 572 1809 esse
581 1758 662 1823 ipsius.
674 1756 819 1807 Manifestum
828 1766 867 1809 est
881 1764 963 1817 subn,

160 1829 221 1892 quod
235 1825 309 1878 amma
324 1828 482 1880 intellectualis
498 1831 624 1881 seeundum
639 1843 705 1881 suum
716 1844 769 1879 ease
784 1829 965 1895 unitur-corpori

162 1904 187 1949 ut
197 1902 281 1962 lorrna,
293 1904 318 1951 et
327 1902 405 1951 amen
420 1902 534 1953 destructo
544 1914 641 1965 eorpore
651 1905 755 1952 remanet
771 1900 848 1951 anima
860 1903 965 1953 intoller-

161 1972 229 2023 tnalis
243 1972 268 2023 in
278 1986 319 2024 suo
335 1987 395 2023 asse.
411 1974 440 2023 lit
456 1974 537 2025 mrtem
552 1974 638 2025 rationo
655 1973 775 2023 multitudo
786 1972 918 2025 animarum
934 1978 965 2022 est

158 2044 286 2095 mumdum
299 2043 467 2095 multitudinem
476 2056 610 2109 corporum,
620 2050 646 2097 et
656 2049 734 2114 umen
748 2045 870 2095 destruetis
888 2058 966 2109 eorpo-

160 2116 225 2167 ribus
236 2121 355 2167 remanent
368 2116 451 2168 aalma
467 2117 493 2167 in
505 2132 546 2168 sno
557 2133 607 2168 esse
625 2114 790 2181 multiplicata.

187 2190 227 2248 ‚dd
244 2189 338 2242 tertium
350 2187 485 2249 donnum,
500 2190 561 2253 qudd
582 2188 736 2241 individuatio
745 2187 918 2253 intelligentis,
930 2194 964 2238 ant

160 2260 246 2324 spetiei
258 2274 376 2326 perquam
389 2260 507 2325 intelligit,
517 2275 564 2312 uon
573 2262 672 2313 excludit
681 2260 856 2323 intelligentiam
871 2262 972 2313 univer-³

109 2369 118 2397 n
160 2334 263 2397 salinum
280 2334 380 2397 aloquin
399 2332 451 2384 edm
466 2334 595 2385 intellectus
612 2333 714 2397 superati
733 2332 779 2383 sint
793 2335 902 2397 quadam
916 2334 972 2384 sub-¹

161 2405 252 2459 stantia
274 2406 436 2465 montes,
458 2409 481 2456 et
502 2419 542 2469 per
568 2419 710 2471 consequens
735 2404 901 2471 particulares,
922 2418 964 2454 non

161 2481 255 2541 possent
275 2477 410 2528 universalia
426 2478 560 2540 intelligere.
578 2479 622 2529 Sed
635 2477 781 2528 maternitas
793 2478 972 2539 cognomentis„

161 2552 186 2601 at
198 2549 285 2614 speciei
296 2562 415 2614 perquam
431 2550 587 2615 cognoscitur,
603 2549 737 2603 universalis
753 2548 910 2613 coguitionem
926 2550 972 2599 inr-¹

87 2750 100 2764 κ
195 2721 226 2787 (1)
242 2725 326 2781 supple
337 2724 418 2784 [orote
426 2728 460 2769 ort
472 2724 609 2770 intellector
622 2743 629 2769 .·
640 2736 687 2768 non
700 2730 778 2770 tannen
790 2724 867 2771 torma
879 2726 963 2773 consti·

160 2795 228 2834 tuens
245 2787 340 2844 physice
352 2788 494 2832 intellectum
505 2789 530 2832 in
541 2800 588 2832 arse
602 2788 717 2844 naturali,
732 2788 772 2833 sed
787 2786 963 2846 intelligibiliter

161 2852 185 2895 in
200 2864 247 2897 esse
259 2851 361 2907 quodam
373 2850 512 2895 accidentali
522 2862 563 2906 per
575 2850 636 2905 quod
649 2850 751 2896 redditur
763 2856 816 2895 notu
828 2850 962 2912 intelligens

161 2914 238 2971 quaed
252 2914 371 2971 obiectum
380 2913 437 2959 illud
448 2915 516 2970 eujus
529 2912 667 2971 intelligibili
680 2914 757 2972 speeie
772 2912 921 2963 informatur.
