1984 3309
177 231 209 267 na
221 229 261 268 urs
273 229 328 274 one
341 229 372 268 un
386 231 563 271 nurrruurnuu
579 233 725 273 uxruuurua.
789 227 851 278 ,tlt

43 319 152 372 eorpore,
162 307 201 356 uel
212 305 256 356 erit
262 305 286 355 in
296 307 371 356 anima
380 308 469 373 corpori
476 308 557 373 juncta
561 323 624 374 ,nou
632 311 679 376 jam
692 311 801 376 animali,
811 315 852 365 sed
925 357 929 364 .

42 377 165 442 spirituali
178 380 217 427 :et
227 377 279 427 ideo
290 377 352 427 nullo
359 379 426 428 modo
437 379 569 443 hujusmodi
580 381 693 433 exteriora
706 383 766 433 bona
775 384 853 448 requi-

42 452 128 499 runtur
142 449 171 498 ad
184 447 248 498 illam
262 449 440 513 beatitudiuem,
453 451 506 500 edna
526 453 660 504 ordinentur
674 453 702 505 ad
719 455 790 506 vitam
804 457 854 506 aui-

42 523 139 571 rnalem.
147 519 179 570 Et
188 520 242 584 quia
251 523 274 568 in
283 521 327 570 bae
337 521 466 586 uitamagis
475 525 562 574 aceedit
572 526 599 575 ad
612 525 782 577 similtudinem
791 524 854 578 illua

41 593 155 657 perlectae
173 591 322 643 beatitudinis
341 592 439 643 delinitas
463 595 654 660 contemplativa,
674 595 742 660 quim
765 597 851 661 activa,

40 668 67 714 ut
80 666 167 728 utpote
177 662 246 712 etiam
261 664 307 713 beo
316 663 421 727 similior‚·
434 668 461 714 nt
471 679 500 716 ex
513 665 580 716 dietis
588 670 652 731 patet
664 671 711 731 (qu.
724 673 752 730 t,
762 673 805 718 art.
816 668 850 733 d),

41 736 96 786 ideo
114 733 194 784 minda
204 733 291 797 indiget
303 735 436 798 hujusmodi
450 736 518 787 bonis
530 738 642 801 eorporis,
655 741 680 788 ut
691 736 772 790 dieitur
783 740 807 790 iu
819 741 849 790 ll.

40 808 131 856 Etbic.
146 808 217 870 (cap.
229 811 243 856 9
254 807 290 856 vel
300 809 339 869 ta,
354 809 377 857 et
386 807 427 858 lib.
437 809 455 872 l,
471 807 512 858 ubi
525 807 617 872 supra).

71 879 110 928 nd
125 877 228 942 primum
240 890 294 940 ergo
304 877 432 940 dicendum,
445 879 504 943 qubd
517 891 596 931 omnes
604 879 648 931 illae
659 879 786 944 corporales
798 897 850 948 pro-

40 950 169 1000 missiones
182 961 235 1011 quae
247 947 272 996 in
286 961 348 998 saera
361 949 476 1014 Scriptura
492 949 649 1014 continentur,
664 954 717 1000 sunt
730 955 850 1017 metapho-

38 1023 88 1074 risb
103 1018 279 1084 intelligendae,
298 1020 423 1072 seeundbm
442 1021 503 1085 qnbd
519 1023 543 1072 iu
557 1022 679 1088 Scripturis
696 1023 770 1074 solent
783 1025 849 1090 spiri·

36 1094 112 1144 tualia
126 1105 171 1157 per
185 1092 310 1156 oorporalia
321 1093 449 1156 designari,
465 1110 478 1140 u
487 1098 513 1144 ut
525 1107 552 1144 er
570 1095 607 1144 bis
622 1107 672 1158 qua
686 1095 794 1146 norimus
800 1134 809 1160 ,
821 1098 850 1148 ad

36 1165 222 1216 desiderandum
238 1163 355 1227 incognita
367 1177 541 1228 consurgamus,
552 1181 565 1212 o
584 1164 643 1215 siout
658 1164 779 1227 Gregorius
794 1166 849 1218 dicit

35 1239 61 1287 in
79 1236 187 1300 quadam
195 1234 290 1284 bomilia
300 1237 335 1296 (ll
347 1250 352 1283 :
366 1236 424 1285 sieut
434 1249 476 1298 per
484 1235 567 1284 eidam
580 1239 602 1286 et
615 1239 704 1300 potum
715 1236 849 1299 intelligitur

36 1307 169 1358 delectatio
186 1305 347 1367 beatitudinis;
360 1318 402 1368 per
415 1306 538 1361 diuitias,
552 1305 686 1356 sufficientia
703 1319 747 1368 qua
760 1307 848 1356 bomini

36 1379 142 1430 sufficiet
155 1379 234 1440 lleus3
248 1389 290 1440 per
300 1391 421 1441 oupoum,
437 1375 544 1427 exaltatio
556 1376 735 1440 hominibusque
750 1377 778 1427 ad
791 1390 847 1429 cou-

32 1452 189 1515 juuetionem
201 1461 253 1498 eum
267 1449 321 1499 lien.

67 1523 104 1573 nd
115 1520 248 1572 meandum
260 1519 392 1582 dicendum,
402 1517 462 1583 qubd
469 1521 530 1571 bona
539 1520 584 1570 ista
594 1519 745 1570 deservientia
756 1519 848 1570 animali

33 1595 103 1656 ritae,
118 1605 171 1642 non
181 1594 317 1654 competant
326 1591 378 1642 vitae
390 1591 517 1656 spirituali,
527 1593 554 1642 irl
564 1605 608 1656 qua
621 1591 737 1642 beatitudo
747 1591 849 1659 pertenta

32 1663 154 1716 consistit.
175 1663 206 1712 ut
220 1665 297 1713 tamen
315 1662 359 1713 erit
373 1662 398 1712 in
415 1663 454 1713 illa
465 1663 607 1717 beatitudine
620 1663 723 1714 oninium
736 1663 847 1714 bonorum

32 1734 205 1800 congregatio,
220 1733 274 1797 quia
292 1734 400 1797 quicquid
415 1735 501 1785 bouum
520 1735 637 1786 inventur
652 1735 756 1796 inistis,
775 1737 849 1785 totum

32 1807 166 1858 habebitur
176 1804 202 1853 in
216 1805 377 1856 summofonte
390 1806 509 1856 bonorum,

64 1880 103 1929 Ad
117 1876 218 1928 tertium
236 1876 371 1940 dicendum,
385 1876 446 1941 quod
463 1876 589 1928 seeundum
601 1877 846 1942 Augustianorum.

31 1954 71 2000 De
78 1962 164 2000 serm.
178 1948 287 1996 Domini
298 1949 325 1997 ta
335 1951 693 2008 oronte,«1neresssauetornm
706 1962 753 1998 non
768 1947 850 1998 dieitur

29 2038 86 2074 esse
101 2022 130 2072 in
143 2018 261 2082 corporeis
271 2019 350 2082 eoelis3
363 2021 404 2069 sed
413 2033 455 2084 per
469 2020 538 2070 eoelos
549 2019 683 2083 intelligitur
692 2019 785 2069 altitudo
799 2018 847 2082 spi-

29 2095 158 2145 ritualium
172 2091 320 2140 bonorum.»
333 2091 484 2141 Nihilominus
495 2095 574 2142 tamen
583 2092 647 2142 loeus
656 2102 794 2154 corporeus,
806 2089 849 2143 sei-

29 2169 88 2217 liret
101 2163 194 2215 eoelum
204 2174 348 2226 empyreum,
358 2162 429 2212 aderit
436 2162 524 2224 beatis,
535 2173 581 2212 non
590 2165 683 2227 propter
692 2161 849 2212 nenessitatem

28 2235 212 2298 beatitudiuis,
229 2235 270 2284 sed
294 2233 418 2285 seuuuddru
436 2235 556 2299 quamdam
576 2232 745 2298 urngrueutiam
764 2236 788 2283 et
806 2233 850 2283 de·

30 2323 126 2360 uorem.

332 2378 492 2429 lalrcbnbs
506 2377 563 2428 vlll.

76 2485 176 2535 Utrum
186 2484 220 2530 od
230 2483 399 2550 beatitudinem
407 2486 548 2544 requiratur
557 2485 655 2531 societas
667 2487 808 2532 amicorum.

61 2598 102 2649 dd
120 2598 236 2647 oetam
252 2593 286 2643 sic
296 2593 433 2657 proceditur.
448 2595 542 2644 Videtur
553 2594 613 2660 quod
628 2595 695 2645 amici
707 2595 753 2646 sint
766 2607 848 2646 neees-

28 2671 88 2720 sarii
107 2667 145 2718 ad
159 2663 334 2714 beatitudinem.
343 2665 428 2714 Futura
438 2666 500 2716 enim
508 2665 625 2717 beatitudo
634 2666 658 2716 in
670 2666 794 2730 seripturis
803 2665 849 2715 fre-

28 2744 141 2806 quenter
154 2735 251 2786 nomine
263 2735 340 2799 glorie
354 2737 491 2800 designatur.
504 2737 548 2787 Sed
567 2737 637 2802 gloria
653 2737 756 2788 consistit
769 2737 793 2785 in
805 2737 849 2786 boc

63 2895 107 2959 (1)
126 2895 185 2942 Non
205 2892 266 2939 sieut
283 2891 350 2949 prins*
360 2893 446 2939 Homil.
465 2894 498 2951 X,
516 2893 557 2939 sed
570 2893 655 2940 Homil.
667 2894 710 2952 xl,
725 2891 765 2936 ubi
781 2889 849 2948 pauld

29 2953 108 3009 aliter
120 2975 128 3004 τ
148 2956 391 3014 coroborandam
405 2957 501 3002 ideireo
515 2958 618 3004 terrente
633 2953 704 3002 redut
717 2953 798 3000 umido
809 2952 849 2998 dt-
