1984 3309
102 91 157 141 'tot
264 95 589 163 ram-mosomenses.
605 96 645 148 rx,
661 93 718 136 erar.
735 97 763 136 11.

411 255 570 307 tenentos
583 255 612 306 11.

199 375 286 423 dltra'rsa
293 373 407 418 soleratas
415 375 542 418 mmtne
550 372 579 418 aa
588 371 698 428 appetitas
707 373 835 420 tenesne.

142 498 177 550 hd
190 496 314 548 strumum
328 495 363 546 sic
377 492 508 559 proceditur
517 491 563 558 (h).
581 489 676 543 Videtur
689 489 753 554 quod
768 491 879 546 voluntas
894 495 917 546 ah

112 567 216 636 appetitu
231 564 340 620 sensitiro
354 565 442 618 moueri
457 577 506 616 non
521 561 603 630 possit.
618 563 714 614 Morcus
727 563 798 622 enim.
808 569 834 616 et
855 580 918 632 agenr

111 646 148 693 est
160 639 305 708 praestantius
316 640 427 705 patiente,
443 641 471 691 ot
481 635 621 703 Augustinus
634 634 699 700 dicit,
715 637 806 702 Super
819 639 881 692 Gen.
890 639 920 688 art

112 715 153 767 tit.
169 712 215 764 Sed
229 711 344 777 appetitus
360 710 483 763 sensitirns
505 712 539 762 est
556 707 650 760 inferior
665 708 804 774 rolunme,
820 725 874 776 quas
889 717 920 762 ert

112 783 227 850 appetitus
237 782 399 849 intellectirns,
410 782 469 834 sicut
480 794 562 835 sensus
571 783 606 832 est
617 779 715 833 interior
723 779 859 836 intellectu.
868 785 920 847 squ

113 854 228 922 appetitus
243 854 366 907 sensitirus
384 867 430 905 non
443 857 520 904 moret
533 851 683 904 intellectum.

145 931 169 978 s.
185 927 310 992 hesron,
325 927 388 978 nulla
396 926 469 977 virtus
478 924 621 991 particularis
635 927 714 990 potest
725 925 807 978 tacere
818 927 920 980 edoctus

115 999 276 1051 universalem.
294 998 340 1050 Sed
358 997 471 1064 appetihrs
489 997 616 1048 sensitirus
629 1001 665 1050 ast
677 996 753 1051 virtus
767 999 918 1062 particularis

115 1070 263 1134 consequitur
278 1071 342 1122 enin
354 1071 514 1135 particularem
532 1081 615 1122 sensus
633 1069 856 1135 apprehensionem.
869 1071 919 1135 Fran

116 1156 163 1195 non
184 1145 261 1208 potest
281 1155 375 1196 oanwa
395 1146 482 1194 motum
506 1141 630 1193 uoluntatis
652 1140 693 1206 qui
710 1143 747 1194 est
769 1142 918 1205 ducendis,

115 1216 180 1267 velut
196 1227 338 1280 consequens
353 1213 557 1282 apprehensionem
571 1211 726 1266 universatem
738 1211 884 1268 htellsdris

148 1291 173 1337 3.
190 1288 316 1351 Praetcrea,
335 1291 360 1337 nt
375 1286 484 1354 probatur
510 1287 534 1338 in
557 1287 621 1336 vul.
647 1285 748 1350 Pdpst'c.
766 1286 847 1351 (text.
867 1288 917 1350 to),

114 1378 131 1415 ‚e
142 1373 295 1415 medemnos
309 1364 414 1412 moretur
427 1359 456 1410 ah
470 1359 569 1426 eoquod
582 1360 673 1422 mouet,
684 1360 712 1410 ut
727 1357 758 1410 sit
775 1359 849 1412 motio
864 1359 919 1410 reci·

116 1446 195 1497 proca.
205 1449 219 1480 o
229 1433 273 1483 Sed
282 1432 387 1482 voluntas
395 1434 471 1482 mosot
479 1431 607 1495 appetitum
617 1429 767 1495 sensitivam,
779 1431 805 1481 in
815 1434 918 1496 quantun

117 1505 233 1570 appetitus
251 1504 372 1563 semitm
391 1502 468 1557 ohedit
480 1502 573 1556 rationi.
589 1503 647 1568 Erec
663 1503 783 1568 appetitus
800 1503 917 1560 montius

120 1589 168 1632 tion
177 1579 255 1629 moret
264 1576 413 1630 voluntem.

148 1648 193 1698 Sed
212 1652 289 1700 contra
307 1652 356 1712 est,
367 1648 428 1714 quod
446 1648 526 1698 dicitur
545 1647 645 1709 tarot„
658 1648 711 1698 111:
734 1648 917 1713 «Unusquisque

117 1721 216 1774 oratur
234 1720 249 1770 h
267 1720 452 1785 oncupiscentia
470 1733 513 1772 sua
535 1720 659 1777 deusdet.
683 1721 707 1770 et
728 1719 828 1772 illectis.
847 1719 918 1769 nitor

117 1793 193 1846 antem
207 1791 376 1847 abstraheretur
388 1793 440 1859 quis
452 1793 467 1844 a
477 1791 675 1858 concupiscentia,
690 1790 738 1844 nisi
749 1791 858 1846 voluntus
871 1791 916 1856 sios

117 1866 247 1915 moueretur
264 1863 292 1916 ah
310 1865 416 1930 appetitu
429 1865 555 1930 sensitiva,
569 1863 593 1916 iu
609 1874 655 1930 quo
668 1865 775 1930 appetitu
791 1869 829 1919 est
840 1877 916 1916 conon

117 1935 235 2004 piscantia.
250 1936 309 2001 Frqo
322 1937 437 2002 appetitus
453 1937 579 1993 sensitirns
588 1939 666 1988 moret
676 1935 830 1994 achmetem.

151 2009 315 2074 (corausto.
327 2035 357 2048 -·
374 2007 431 2059 oum
450 2008 575 2062 oewndirn
594 2007 724 2072 passionom
736 2009 854 2073 appetitus
870 2020 917 2060 sen·

121 2081 183 2133 sitivi
195 2081 326 2133 inuretur
337 2082 407 2133 homo
416 2081 444 2132 ad
454 2081 555 2145 aliquant
567 2079 826 2144 dispositionesque
840 2081 915 2132 dictur

119 2153 224 2208 rotantes
237 2166 266 2204 ex
280 2155 344 2217 parte
355 2151 439 2218 objecti
451 2153 480 2204 ah
492 2153 598 2218 appetitu
611 2151 723 2212 sepsitir'o
736 2155 836 2207 novari.

150 2226 284 2291 Respondes
295 2224 500 2290 dioemum,qudd
513 2225 572 2276 sicut
583 2223 651 2290 sopri
663 2224 749 2278 dictum
762 2229 799 2278 ost
807 2227 816 2292 t
824 2229 865 2280 art.
875 2225 912 2287 t),

118 2295 147 2347 id
154 2297 215 2360 quod
227 2296 405 2362 apprehenditur
413 2298 455 2350 suh
464 2297 552 2349 ratione
561 2296 616 2351 honi
625 2300 649 2358 et
661 2297 833 2361 coeptantis,
845 2299 917 2350 meret

120 2367 259 2421 voluntem
274 2383 314 2433 por
329 2371 421 2421 modum
435 2369 527 2433 objecti.
544 2368 608 2428 Quod
627 2372 705 2424 rutam
719 2369 915 2434 adquireretur

121 2439 445 2506 monnetoonreniens,e1
458 2441 547 2495 duobus
559 2440 682 2506 coemit,
697 2441 786 2494 seilicet
799 2456 829 2494 err
840 2438 914 2492 condi·

122 2510 185 2563 tione
196 2511 246 2576 ojus
258 2512 318 2578 quod
329 2514 479 2578 proponitur,
487 2517 511 2564 et
521 2514 572 2579 ep‘us
584 2513 621 2569 oni
631 2513 774 2582 proponitur
783 2513 914 2568 consensu

117 2652 213 2698 versalis
234 2658 258 2697 ct
274 2657 349 2697 motor
370 2655 412 2707 sit;
428 2653 488 2698 sicut
511 2655 659 2700 centuriones
679 2659 704 2700 ct
719 2654 777 2701 alios
795 2655 841 2700 dux
865 2662 916 2696 unus

117 2708 215 2768 irnperio
229 2727 257 2760 ao
270 2715 364 2760 arbitrio
376 2727 418 2760 suo
433 2721 521 2764 movet.

88 2835 92 2842 t
148 2780 182 2841 (i)
196 2785 228 2832 Dc
242 2785 278 2832 his
287 2784 358 2833 etianr
371 2785 443 2844 iutrd,
459 2777 559 2846 qn'to,
578 2794 622 2848 pst.
636 2787 664 2848 3,
680 2793 704 2838 ct
715 2802 754 2850 qu.
765 2787 810 2846 tt,
824 2793 866 2838 ert.
881 2783 907 2837 lt

116 2843 140 2885 et
152 2854 192 2897 qu.
204 2843 233 2903 5,
246 2845 275 2891 dc
291 2846 368 2902 verit,
384 2852 427 2892 art.
445 2847 489 2905 ao;
508 2855 531 2897 ot
545 2863 585 2909 qu.
598 2850 643 2911 22,
659 2858 703 2899 art.
715 2849 739 2911 9,
754 2849 808 2898 aas
822 2855 845 2896 ct
860 2848 881 2892 6.
