1984 3309
95 167 129 215 ni
143 163 290 215 coinnronr?
302 161 384 215 riorus
398 163 548 216 enimn
561 164 644 222 docui>
657 177 757 218 murus.
793 163 837 217 tot

60 256 100 305 ud
112 259 222 319 quanm
236 253 370 320 dicendum,
384 255 444 320 qudd
458 257 528 307 homo
540 256 564 305 in
573 260 632 307 statu
646 256 785 308 innocentie
799 271 838 322 ge·

29 331 127 379 uerutus
142 326 240 390 fuisses,
254 328 294 377 sed
311 340 357 379 non
376 329 456 379 fuisset
476 332 604 393 corruptus.
622 329 650 380 Iit
662 328 714 381 idco
734 329 759 380 in
779 333 839 380 stato

29 401 68 450 itio
82 399 219 464 potuissent
228 411 279 450 esse
293 398 362 464 aliqui
371 400 473 451 deiectus
484 401 599 466 pueriles,
609 400 649 465 qui
667 405 838 467 consequuntur

29 472 223 534 generationem
237 484 283 522 non
294 476 372 522 entem
382 471 486 523 deiectus
497 472 596 537 seniles,
611 471 651 538 qui
663 473 796 526 ordinantur
809 473 838 524 ad

29 545 215 609 corruptionem.

333 671 491 723 ARTIGULUS
506 671 535 722 ΙΙ.

131 787 222 833 Utrum
233 788 260 831 irc
272 787 351 845 primo
363 791 430 834 stato
440 789 547 844 semime
559 792 622 834 uetur
632 789 744 846 suessent.

62 914 101 964 nd
118 915 246 966 secuudum
264 914 298 966 sic
309 915 447 980 proceditur.
464 915 559 968 Videtur
575 915 634 980 quod
654 917 678 968 in
692 915 766 982 primo
780 921 841 968 stetu

28 985 138 1036 toemine
153 990 215 1037 nete
228 999 275 1037 non
292 986 397 1038 tuissent.
412 987 472 1038 tiicit
487 989 549 1038 eninr
562 987 714 1053 Philosophus
725 988 750 1040 in
762 989 803 1040 tib.
819 991 840 1040 11

26 1060 70 1107 De
83 1059 251 1121 peroratione
269 1059 439 1124 orimnorum,
453 1059 515 1123 quod
529 1077 543 1108 «
557 1059 650 1110 femin
664 1064 700 1111 est
713 1075 762 1112 mas
776 1075 842 1112 orce-

25 1131 152 1194 sinuatus,
164 1147 181 1177 u
194 1129 262 1194 qnasi
275 1134 360 1195 preter
370 1128 520 1183 intentionem
536 1136 623 1183 nature
632 1133 779 1196 proveniens.
794 1133 840 1184 Sed

26 1202 52 1250 in
61 1203 129 1252 stetu
144 1200 187 1252 illo
200 1201 260 1250 nihil
274 1201 389 1254 euenisset
398 1201 528 1254 nuncnune
539 1203 565 1254 in
574 1203 674 1255 hominis
685 1205 840 1269 generatione.

28 1275 89 1337 Ergo
107 1272 216 1324 fenne
227 1277 290 1324 nate
304 1287 351 1325 non
360 1274 466 1327 tuissent.

60 1352 85 1397 s.
103 1346 240 1409 Praeterea,
250 1359 318 1396 omne
329 1359 439 1410 generans
452 1351 546 1411 genunt
557 1347 601 1398 sibi
611 1347 686 1398 simile
693 1385 703 1412 ‚
715 1346 759 1398 nisi
769 1345 841 1412 impe-

27 1419 122 1482 diatur,
137 1418 179 1468 rel
194 1421 288 1482 propter
306 1419 418 1469 deiectum
435 1418 540 1482 virtutis,
554 1421 591 1470 vel
608 1423 701 1484 propter
718 1417 841 1484 indisposi-

26 1491 119 1542 tionem
132 1490 257 1541 materie:
271 1490 331 1540 sicut
339 1503 424 1555 parvus
431 1490 491 1554 ignis
502 1504 549 1542 non
558 1494 634 1555 potest
643 1491 773 1542 comburere
782 1489 844 1554 ligna

26 1563 124 1613 uiridia.
142 1563 174 1611 tn
194 1563 341 1624 generatione
360 1566 438 1613 autem
452 1562 489 1614 ris
511 1561 585 1613 activa
601 1561 675 1613 estin
696 1575 766 1612 mare.
786 1559 842 1612 Cdm

27 1635 98 1697 igitur
115 1633 144 1684 iu
162 1636 226 1683 statu
242 1633 380 1685 innocentie
398 1635 474 1684 nullus
487 1631 568 1686 fuisset
587 1634 688 1686 defectus
706 1633 798 1684 uirtutis
812 1647 844 1685 ex

25 1709 92 1768 purte
100 1705 180 1755 maris
186 1741 195 1767 ,
203 1717 246 1755 nec
254 1705 399 1769 indispositio
407 1705 508 1757 muteriae
519 1720 548 1756 ex
556 1709 620 1771 perte
628 1706 742 1771 tremine,
752 1705 845 1758 ridetur

25 1779 87 1842 qudd
105 1788 207 1841 semper
219 1776 313 1829 munuli
326 1776 375 1827 nati
387 1775 492 1828 tuissent.

57 1855 82 1899 3.
100 1851 240 1912 Praetereu,
256 1845 281 1897 in
296 1851 358 1898 statu
373 1847 511 1900 innocentie
528 1850 644 1914 generatio
662 1849 689 1900 ad
708 1847 844 1914 multiplicu-

25 1924 119 1974 tionem
133 1919 259 1971 hominurn
272 1919 426 1972 ordmabcturr.
439 1921 483 1972 Sed
497 1919 635 1972 sufficienter
648 1920 753 1972 homines
765 1919 843 1970 mutti-

25 1995 111 2059 pticari
123 1991 260 2060 potuissent
272 2005 314 2056 per
326 1991 425 2056 primum
439 1993 555 2046 hominem
570 1995 593 2045 et
608 2007 648 2059 per
658 1992 754 2058 primunr
768 1992 843 2042 toerni-

26 2084 95 2131 rrum,
113 2081 147 2118 ex
167 2079 216 2130 quo
236 2063 261 2115 in
281 2068 416 2129 perpetuum
433 2065 515 2116 victuri
573 2069 606 2116 nt.
624 2066 683 2130 Ergo
702 2077 749 2116 uun
762 2061 843 2114 inisset

26 2138 195 2192 necessarium
211 2135 274 2200 quod
285 2138 310 2186 in
319 2139 379 2186 statu
388 2135 529 2188 innocentie
550 2137 639 2188 oeminae
654 2137 808 2186 nascerentur.

56 2213 108 2263 Sed
119 2213 206 2262 eontra
217 2211 265 2271 est,
283 2207 344 2272 qudd
359 2208 393 2258 sic
404 2212 486 2259 natura
497 2209 646 2273 processisset
657 2207 683 2257 in
699 2205 841 2270 generando,

26 2286 85 2335 ,sicut
97 2296 157 2334 eam
167 2279 351 2331 Deusinstitnit.
360 2280 405 2331 Sed
415 2282 476 2330 Deus
485 2280 585 2332 instituit
594 2293 680 2331 murem
691 2283 714 2329 ct
727 2277 841 2328 foeminam

28 2356 49 2404 in
64 2359 156 2406 natura
171 2353 284 2416 humanu,
294 2355 321 2401 ut
329 2350 411 2401 dicitnr
422 2353 510 2413 Gen.,t
521 2356 544 2403 et
552 2353 581 2403 It.
596 2352 654 2415 orgo
666 2349 770 2402 etiamid
783 2352 844 2400 stetu

28 2429 64 2478 itte
77 2427 189 2477 inissent
200 2436 276 2474 mares
289 2427 314 2474 et
327 2423 427 2474 toeminae
443 2424 554 2488 generati.

58 2494 396 2565 (condrosio—Quoniam
413 2495 533 2546 diuersitas
549 2507 619 2546 serus
633 2494 661 2544 ad
678 2491 843 2558 perfectionem

29 2676 76 2721 situ
90 2670 216 2720 mirabili
231 2669 353 2729 facilitate
362 2675 492 2716 nonem.
508 2669 614 2720 cootrd,
626 2667 723 2713 tumim·
737 2671 794 2714 outo
805 2675 848 2709 eree

30 2740 60 2782 od
68 2741 204 2783 tuomum
212 2733 285 2791 pedes
292 2733 378 2779 odones
382 2766 392 2783 ,
402 2746 446 2778 socc
455 2742 543 2779 mous
552 2733 636 2776 satiem
646 2731 678 2776 od
689 2729 846 2787 sculpendum

31 2801 138 2849 tutides,
147 2802 172 2844 et
183 2797 238 2842 erici
247 2809 290 2855 ope
299 2798 437 2841 nutrientis
448 2796 552 2841 admotis
566 2793 643 2840 tudru's
648 2793 755 2853 popittoe
764 2789 848 2835 noem

30 2865 210 2922 ingerantur,
223 2871 268 2905 nee
280 2859 324 2904 uti
343 2860 395 2904 ciet
407 2860 532 2909 sentiunt,
544 2863 566 2904 et
576 2859 653 2914 dueta
664 2869 688 2904 re
701 2850 849 2900 carentibus

31 2927 163 2976 mammis,
176 2927 221 2968 ece.
