1984 3309
136 170 171 207 nn
182 167 336 209 somniantur
347 171 447 211 uxorum
457 171 544 212 uxum.
555 171 654 212 amnon
667 172 761 213 nonar.
811 165 857 212 toa

35 246 210 312 delectabilis,
225 250 359 311 praterhac
373 251 432 313 quod
446 252 481 300 est
491 250 601 302 sanativa.
613 251 650 301 Sic
663 266 717 315 ergo
728 252 856 316 dicendum,

39 319 146 383 quando
159 322 222 369 actus
238 320 335 370 exterior
351 324 386 370 est
395 322 468 371 bonus
478 322 516 371 rei
526 322 599 373 malus
612 323 725 372 solamen
740 324 818 373 ordine
829 326 858 373 ad

41 393 139 455 tinem,
157 393 213 440 tunc
226 394 261 441 est
274 392 365 442 omnino
378 394 456 443 eadem
466 394 555 444 ionias
568 398 590 445 et
605 394 691 444 malitia
701 398 765 445 actus
778 395 859 445 voiun-

38 464 104 515 tatis
121 475 175 525 quae
190 475 232 525 per
246 476 270 512 se
285 462 379 527 respicit
393 464 460 514 finem
467 502 476 529 ,
495 469 519 515 et
539 468 603 516 actus
622 464 740 516 exterioris
757 465 796 529 qui
810 478 858 515 res-

39 536 110 600 picit
126 536 199 583 tinem
209 534 323 584 mediante
332 538 383 585 actu
391 536 522 586 uoluntatis.
533 537 589 587 Cum
598 542 674 588 autem
684 540 747 587 actus
760 536 859 587 exterior

39 609 124 658 habet
136 604 263 655 bonitatem
273 607 310 655 uei
323 606 432 657 maiitiam
442 609 567 658 secundum
582 623 620 671 se,
632 610 721 659 scilicet
732 610 858 659 secundum

38 678 177 729 materiam
190 677 227 727 uei
238 678 442 741 circumstantiam,
453 682 509 729 tunc
519 679 609 730 bonitas
620 680 738 731 exterioris
747 685 811 730 actus
823 684 860 730 est

39 764 106 813 una,
123 756 149 801 at
162 748 250 800 bouitas
260 748 385 800 voluntatis
397 764 446 813 apra
460 755 495 799 est
507 752 602 814 exire,
617 755 652 801 est
662 751 719 815 alia,
734 752 768 801 ita
779 755 858 802 tamen

37 824 112 889 qrrod
126 820 219 872 bonnas
235 820 287 870 tinia
300 834 329 870 ex
340 822 457 872 uoluntate
470 823 581 872 redundat
594 822 618 871 in
635 826 709 872 actum
721 822 857 873 exteriorem

39 900 66 945 et
91 892 191 944 bonitas
210 890 309 943 materiae
331 895 354 943 et
371 893 590 943 circumstantiarum
608 894 719 943 redundat
740 893 763 942 io
782 897 856 943 actum

37 964 195 1026 voluntatis,
208 962 265 1013 sicut
276 964 418 1027 J'amdictum
428 967 462 1015 est
477 967 529 1027 (art.
547 964 581 1029 i).
835 1023 837 1026 ¹

75 1037 118 1089 nd
139 1034 239 1100 primum
257 1048 310 1099 ergo
335 1034 465 1100 dicendum,
481 1037 540 1099 quod
560 1035 618 1087 ratio
637 1036 675 1086 iila
695 1034 776 1100 probat
796 1036 858 1098 quod

36 1121 114 1163 actus
138 1108 234 1159 interior
251 1111 273 1158 et
290 1107 387 1159 antenor
408 1112 461 1159 sunt
477 1108 564 1159 diversi
576 1110 701 1159 secundum
719 1124 796 1173 penus
808 1123 854 1158 aa·

36 1192 132 1245 turre,
148 1182 189 1231 sed
211 1182 288 1231 tamen
307 1194 335 1231 en
353 1178 388 1230 'ais
407 1180 440 1230 sic
460 1180 557 1231 dirersis
578 1180 722 1232 constituitur
739 1194 811 1230 unum
832 1180 857 1229 in

36 1268 139 1320 ponere
155 1252 248 1308 moris,
263 1255 289 1321 ut
302 1264 370 1315 supra
383 1250 515 1303 dictumest
527 1252 577 1316 (qn.
595 1256 635 1312 ti,
651 1256 693 1303 art.
714 1255 747 1314 t).

73 1326 117 1377 nd
131 1324 258 1375 secundum
274 1322 406 1387 dicendum,
423 1324 483 1387 quod
500 1323 559 1373 sicut
571 1323 654 1373 dicitur
667 1325 690 1373 in
702 1325 743 1374 vl.
759 1322 855 1380 ididia,

37 1402 151 1451 uirtutes
169 1397 264 1447 moratos
277 1395 409 1446 ordinantur
420 1396 448 1445 ad
462 1395 525 1459 ipsos
539 1400 603 1446 actus
617 1395 740 1457 vitutum,
750 1393 790 1458 qui
803 1398 857 1443 sunt

38 1469 118 1537 quasi
132 1470 205 1532 iines3
223 1468 342 1532 pmdentia
356 1471 432 1517 autem
448 1480 499 1531 quae
518 1470 552 1518 est
565 1468 589 1517 in
607 1466 707 1530 ratione,
718 1468 746 1516 ad
762 1478 789 1515 ea
806 1480 857 1528 qua

37 1546 101 1595 sunt
122 1540 152 1591 ad
176 1540 258 1603 finem;
275 1543 298 1590 et
313 1542 406 1603 propter
420 1540 463 1588 hoa
482 1540 625 1603 requimntnr
640 1538 734 1589 diuersae
750 1538 855 1588 uirtutes.

36 1617 84 1667 Sed
104 1611 170 1663 ratio
186 1615 247 1661 recta
264 1612 291 1661 de
307 1610 357 1674 ipso
370 1610 413 1660 tine
431 1610 549 1672 virtutum,
563 1624 610 1661 non
626 1611 695 1660 hahet
711 1610 778 1660 aliam
789 1610 856 1659 boni-

36 1692 120 1738 tatem
130 1695 201 1748 quam
212 1681 336 1732 bonitatem
347 1682 450 1745 virtutis,
462 1678 586 1734 secundum
595 1686 656 1747 quod
665 1682 754 1733 bonitas
762 1681 856 1732 rationis

37 1756 203 1825 participatur
216 1754 241 1803 in
251 1754 350 1819 qualibet
364 1752 454 1804 vntute.

73 1830 116 1881 Ad
133 1825 228 1877 tertium
247 1826 380 1889 dicendum,
395 1826 455 1889 qaod
473 1827 563 1889 quaudo
581 1826 666 1891 aliquid
684 1840 714 1877 ex
729 1840 775 1876 uno
793 1826 856 1876 deri·

38 1908 118 1954 vatur
135 1899 162 1948 in
180 1898 287 1959 alterurn,
302 1896 361 1946 sicut
375 1909 484 1947 excausa
502 1901 583 1960 agente
602 1898 711 1959 unisoca,
727 1900 781 1947 tunc
795 1895 855 1946 aliud

38 1980 77 2027 est
94 1970 163 2036 quod
178 1972 214 2017 ast
229 1968 253 2017 in
266 1970 362 2030 utroque
381 1983 386 2016 :
406 1968 465 2017 sicut
481 1981 531 2017 cnm
550 1968 648 2018 calidum
664 1966 780 2029 odefacit,
797 1966 856 2016 alius

38 2056 148 2099 numero
164 2043 199 2090 est
212 2040 272 2089 caior
286 2038 439 2089 calefacientis
452 2041 475 2088 et
488 2039 548 2088 calor
557 2032 672 2102 calefacti,
688 2038 742 2087 iicet
754 2038 813 2088 idem
826 2038 856 2087 sit

40 2122 66 2171 in
82 2113 180 2183 specie.
196 2112 242 2162 Sed
255 2112 344 2175 quando
357 2110 440 2175 aliquid
453 2110 567 2161 derivator
577 2111 605 2161 ab
615 2124 661 2161 uno
675 2110 700 2159 iu
714 2110 809 2160 alterum
820 2123 856 2160 se-

39 2190 154 2243 cundum
168 2182 295 2246 analogiam
314 2183 351 2233 vol
365 2184 548 2247 proportionem,
561 2186 616 2232 tunc
629 2186 665 2232 est
682 2184 772 2231 tantum
784 2195 856 2231 unum

39 2272 148 2314 numero
164 2272 170 2305 ε
187 2253 268 2305 sicma
283 2267 338 2304 sano
351 2255 410 2318 quod
421 2258 457 2305 cst
467 2254 491 2304 in
506 2268 599 2318 corpore
613 2252 733 2314 animalis,
744 2251 857 2302 derivatur

39 2345 132 2387 sanum
146 2328 177 2378 ad
187 2326 323 2377 medicinam
336 2329 358 2376 et
371 2326 469 2390 urinam
483 2340 526 2377 nec
538 2324 582 2376 alia
591 2325 676 2377 sanitas
690 2328 726 2374 ast
739 2323 856 2375 medicinae

39 2413 64 2460 et
79 2403 176 2464 urina,
188 2411 256 2464 qnam
270 2397 355 2448 sanitas
365 2398 478 2459 animalis,
490 2411 559 2462 quam
568 2396 680 2447 medicina
689 2395 743 2446 facit
754 2400 777 2445 et
790 2396 857 2445 urina

40 2475 180 2544 significat:
195 2473 218 2523 et
228 2472 272 2521 doc
282 2470 349 2520 modo
364 2470 491 2520 abonitate
505 2469 629 2521 voluntatis
642 2469 756 2520 derivatur
768 2467 858 2519 bonitas

40 2558 113 2603 actus
134 2540 268 2604 exterioris,
286 2543 309 2591 et
330 2540 485 2605 econverso,
504 2542 592 2593 scilicet
610 2542 733 2593 secundun
756 2538 856 2592 ordinem

39 2624 117 2675 unius
136 2618 167 2669 ad
183 2616 287 2666 atterum.
