1984 3309
221 119 252 156 nu
268 117 371 159 serrone
386 117 533 160 moronus
548 119 693 161 usnemun.
813 114 858 162 tot

48 195 174 249 indunitnr
187 196 217 248 de
231 195 400 260 ponderositate
413 209 546 262 eornm,
560 212 608 251 uon
616 203 653 250 est
665 191 693 250 a'd
707 199 857 265 propositum.

47 266 129 320 Primi
140 267 244 332 quidem,
254 269 307 330 unia
316 268 402 320 additio
412 269 599 332 quantitatis-uon
611 275 648 322 est
655 285 722 323 eausa
731 273 858 336 gravitatis,

48 343 73 389 ut
85 339 201 403 pmoatm
211 339 237 390 iu
248 340 287 390 lll.
300 339 402 392 neceto
411 343 436 390 et
446 343 541 394 mundo
551 343 616 408 (text.
630 343 664 408 lt).
676 343 795 405 Secundi,
805 345 859 408 quia

50 411 139 462 laisum
154 414 191 462 est
210 410 271 474 qnid
291 412 449 474 ponderositas
464 413 532 465 lamet
547 416 668 466 tardiorem
686 420 772 467 motum
791 431 796 465 :
812 415 859 467 imai

51 482 141 545 quanti
151 482 237 546 aliquio
253 487 288 534 eet
300 484 401 547 grauius,
412 484 475 536 uoti
486 485 557 549 magle
568 491 671 538 mouetur
680 491 744 537 motu
758 487 858 553 proprio.

50 553 146 619 Tertii,
158 555 214 618 quia
228 555 288 606 aelio
302 569 348 606 nou
368 557 393 606 lit
406 571 447 621 per
461 562 547 607 motum
560 559 666 623 localem,
681 563 706 609 ul
718 561 859 611 Democritus

49 627 145 691 posuit,
158 629 199 678 soal
213 641 255 692 per
265 629 309 679 lron
318 627 377 692 qetn
388 628 475 692 alionid
485 629 574 680 redusit
587 631 615 681 de
625 631 727 694 potentia
736 631 761 680 iu
771 635 857 682 aetum.

82 701 119 750 Au
126 703 237 762 quartum
247 699 381 764 dioeninm,
393 701 452 764 quid
462 715 545 766 norpns
554 716 599 753 uon
611 708 646 753 ost
655 702 678 753 id
688 703 750 766 quud
758 702 858 754 maximi

51 772 125 826 distat
142 772 157 822 'a
172 773 234 833 θεας
249 773 369 837 participat
390 773 450 824 euim
469 773 554 837 aliquid
571 775 600 823 de
617 774 766 825 similitudino
785 773 858 824 livini

52 857 119 908 esse,
138 843 265 894 seouulim
285 845 381 894 lormam
397 859 463 909 qnam
483 847 561 898 habet.
580 846 623 896 Sel
643 846 667 896 id
681 847 741 910 quod
759 845 858 896 maximi

51 916 126 966 distat
141 915 214 968 illst
233 919 269 966 est
279 917 377 967 materia
391 917 478 982 prima,
497 931 549 981 quae
562 918 703 969 nullomodo
718 920 754 968 est
768 929 855 982 agens,

53 985 106 1037 oium
113 987 147 1038 sit
160 987 185 1037 in
197 987 300 1052 potentia
314 987 412 1038 tantiam.

85 1061 121 1110 no
134 1060 242 1124 quintum
253 1059 386 1124 dicendum,
396 1060 458 1126 quiri
469 1074 555 1125 eorpus
561 1060 611 1124 agit
620 1064 644 1111 et
657 1061 686 1110 ad
695 1061 790 1111 termam
797 1061 858 1111 aoei-

51 1132 181 1194 ‹leutalem‚
196 1135 220 1182 ot
236 1131 265 1182 ad
278 1131 375 1182 turmam
388 1132 568 1184 substantialem.
586 1133 688 1192 Qualitas
704 1132 766 1183 enim
779 1131 855 1182 sotira

54 1205 62 1270 (
69 1208 95 1254 ut
104 1205 195 1268 umori,
205 1204 250 1255 etsi
259 1203 289 1254 sit
303 1205 419 1268 anelitus,
430 1205 478 1268 agit
492 1209 571 1256 tamen
582 1204 608 1254 in
618 1203 702 1254 uirtute
712 1203 790 1255 immo
799 1204 858 1254 sub-

55 1276 186 1338 stantialis,
198 1277 258 1327 siout
271 1275 323 1340 ejus
338 1275 530 1344 instrumentum
545 1280 569 1327 et
584 1275 635 1326 ideo
653 1278 731 1338 potest
747 1289 814 1338 agere
828 1276 857 1325 ad

54 1350 152 1399 formam
166 1347 339 1398 substoutialem
356 1365 361 1396 z
377 1347 436 1398 siout
452 1351 475 1398 ot
490 1349 552 1398 calor
568 1345 691 1409 naturalis,
705 1346 731 1395 iu
748 1349 857 1408 quantum

56 1425 91 1472 est
105 1421 286 1472 instrumentum
301 1419 394 1482 anime,
409 1421 457 1482 ugit
472 1421 499 1470 al
516 1419 685 1484 genoratooem
698 1417 781 1468 caruis.
793 1417 858 1467 loei-

56 1491 237 1555 teneremini
249 1491 341 1556 proprm
357 1492 451 1556 unum
467 1505 510 1542 neo
524 1495 562 1543 est
573 1493 654 1542 eontra
668 1489 780 1540 rationem
795 1492 856 1540 anm·

57 1565 144 1628 dentis,
160 1563 221 1629 quid
240 1563 335 1614 eroedat
354 1578 420 1614 suum
439 1565 566 1628 subjectum
583 1563 608 1612 iu
628 1563 730 1625 agenno,
745 1563 784 1612 sed
796 1560 857 1625 quid

57 1638 152 1688 eueniat
162 1636 188 1687 iu
201 1635 308 1698 essoulo,
319 1635 364 1686 uisi
377 1635 454 1686 lorsan
467 1636 517 1699 quis
523 1635 664 1698 imaginetur
675 1633 737 1684 idem
745 1633 855 1684 accidens

58 1723 151 1760 numero
165 1709 267 1760 defluere
282 1707 310 1756 ab
321 1709 405 1771 agente
418 1707 442 1756 iu
456 1707 563 1771 patiens,
576 1706 637 1756 siout
656 1704 796 1757 Democritus
814 1716 858 1768 nu·

59 1781 126 1832 nebat
143 1779 193 1831 lieri
209 1779 321 1830 annonem
335 1793 376 1844 per
391 1780 507 1830 delusum
522 1781 655 1829 atomomm.
687 1796 690 1802 ¹

358 1931 519 1983 nuncnune
534 1932 563 1981 n.
618 1988 623 1994 ,

118 2041 205 2087 Utrum
223 2039 251 2084 iae
271 2039 373 2102 neoterio
392 2038 511 2098 corporali
529 2037 578 2101 sinat
597 2037 683 2094 atiquo
701 2036 805 2080 lotiones

394 2102 527 2148 seminales.

94 2215 126 2266 Al
145 2213 270 2264 somnium
286 2211 319 2262 sio
330 2211 464 2276 proselitus
480 2209 525 2274 (l).
540 2208 634 2261 Videtur
649 2206 709 2273 quid
723 2206 748 2256 in
766 2207 862 2258 materia

65 2285 173 2350 corporali
190 2297 236 2334 nou
248 2283 297 2334 'sint
313 2284 394 2347 aliquae
408 2279 646 2333 rationessenioeles.
656 2280 731 2329 liutto
743 2278 804 2329 euim
817 2279 866 2335 im·,

66 2361 137 2422 portat
148 2357 234 2420 aliquid
249 2355 373 2407 seouulirm
385 2369 436 2406 asso
447 2352 573 2420 spirituale.
584 2352 630 2402 wi
641 2352 666 2402 iu
675 2351 770 2402 materie
781 2364 861 2416 eorpo-

65 2430 105 2480 rali
124 2440 171 2480 uon
187 2429 225 2478 ast
243 2427 327 2491 aliquid
345 2425 506 2492 spiritualitem
527 2425 567 2475 soal
587 2423 734 2475 materialiter
753 2422 859 2485 tantum,

66 2500 187 2552 seouutlim
202 2499 292 2550 sollioet
311 2500 403 2550 medum
416 2499 472 2563 'ejus
487 2498 512 2548 iu
530 2510 576 2562 quo
592 2498 636 2546 eat.
654 2496 713 2559 Ergo
727 2494 752 2544 iu
768 2493 862 2544 materia

68 2571 175 2640 corporali
190 2585 237 2622 nou
251 2574 305 2625 sunt
319 2571 440 2621 seminales
455 2567 564 2620 rationes.

99 2737 127 2802 (l)
145 2741 179 2784 De
197 2735 233 2783 lrls
249 2737 319 2782 etiam
330 2735 353 2781 in
369 2737 404 2794 ll,
418 2735 495 2785 Solet,
514 2734 566 2780 (list.
585 2733 609 2779 7.
621 2728 683 2779 iulru‘
695 2731 861 2790 expositionem

69 2803 145 2848 literae
160 2801 210 2847 eine
224 2797 313 2854 textum
328 2805 354 2844 nt
364 2804 388 2844 et
397 2798 450 2844 eliel.
467 2797 509 2858 1³,
524 2803 568 2843 art.
580 2797 607 2850 1;
622 2803 646 2842 ot
659 2797 712 2841 list.
725 2793 764 2853 te,
777 2799 820 2839 art.
833 2794 873 2862 is

70 2871 90 2912 et
102 2879 139 2927 qu.
157 2865 182 2924 7,
197 2863 226 2909 ue
240 2863 320 2923 verit,
335 2867 378 2908 art.
394 2861 408 2906 θ
423 2862 452 2907 ad
466 2859 489 2907 i.
