1984 3309
129 83 162 121 DE
175 80 293 123 nortliutae
303 84 332 121 ιιι
343 82 442 123 mactata
452 84 529 121 torus
539 84 619 122 matt.
635 85 793 124 rotmanis.
825 77 872 124 879

96 166 124 211 2.
141 162 270 223 praterea,
288 161 377 211 bonitas
392 164 456 211 actus
468 174 516 213 uon
531 163 605 212 solum
618 165 654 211 est
672 175 702 211 er
715 162 818 225 objecto,
832 166 872 214 sed

61 232 139 282 etiam
155 244 185 281 en
196 230 384 296 circumstantiis,
400 237 426 284 ut
440 232 510 297 supri
519 233 603 283 dictum
615 236 650 283 est
665 233 712 297 (qu.
728 238 768 297 18,
781 236 824 284 art.
837 238 870 297 a).

62 304 112 354 Sed
132 302 260 354 secunddm
278 304 432 357 diversitatem
450 304 670 356 circumstantiarum
688 305 799 367 coutiugit
821 319 872 357 esse

63 374 228 425 diversitatem
241 376 349 427 bonitatis
361 380 384 427 et
395 376 486 427 mallia
498 376 523 425 in
534 380 585 427 actu
595 377 718 436 voluntatis
731 376 802 441 :puli
812 376 872 440 qudd

64 444 153 509 aliquis
171 445 327 510 velitquaudo
342 449 421 509 dehet,
437 444 463 498 et·
473 447 513 498 ubi
530 448 609 512 debet,
631 452 739 515 mantum
754 449 820 499 debet
831 486 837 509 ,
850 453 873 499 ει

64 516 186 579 quomodo
198 518 275 581 debet,
291 519 327 569 vel
340 522 405 583 prout
422 520 495 570 debet.
511 521 569 583 lingo
585 520 675 572 bouitas
688 520 813 571 voluntatis
826 532 873 571 non

64 589 142 639 solum
156 589 272 652 dependet
285 603 314 640 ex
327 591 428 654 oblecto,
447 592 487 644 sed
500 592 571 659 eliam
583 604 615 642 ει
626 592 811 643 circumstantiis.

101 665 126 709 3.
140 661 272 725 Praeterea,
291 661 417 725 ignorantia
430 663 648 713 circumstantiarum
659 668 751 715 excusat
763 662 873 713 malitiam

65 732 206 793 voluntatis,
219 734 322 798 utsupra
334 736 435 787 habitum
447 739 483 786 est
495 736 554 800 (qu.
572 740 596 798 6,
608 738 650 784 art.
663 735 704 798 ι).
718 736 763 788 Sed
776 737 819 785 troc
827 748 872 784 uon

65 808 133 855 esset
147 804 196 855 uisi
208 805 297 856 bonius
311 810 334 857 et
345 808 430 857 malitia
439 806 562 857 voluntatis
574 806 774 857 acircumstantiis
786 808 875 870 depen-

67 877 144 927 deret.
160 878 221 941 Ergo
235 878 323 929 bouitas
339 882 362 929 et
376 879 462 929 malitia
475 878 599 929 voluntatis
611 879 722 942 dependet
734 891 763 929 ex
778 878 875 929 cucum-

68 947 180 1010 stautiis,
197 952 221 998 et
233 962 279 999 nou
296 950 309 999 ιι
325 951 373 1001 εοιο
384 951 482 1015 objecto.

102 1021 151 1071 Sed
164 1023 256 1085 contra,
269 1034 299 1071 en
310 1022 491 1085 circumstantiis,
503 1023 645 1085 inquantum
659 1020 789 1085 hujusmodi
795 1057 803 1083 ,
811 1023 875 1072 actus

70 1104 120 1142 non
133 1091 205 1141 habet
220 1092 328 1156 speeiem,
336 1096 362 1143 ut
372 1093 440 1159 supra
449 1093 534 1145 dictum
545 1097 580 1144 est
592 1094 642 1158 (qu.
652 1096 697 1155 ιι,
707 1095 750 1142 art.
762 1096 792 1142 ιι
802 1092 819 1155 ).
830 1093 875 1143 Sed

69 1164 161 1215 bonum
180 1167 203 1213 et
219 1166 303 1215 malum
317 1168 371 1214 sunt
384 1164 495 1228 specificae
508 1164 645 1215 differentiae
658 1167 722 1214 actus
734 1164 874 1227 voluntatis,

69 1239 96 1285 ut
114 1234 202 1285 dictum
215 1238 250 1285 est
263 1235 317 1301 (qu.
338 1239 383 1299 18,
398 1241 440 1285 art.
456 1236 499 1300 5).
514 1236 573 1298 Ergo
587 1234 676 1285 bonitas
693 1239 717 1285 et
730 1231 817 1285 malitia
834 1249 875 1285 vo·

71 1307 172 1357 luntatis
185 1320 232 1361 uon
244 1308 410 1371 dependenter
423 1306 612 1369 circumstantiis,
622 1306 662 1357 sed
673 1320 702 1357 ex
715 1307 873 1370 soloolrjecto.

106 1381 117 1444 l
127 1380 273 1431 Conclusio.
283 1406 314 1418 —
325 1380 382 1431 Cdm
392 1381 506 1443 obiectum
516 1392 558 1443 per
569 1392 594 1429 se
604 1378 665 1428 actui
675 1379 798 1428 voluntatis
811 1378 877 1429 ooni-

72 1457 148 1504 tatem
163 1451 256 1515 adierat,
271 1466 300 1503 ex
315 1453 366 1516 ipso
383 1453 443 1513 solo,
459 1456 482 1503 ει
494 1464 540 1501 uon
552 1465 581 1501 ex
596 1449 772 1501 circumstantiis
787 1451 877 1501 bonitas

74 1524 203 1576 voluntatis
217 1524 358 1590 dependet.)

106 1597 244 1661 Respondeo
258 1596 393 1660 dicendum,
407 1594 467 1659 quid
478 1596 502 1646 iu
514 1596 615 1659 quolibet
630 1607 712 1659 genere
722 1633 729 1655 ,
739 1595 824 1658 quanti
835 1596 877 1646 ali·

73 1667 132 1732 qnid
146 1670 183 1719 est
195 1668 271 1731 prius,
284 1668 347 1719 tauto
361 1672 395 1719 est
409 1668 547 1733 simplicius,
563 1670 586 1717 el
597 1668 621 1717 iu
632 1667 778 1731 paucioribus
792 1667 878 1719 musis-

72 1744 146 1803 tens3
165 1740 225 1789 sicut
239 1740 312 1804 prima
327 1753 419 1805 corpora
432 1744 486 1790 suut
500 1740 630 1803 simplicia:
645 1743 669 1790 ει
681 1739 733 1790 ideo
746 1739 878 1790 invenimus

76 1811 140 1875 qudd
151 1824 179 1862 ea
192 1826 242 1877 quan
254 1816 307 1863 suut
318 1811 390 1877 prima
401 1812 425 1863 in
438 1812 539 1877 quolibet
552 1826 635 1875 genere
645 1852 650 1873 ,
661 1816 715 1863 sunt
725 1812 877 1877 aliquomodo

76 1883 206 1947 simplicia,
221 1888 244 1935 et
254 1884 278 1935 in
292 1898 337 1935 unc
350 1884 485 1935 consistunt.
494 1884 634 1949 Principium
644 1887 720 1934 autem
733 1883 841 1933 bonitalis
854 1886 878 1933 et

75 1954 173 2005 malitiae
183 1956 333 2007 humanorum
346 1959 452 2018 actrmm,
467 1959 502 2005 est
519 1968 548 2006 ειι
563 1959 617 2005 actu
630 1953 753 2006 voluntatis
772 1957 813 2003 :et
826 1954 878 2004 ideo

75 2026 171 2077 bonitas
180 2029 204 2077 et
212 2027 297 2079 malitia
306 2026 428 2078 voluntatis
439 2026 563 2085 secundum
573 2026 659 2089 aliquid
668 2038 738 2075 unum
745 2024 878 2084 attenditur3

77 2098 176 2149 aliorum
193 2098 249 2149 veri
264 2104 353 2150 actuum
367 2100 456 2150 nonius
469 2101 492 2149 et
510 2097 598 2148 malitia
613 2098 689 2162 potest
705 2094 828 2146 secundinm
843 2096 878 2146 di·

77 2184 146 2220 versa
160 2172 255 2222 attendi.
268 2172 326 2223 tllrd
340 2175 415 2223 ειιιειιι
425 2184 506 2234 uuum,
514 2170 573 2233 quod
587 2171 622 2219 est
632 2167 771 2233 principium
782 2166 809 2215 in
820 2180 879 2230 quo-

77 2242 135 2293 libet
149 2256 246 2307 genere,
258 2256 304 2295 non
323 2247 357 2293 est
373 2257 413 2309 per
425 2242 551 2304 accidens,
565 2241 605 2292 sed
619 2253 660 2304 per
677 2253 715 2301 se3
726 2237 779 2301 quie
788 2255 802 2286 u
812 2251 880 2288 omne

80 2314 142 2377 qnod
164 2317 198 2364 est
210 2328 249 2379 per
262 2314 365 2366 accidens
378 2314 492 2366 reducitur
510 2315 538 2363 ad
553 2314 577 2363 id
594 2312 654 2377 quod
667 2311 702 2361 εει
714 2324 756 2375 per
769 2325 794 2361 se
807 2311 850 2377 (l),
865 2326 879 2356 »

79 2386 142 2435 sicut
160 2386 188 2436 ad
209 2386 343 2452 principium
358 2404 364 2436 ε
379 2390 402 2437 ει
416 2387 466 2437 ideo
482 2384 572 2436 bouitas
590 2384 713 2438 voluntatis
726 2396 756 2433 er
768 2384 816 2434 solo
835 2395 880 2433 uuo

80 2456 121 2507 illo
130 2458 257 2523 dependet,
272 2460 331 2522 quod
343 2472 383 2523 per
396 2471 420 2509 se
434 2458 488 2508 lacit
499 2456 628 2508 bonitatem
636 2455 661 2504 iu
674 2458 740 2516 actu,
753 2456 839 2506 scilicet
851 2469 881 2505 er

81 2528 173 2592 obiecto
178 2566 186 2594 ,
196 2532 220 2579 et
230 2542 275 2581 nou
285 2544 314 2581 ex
325 2528 511 2592 cummstartiis,
519 2541 569 2591 quae
576 2529 629 2577 suut
637 2528 742 2591 quadam
754 2526 891 2577 accidentia-

80 2602 154 2651 actus.

118 2748 149 2812 (l)
167 2749 283 2807 Colligitur
292 2762 321 2795 or
333 2740 375 2793 lib.
387 2748 427 2793 VI.
440 2746 584 2803 Metoptm„
598 2750 655 2790 tert.
667 2744 696 2805 ι,
709 2744 881 2803 eqmratenrar,

81 2819 144 2868 etex
156 2812 199 2859 lib.
213 2814 244 2858 ιι.
258 2812 367 2871 Pityaia,
382 2814 438 2873 text.
454 2807 500 2869 ιι,
520 2820 548 2853 ao
558 2808 677 2865 deinceps.
