1984 3309
203 188 237 225 us
252 188 317 225 nono
333 190 363 226 cr
378 189 467 228 oanan
483 190 659 230 ramunculus.
786 188 833 237 iit

27 264 76 315 nate
92 277 132 315 res
145 269 325 328 cognoscuntur.
344 267 413 317 dctus
426 270 503 317 autem
519 267 672 333 incompletos
685 275 720 322 est
734 273 830 325 scientia

27 339 162 400 inperfecta
172 336 223 402 (l),
236 351 277 401 per
291 352 359 401 quam
373 339 475 390 sciuntur
485 352 523 390 res
535 340 665 393 indistincte
678 344 720 394 surb
733 347 829 409 wadan

25 411 167 460 uonursione.
191 410 258 468 Quod
276 409 338 459 enirn
357 411 390 460 sic
406 411 561 475 agnoscitur,
578 414 701 465 seeundum
722 417 775 480 quid
793 432 832 468 co-

26 483 138 536 gnoscitur
150 481 177 530 in
191 485 259 543 actu,
273 485 298 531 et
309 482 476 545 quodammodo
487 483 513 533 in
526 485 636 547 potentia.
648 488 712 538 Unde
724 489 828 541 Philoso-

26 557 78 615 olrus
92 553 162 616 dicit,
174 554 193 603 l.
211 552 325 617 ΡΙιῃείευ
339 552 400 617 qudd
413 571 426 601 o
436 558 490 603 sunt
508 555 581 619 primd
600 557 663 607 nohis
677 560 796 610 manifesta
808 565 831 613 et

25 631 77 674 corta
95 626 196 676 contusa
216 624 306 688 magis3
327 625 442 689 posteriirs
462 631 537 676 autern
558 629 726 694 cognoscimus,
750 631 831 683 distin-

25 700 122 758 guendo,
134 695 255 760 pnndpia
266 700 290 747 et
307 697 453 747 elementa.»
469 698 614 749 Manifestum
629 706 665 750 est
678 705 754 753 autem
770 704 829 768 qudd

25 782 156 822 cognoscere
176 767 267 831 aliquid
280 768 306 816 in
319 782 364 831 quo
382 769 447 832 ptura
463 770 618 833 continentur,
640 773 688 823 sine
707 775 751 825 hoc
769 778 829 839 quod

26 841 126 891 habeatur
136 840 236 905 propria
247 838 329 889 notitia
341 838 521 904 uniuscujusque
536 855 613 892 eorum
625 858 674 907 quae
684 845 830 898 continentur

27 910 47 956 in
65 912 114 975 illo,
131 915 170 961 est
188 923 332 973 cognoscere
351 910 436 974 aliquid
457 912 500 961 sub
521 913 653 965 contunsione
670 916 775 978 quadan.
793 916 831 967 Sic

28 986 96 1031 auteur
104 987 186 1047 potest
195 980 307 1044 cognosci
315 986 361 1031 tana
372 986 445 1033 mlum
454 984 591 1045 uniuersale,
602 985 626 1034 in
635 999 679 1049 quo
688 992 764 1050 panes
776 1002 829 1039 con-

28 1053 153 1104 tinenourin
170 1051 299 1119 potentia,
314 1052 462 1115 quinetiam
479 1059 552 1105 totum
567 1055 695 1119 integrale;
709 1063 828 1124 utrumque

28 1126 81 1173 enin
95 1130 169 1176 totum
186 1129 270 1190 potest
287 1125 393 1187 cognosci
409 1125 434 1175 in
448 1128 545 1190 quadam
562 1127 708 1193 confusione,
723 1130 772 1181 sine
785 1132 830 1181 hoc

28 1195 77 1257 quod
85 1202 162 1262 panes
171 1194 287 1247 distincte
298 1200 472 1257 cognoscuntur,
483 1198 626 1260 Cognoscere
637 1204 713 1250 auteur
724 1201 829 1252 distindd

27 1269 45 1316 id
59 1271 114 1332 qnod
127 1271 268 1320 continetur
278 1268 302 1317 in
315 1272 365 1318 toto
380 1268 516 1333 universali,
529 1271 659 1322 esthabere
676 1274 829 1335 cognitionem

27 1341 49 1389 de
58 1357 80 1390 re
93 1342 172 1393 minus
183 1339 314 1393 communi.
326 1340 388 1391 Sicut
397 1354 534 1405 cognoscere
544 1342 629 1393 animal
641 1343 784 1408 indistincte,
794 1348 829 1396 est

27 1427 155 1476 suagroscerc
174 1413 264 1466 animal
278 1412 304 1461 in
319 1416 429 1478 quntum
439 1420 475 1463 est
490 1414 587 1478 arrima13
602 1427 739 1479 cognoscere
751 1420 829 1466 autem

26 1489 98 1537 <rosnat
107 1485 234 1550 distincte,
246 1490 284 1536 est
296 1499 433 1548 cognoscere
444 1484 528 1536 animal
540 1486 564 1535 in
579 1490 689 1549 nantum
700 1490 735 1537 est
744 1486 828 1539 annal

25 1559 123 1611 alienate
145 1559 189 1610 rel
206 1556 356 1619 irrationale3
369 1557 429 1619 quod
447 1561 481 1609 est
500 1570 637 1621 cognoscere
657 1558 773 1610 nominem
790 1560 828 1610 vel

25 1629 109 1683 leonem.
132 1630 209 1683 Priius
231 1629 305 1692 igitur
325 1629 422 1679 occurrit
444 1629 571 1679 intellectui
592 1633 670 1681 nostro
690 1643 827 1695 cognoscere

24 1704 112 1769 animal,
124 1705 200 1769 mam
213 1714 351 1765 cognoscere
362 1702 484 1752 hominem.
493 1704 522 1752 El
533 1702 678 1754 eidemratio
690 1708 725 1754 est
733 1704 753 1755 si
765 1718 828 1755 corun

26 1786 120 1832 oarernus
129 1776 290 1841 quodcunque
301 1772 375 1835 magis
383 1774 513 1825 universale
525 1774 552 1823 ad
563 1772 638 1825 minius
648 1775 784 1827 universale,
800 1777 829 1825 lit

25 1847 66 1905 agria
75 1863 159 1899 ansus
174 1847 227 1898 exit
237 1846 266 1895 de
276 1844 380 1909 potantia
390 1844 416 1894 iu
427 1850 503 1895 actum
517 1846 577 1896 sicut
586 1850 609 1897 et
619 1846 757 1911 intellectus,
766 1848 826 1899 idem

24 1918 82 1968 eliani
91 1921 149 1971 ordo
161 1916 307 1982 cognitionis
320 1921 417 1980 appaoet
426 1916 450 1965 in
465 1931 544 1967 sensu.
554 1917 612 1969 Nam
626 1918 688 1984 prius
702 1917 826 1970 secundium

23 2005 103 2041 cusum
117 1989 281 2056 dijudicamus
295 1987 369 2051 magis
382 2002 511 2053 commune,
520 1988 588 2053 qu'am
604 1990 680 2041 minis
696 2004 825 2051 commuue,

24 2067 42 2107 et
57 2062 183 2114 nouandum
202 2060 279 2112 locum
302 2063 325 2111 et
342 2059 468 2111 secundom
480 2065 582 2125 tempus.
598 2062 727 2113 Secundum
747 2062 822 2113 locum

23 2136 112 2196 giriden,
127 2136 195 2186 sicut
205 2132 260 2183 corn
272 2132 361 2197 aliqurid
369 2134 460 2182 uidetur
472 2132 485 2183 l
496 2132 604 2198 remotis,
622 2133 685 2199 prius
697 2134 826 2199 deprehen-

36 2207 75 2255 'uur
84 2221 136 2258 esse
152 2219 256 2271 corpus,
267 2202 337 2267 quam
352 2204 534 2268 deprehendatur
546 2219 597 2255 esse
614 2204 714 2269 animal3
730 2209 753 2256 et
762 2204 826 2270 prius

24 2278 263 2340 deprehendissem
280 2274 378 2337 annal,
395 2275 463 2339 quum
482 2277 664 2341 deprehendatur
677 2288 728 2327 esse
742 2278 825 2339 honr03

24 2361 40 2396 c
54 2352 115 2413 priin
133 2354 224 2410 hermo,
239 2347 308 2413 quim
329 2348 433 2398 Socrates
449 2348 486 2399 vel
505 2349 578 2400 Plato.
593 2348 719 2400 Secundino
735 2353 826 2415 ternpus

25 2428 103 2484 ‘alen
113 2423 172 2488 quia
186 2435 246 2486 puer
262 2419 276 2469 d
291 2418 404 2483 pnncipio
418 2418 481 2483 prids
493 2419 612 2484 distinguit
624 2421 740 2471 hominem
754 2421 766 2473 a
779 2435 825 2472 nou

49 2551 76 2610 fil
92 2553 167 2609 large
185 2548 325 2606 accipiendo
342 2559 428 2592 nomen
444 2548 548 2593 scientiae
560 2554 628 2606 prout
643 2550 772 2606 quamlibet
782 2563 825 2596 no·

27 2614 86 2659 cirrum
103 2613 277 2661 intellectivam
292 2609 420 2667 signidem
437 2623 484 2666 quo
501 2622 571 2657 sensu
590 2624 642 2657 eam
661 2611 735 2669 accipi
756 2626 824 2671 posse

28 2685 80 2721 rodat
95 2683 118 2723 s.
141 2678 248 2723 Thomas
266 2674 310 2718 lll.
330 2680 455 2729 purt.‚c1u.
476 2672 505 2731 e,
521 2680 564 2719 art.
584 2673 611 2731 1,
626 2675 709 2721 ubido
727 2678 824 2725 scientia

33 2741 96 2785 ,irrisui
108 2742 168 2798 agit.
184 2740 248 2786 Nam
263 2736 350 2793 alioqui
363 2736 459 2781 scientia
477 2736 570 2793 proprie
586 2737 647 2783 dicta
663 2738 714 2783 cdrn
728 2752 770 2795 per
784 2740 824 2785 de-

27 2805 210 2849 monstrationem
224 2800 360 2855 acquiratur
370 2812 421 2856 quae
434 2810 485 2844 rem
501 2812 542 2857 per
553 2811 635 2845 causas
649 2800 734 2857 primas
744 2803 823 2847 inimc-

27 2863 137 2922 ‹lcuasque
158 2863 299 2921 investigat,
322 2874 368 2905 non
388 2867 466 2917 potest
491 2874 542 2906 eam
560 2862 690 2909 indistincte
712 2864 760 2910 sive
779 2865 822 2909 sub

27 2930 115 2978 ¹{aradam
133 2927 275 2974 confusione
288 2936 439 2981 cognoscere.
