1984 3309
130 135 175 185 toa
226 187 231 197 ,
338 145 399 186 esus
416 148 438 197 r,
451 145 544 194 cunm.
559 147 614 198 cuv,
630 146 685 185 inv.
701 149 718 184 r.

128 225 230 272 cessante
244 221 333 272 actione
346 222 410 275 ends.
429 224 468 274 Sic
480 227 557 274 annm
571 238 596 274 sc
610 224 678 274 habet
693 223 768 274 orums
782 226 886 274 creatura
898 223 927 274 ad

128 294 212 355 Dennn
227 293 287 344 siem
298 307 337 344 aer
352 295 381 346 ad
398 296 470 346 sotem
489 295 665 346 illuminantem.
680 296 745 346 Sicut
766 295 828 345 cuim
841 295 876 346 sol
892 300 928 346 cst

129 364 208 415 lucens
220 379 261 429 per
277 380 343 417 suurn
360 371 481 430 naturam3
499 381 538 417 aer
554 371 629 418 auteur
647 367 676 418 sit
693 365 821 418 luminosus
837 367 929 431 partici-

129 437 204 500 pando
216 436 294 488 lumen
309 436 323 487 d
336 439 398 502 sote,
412 443 550 490 nontamen
568 437 723 502 participando
736 441 843 488 naturam
853 438 907 489 sotis
921 454 927 486 :

128 508 162 561 ita
178 509 240 560 sotus
249 509 310 560 Deus
320 515 356 562 est
371 523 413 562 ens
426 525 467 574 per
478 511 599 562 essentiam
612 523 688 573 suam,
697 509 751 574 quia
764 511 817 575 ejus
830 511 930 561 essentie

129 584 163 632 est
176 595 244 632 suum
255 597 324 646 esce,
337 583 412 634 omnis
428 587 504 633 summ
526 586 630 634 creatura
649 587 684 633 est
698 595 739 634 eus
752 581 931 646 participative,

130 666 176 702 nou
182 655 242 716 quod
250 667 291 704 sua
299 655 399 706 essentia
405 659 440 706 est
447 669 514 705 snum
521 655 615 704 essem
621 653 672 704 ideo
680 655 821 717 Augustinus
830 653 888 704 dicit
894 655 932 704 IV.

130 725 212 789 Seper
227 725 288 775 Gen.
297 725 333 776 ed
342 726 384 777 tit.
398 728 458 790 (cap.
471 725 529 790 tit:
545 743 558 773 u
567 725 643 775 Virtus
658 725 700 776 itai
710 727 737 776 ab
747 726 783 776 eis
798 739 851 789 qtrae
860 729 934 777 erem

130 800 197 859 suut,
210 798 314 861 regendis
327 798 348 848 si
358 803 457 850 cessaret
467 798 602 862 aliqnaud03
615 797 715 848 simulet
727 797 819 848 iltomm
833 801 934 850 cessaret

132 867 355 934 daemoniisque
365 874 444 921 natura
455 869 591 921 concideret
603 871 654 919 »nt
665 869 691 920 iu
701 869 751 920 Vltl
761 869 869 933 ejnsdcm
879 872 936 921 libro

131 939 188 991 dicit
201 940 210 1005 (
222 955 273 1005 cap.
287 945 318 992 tt
329 942 349 1006 )‚
364 943 425 1006 quod
436 942 517 992 «sicm
526 955 564 992 eer
575 945 686 1006 presente
697 941 781 992 lumine
800 942 827 990 dt
837 943 934 1006 luridus,

131 1011 246 1064 sichomo
260 1015 305 1064 [teo
319 1014 364 1064 sibi
375 1019 487 1078 presente
504 1013 660 1078 illuminatur3
675 1015 769 1064 absente
782 1017 871 1076 summ,
883 1029 936 1066 con·

131 1083 196 1134 tinud
206 1085 346 1136 tenebratur.
360 1101 375 1133 n

164 1156 198 1204 dd
213 1155 312 1220 primum
326 1170 380 1220 ergo
394 1157 515 1208 dicendum
522 1195 531 1221 ‚
545 1157 606 1222 qudd
618 1171 669 1206 esec
682 1169 724 1220 per
737 1169 771 1218 sc,
784 1159 937 1222 consequitur

132 1228 229 1278 turmam
243 1232 350 1279 creature
360 1268 367 1293 ‚
379 1229 498 1294 supposito
509 1234 587 1280 tamen
600 1229 689 1280 induxn
703 1229 750 1278 Dei
762 1244 767 1277 :
778 1229 840 1280 sicut
857 1229 938 1280 tenum

134 1298 236 1359 sequitru
246 1301 382 1366 diaphanuur
393 1302 461 1363 aeris,
470 1301 589 1366 supposito
602 1301 688 1351 influxu
701 1301 764 1350 sotis.
777 1301 845 1368 Unde
856 1306 939 1366 poten·

134 1371 167 1422 tia
179 1372 208 1421 ad
221 1387 269 1422 nea
279 1387 340 1425 esre,
349 1372 374 1422 in
386 1371 544 1436 spiritualibus
555 1371 663 1423 creaturis
674 1374 697 1420 et
710 1371 842 1436 corporibus
854 1373 936 1424 cceles-

133 1442 211 1506 tidns,
219 1445 293 1508 magis
305 1444 376 1496 estin
384 1445 449 1507 Deo,
460 1444 499 1509 qni
509 1447 586 1510 potest
598 1441 730 1494 subtrahere
739 1457 806 1494 snum
813 1444 937 1508 inflexum,

134 1515 202 1578 uuam
215 1516 240 1566 in
256 1517 327 1567 torma
340 1517 378 1567 vel
386 1516 410 1566 in
419 1516 516 1567 materia
527 1515 604 1567 talium
613 1518 776 1566 creaturarum.

166 1587 199 1638 tid
209 1588 337 1666 secundum
346 1587 479 1650 decadum,
488 1586 549 1652 quod
560 1588 619 1636 Deus
628 1599 675 1636 uon
683 1589 758 1651 potest
766 1589 938 1640 communicare

135 1658 203 1708 alicui
217 1661 325 1708 creaturae
337 1664 363 1709 ut
379 1663 527 1710 conservetur
538 1659 563 1708 in
578 1673 644 1718 ecce,
658 1671 698 1708 sun
712 1658 802 1709 actious
814 1665 937 1725 cessantc3

135 1729 195 1780 sicut
207 1743 254 1780 non
266 1734 341 1794 potest
356 1732 378 1783 ei
392 1732 558 1782 communicare
573 1730 632 1794 qudd
646 1730 734 1780 nonsit
746 1731 899 1782 causaitiius.
914 1735 940 1782 ln

136 1805 222 1851 tantvm
238 1802 299 1854 enim
313 1803 400 1867 indiget
415 1807 518 1854 creatura
534 1801 767 1865 conservantiam
784 1801 809 1852 in
825 1807 941 1867 quantum

136 1889 187 1924 erse
198 1873 294 1925 edemus
305 1875 417 1942 dependet
425 1873 440 1925 d
449 1887 518 1926 causa
529 1874 627 1924 essendi.
641 1874 705 1925 Unde
717 1887 763 1924 nou
776 1878 813 1924 est
824 1874 902 1925 simite
913 1876 941 1926 de

131 1943 233 2011 agente}
244 1949 304 2011 quod
316 1963 361 1999 non
375 1953 412 1998 est
424 1961 493 1998 eausa
505 1946 606 2009 essendi,
618 1947 658 1996 ssd
667 1945 737 1995 fiendi
745 1949 846 1995 tantum.

168 2020 202 2070 nd
214 2019 306 2070 tertium
323 2019 457 2080 denudum,
473 2017 534 2082 qudd
547 2017 604 2067 ratio
615 2018 653 2066 iila
662 2017 765 2081 procedit
776 2018 804 2068 dc
817 2031 942 2069 conserve-

136 2092 200 2144 tione
209 2105 261 2156 qun
272 2095 307 2142 est
315 2105 358 2157 per
367 2090 517 2143 remotionem
528 2089 708 2152 corrumpentis,
718 2102 763 2152 qua
776 2103 822 2140 uon
833 2089 942 2153 indigent

137 2179 217 2216 omues
231 2169 352 2228 creatione,
366 2170 392 2214 ut
406 2163 492 2213 dictim
505 2165 547 2212 cst.

169 2238 203 2288 dd
214 2242 320 2302 quartum
330 2237 465 2300 dicendum,
479 2234 540 2299 qrrdd
554 2234 695 2284 conservatio
708 2247 784 2284 rerum
799 2234 814 2284 d
829 2236 882 2286 Deo
894 2248 943 2285 non

138 2312 172 2359 cst
186 2322 228 2372 per
240 2309 340 2374 aliquam
354 2321 436 2358 novum
448 2307 575 2370 actionem,
589 2305 629 2356 sed
642 2319 684 2369 per
696 2305 892 2358 continuationem
906 2320 944 2356 ae-

137 2379 207 2430 tionis
221 2394 266 2443 pam
280 2381 318 2430 dat
331 2394 396 2443 ccee‚¹
412 2392 462 2442 que
475 2378 568 2442 quidem
583 2377 643 2428 actio
657 2377 755 2428 estsine
769 2382 833 2428 motu
847 2383 872 2430 et
884 2382 944 2430 tem-

138 2463 193 2514 pore
206 2468 213 2498 a
225 2451 283 2501 sicud
296 2451 366 2500 etiam
379 2448 522 2502 conservatio
533 2447 625 2500 luminis
636 2449 660 2498 in
675 2459 741 2512 aere,
757 2454 793 2500 est
808 2463 851 2513 per
865 2452 943 2502 conti-

140 2526 233 2573 nuatum
246 2522 382 2572 indusum'a
394 2523 449 2574 sols.
