1984 3309
276 149 308 187 nn
323 149 449 191 cernamus
464 152 652 196 rurmnncrrvre.
824 145 869 195 isa

52 228 103 274 tum
127 225 158 275 ad
174 226 219 275 hcc
237 238 286 276 nun
307 226 385 278 dilicrt
405 227 482 279 utrium
493 229 623 283 intellectus
646 244 717 294 agens
737 230 768 281 sit
786 230 870 296 aliquid

53 298 143 349 anime
153 298 193 349 vel
203 297 292 362 aliquid
302 305 441 364 separatum.

86 370 125 421 nd
140 374 250 433 quartam
267 369 404 432 dicendum,
417 373 479 437 quid
492 373 568 426 anima
581 373 718 425 intellectiva
731 379 767 425 est
777 374 868 439 quidem

53 447 109 492 actu
119 440 297 505 immaterialis,
307 443 349 493 sed
358 448 394 494 est
402 444 427 494 in
435 444 537 508 patentia
547 445 576 495 ad
588 444 770 497 determinandas
780 446 869 511 species

52 528 140 564 rerum.
153 514 320 564 phantasmata
333 517 411 565 autern
422 530 436 565 e
447 512 557 567 converse
571 521 624 567 aunt
634 519 726 581 quidem
738 522 789 569 actu
803 518 867 569 simi·

51 585 165 637 titudines
180 585 311 649 specierum
326 588 491 650 quarumdam
506 588 615 639 sedeunt
633 589 657 639 iu
671 590 773 653 potentia
786 590 867 642 imma-

52 658 153 709 terialia.
175 658 242 708 Unde
262 657 322 709 nihil
341 658 448 722 prohihet
465 673 533 709 unam
555 663 578 711 et
597 661 701 714 eamdem
719 661 819 713 animam
842 661 867 715 iu

52 733 166 790 quantum
183 732 219 779 est
234 727 394 779 immmerialis
414 729 439 778 iu
457 730 623 792 admirabere
643 731 742 796 aliquam
758 731 867 782 umtutenr

51 814 177 865 perquam
189 800 263 851 faciat
276 800 438 852 immaterialia
447 801 473 850 in
487 806 553 865 actu,
566 802 716 855 abstrahendo
728 804 741 855 a
754 802 867 857 conditio-

53 874 122 923 nibus
132 872 289 923 individualis
301 872 417 936 materiae,
431 888 481 937 qum
496 874 588 937 quidem
607 874 679 925 uirtus
698 875 779 927 dicitur
799 874 867 930 iutel-

52 943 125 995 lectus
139 958 231 1009 agens3
248 949 272 994 et
290 944 358 995 aliam
378 944 485 997 virtutem
504 946 642 1010 receptivam
663 948 794 1012 hru'usmcrli
812 961 866 1012 spc-

57 1015 158 1078 cierum,
172 1030 226 1079 quae
240 1014 328 1065 dicitur
343 1016 474 1067 intellectus
486 1017 617 1082 possibilis,
632 1018 781 1082 inquantum
795 1022 830 1071 est
841 1018 865 1069 in

57 1088 159 1150 petentia
172 1089 204 1137 ad
218 1087 354 1151 hujusmodi
365 1087 462 1151 species.

88 1160 122 1209 Ad
132 1158 245 1223 quintum
252 1158 392 1217 dicendum,
403 1157 465 1222 qnid
474 1157 528 1209 cirm
538 1159 639 1210 essentia
650 1160 733 1213 anima
744 1161 775 1212 sit
786 1160 866 1211 imma-

55 1232 155 1295 terialis,
171 1232 310 1295 asupremc
322 1230 441 1281 intellcctn
454 1236 530 1281 creata
537 1267 545 1293 ‚
557 1231 616 1281 uilril
629 1233 735 1296 prohibet
746 1233 862 1293 uirtutem,

55 1318 105 1367 quae
118 1304 133 1355 ’a
145 1316 258 1369 supremo
273 1303 397 1355 intellectu
412 1302 573 1367 participatur,
590 1317 631 1367 per
646 1319 714 1369 quam
733 1304 864 1355 abstrahitd

57 1376 167 1437 materia,
183 1376 214 1427 ah
222 1374 326 1425 essentia
342 1373 419 1438 ipsius
429 1375 559 1438 precedere,
575 1375 635 1425 sicut
647 1380 672 1427 et
687 1375 742 1427 alias
755 1377 806 1441 ejus
819 1389 864 1439 pc-
942 1391 945 1399 ’

58 1449 145 1499 leulias.

352 1545 513 1597 caliculus
528 1548 555 1597 V.

148 1661 242 1709 Utrum
255 1662 393 1707 immiicctua
403 1674 477 1719 aperus
485 1663 518 1707 cit
527 1674 591 1708 anua
604 1638 630 1707 ira
638 1661 754 1707 omnium.

83 1782 115 1831 ¹ld
126 1780 236 1845 quintum
246 1777 280 1828 sic
290 1778 425 1843 proceditur
431 1777 476 1843 (t).
485 1777 580 1829 Videtur
588 1778 647 1843 qudd
656 1778 783 1829 intellectus
793 1791 863 1843 agens

54 1854 82 1901 sit
98 1867 158 1903 unus
169 1852 196 1901 in
210 1851 326 1903 omnihus.
340 1849 405 1900 Nihil
416 1849 478 1901 euim
489 1850 550 1914 quud
561 1858 595 1900 est
606 1854 735 1915 separatum
744 1850 757 1901 l
767 1864 861 1915 corpore

54 1925 214 1990 multiplicatur
224 1923 352 1975 secundum
365 1921 577 1987 multiplicationem
593 1935 719 1987 corporum.
735 1922 781 1973 S'ed
793 1923 861 1973 intel-

53 1996 119 2049 lectus
135 2009 210 2060 agens
224 2000 262 2047 est
277 1998 410 2059 separatus,
428 1999 454 2044 ut
472 1994 554 2044 dicitur
567 1993 593 2045 in
606 1994 646 2045 ill.
663 1994 699 2044 De
713 1996 800 2043 anima
814 1994 860 2059 (ἱ).

54 2068 106 2130 ergo
123 2083 171 2119 ncn
192 2067 364 2132 multiplicatur
380 2064 406 2114 in
424 2064 502 2115 multis
519 2064 651 2131 corporibus
665 2063 803 2129 hominum,
821 2065 861 2116 sed

53 2145 83 2188 esi
97 2156 157 2191 cuns
171 2140 197 2190 in
211 2138 329 2191 omnibus.

79 2217 102 2263 u.
116 2214 253 2275 mamaea,
271 2210 401 2261 intellectus
421 2221 490 2272 agens
507 2208 560 2259 iacit
577 2208 722 2269 universale,
740 2208 801 2273 quod
822 2210 858 2259 est

53 2293 124 2334 aarum
145 2286 172 2334 in
187 2282 291 2332 multis.
313 2280 360 2332 Sed
374 2280 430 2331 illud
443 2281 503 2343 quud
525 2284 560 2330 eet
578 2292 645 2330 cansa
667 2279 772 2343 unitatis,
787 2280 860 2343 magis

51 2360 169 2407 estunam.
185 2358 248 2418 Ergo
261 2352 396 2403 intellectus
409 2365 479 2415 agens
492 2356 529 2401 est
541 2365 601 2400 unus
618 2352 643 2400 iu
656 2351 769 2401 omuibus.

81 2432 101 2478 t.
116 2432 250 2489 materen,
265 2437 348 2478 omues
360 2424 467 2474 homines
479 2423 620 2475 conveniunt
631 2422 655 2472 in
666 2422 746 2489 primis
760 2422 857 2488 concepl

51 2496 145 2552 tionibus
170 2498 314 2551 intellectus.
338 2496 380 2545 llis
400 2497 474 2544 autem
501 2494 628 2545 assentiunt
649 2508 690 2559 per
716 2494 856 2545 intellectum

79 2620 107 2680 (i)
125 2624 160 2668 lte
171 2620 211 2665 iris
219 2619 295 2664 etiam
307 2617 334 2661 in
346 2620 429 2671 quaem.
439 2613 524 2671 disput.
535 2614 569 2659 Da
580 2616 679 2665 amima,
688 2620 732 2660 art.
748 2614 773 2659 5.

79 2691 106 2752 (2)
120 2694 174 2738 lton
185 2692 232 2736 sub
244 2687 343 2734 nomime
354 2686 486 2730 intellectus
497 2685 596 2743 agenda,
607 2691 633 2730 ut
643 2684 680 2729 liic
692 2691 716 2730 ct
726 2686 794 2743 vulgd
809 2684 855 2731 dici

52 2756 110 2799 sciet.
125 2756 171 2801 sed
185 2754 231 2801 suli
248 2751 346 2797 nemine
358 2747 496 2798 intellectus
511 2749 595 2793 amic
611 2748 743 2806 incientis,
762 2748 797 2794 rel
816 2746 855 2803 qui

52 2815 124 2863 luitur
136 2819 193 2865 talis
210 2814 278 2873 quaid
294 2812 375 2859 omnia
395 2810 465 2855 iaciat
475 2811 518 2879 (τῳ
537 2808 617 2861 mairam
635 2810 716 2876 ποιεῖν)
731 2816 789 2857 text.
807 2808 852 2867 18,

52 2884 75 2929 lt
87 2895 108 2935 cl
120 2889 160 2936 20.
