1984 3309
306 136 362 180 oum
379 137 416 174 stu
434 137 574 176 eultlwuu.
795 131 841 176 679

67 212 102 264 dd
118 211 213 262 terbum
230 212 364 277 dicendum,
381 213 442 277 quta
460 214 577 265 beatitudo
590 213 673 282 dicitur
684 214 778 265 ultianus
791 215 843 265 linis

37 299 77 349 pcr
90 286 187 336 mudum
204 298 250 348 quo
267 285 356 349 adeptio
371 285 422 335 linis
436 285 517 335 dieitur
529 285 589 334 linis.

340 428 500 480 nuuuuuus
514 431 541 479 ll.

247 536 331 582 Utabm
346 537 467 582 beatitudo
483 537 515 582 sit
529 539 642 594 operatio..

70 647 102 696 dd
119 646 249 696 secundum
261 644 294 694 sio
305 645 435 710 proceditur
443 645 486 710 (l).
497 645 591 696 Videtur
599 645 661 710 quod
670 647 784 698 beatitudo
796 661 842 697 non

40 718 68 767 sit
81 717 196 782 operatio.
208 716 272 766 Dicit
280 717 342 768 enim
354 718 482 782 Apostolus,
493 720 575 774 llam„
589 721 620 768 vl
631 733 638 768 a
651 719 768 769 «Habetis
782 720 842 768 true

41 794 85 838 tum
100 793 206 840 uestrum
219 788 244 839 in
256 788 450 850 sanctificatione,
462 789 531 840 sunem
545 789 599 840 verb
613 791 682 841 mtam
696 796 813 841 eternam.
827 808 841 837 a

41 861 83 910 sed
96 859 146 910 uita
156 873 204 912 aon
214 861 251 910 est
263 859 377 924 operatio,
387 861 427 910 sed
441 864 475 911 est
488 862 565 924 ipsum
576 874 625 912 esse
635 861 769 911 uiuentium.
784 863 842 926 Ergo

41 932 134 981 rrltimus
153 931 206 982 finis
220 931 260 995 qui
274 934 310 981 est
320 931 449 996 beatitudo,
464 946 511 984 uon
521 935 557 983 est
571 932 682 996 operatio,

71 1007 95 1051 ι.
110 1004 240 1066 Praeterea,
254 1001 347 1052 Boetius
363 1002 418 1053 dicit
434 1003 459 1052 in
475 1005 515 1054 HL
535 1006 572 1054 De
587 1003 677 1054 consol.
698 1003 779 1068 (prosa
795 1004 841 1067 ιιι,

42 1073 102 1136 qubd
114 1091 129 1122 u
143 1073 263 1126 beatitudo
282 1078 317 1126 est
333 1078 407 1125 status
424 1075 525 1126 omnium
541 1077 652 1128 bonorum
668 1076 843 1141 congregatione

43 1146 164 1207 perlectus.
184 1145 258 1196 »Sed
274 1149 346 1197 status
360 1160 407 1198 non
424 1147 526 1198 nominat
539 1149 703 1212 operationem.
719 1149 779 1210 Ergo
790 1149 845 1198 bea·

45 1217 115 1270 titudo
129 1232 176 1270 nou
193 1221 229 1270 est
242 1217 354 1282 operatio.

74 1294 96 1338 3.
116 1291 246 1353 Praeterea,
262 1289 379 1340 beatitudo
393 1291 505 1352 significat
519 1291 602 1355 aliquid
616 1292 641 1340 in
654 1292 721 1342 beato
733 1291 843 1354 existens,

44 1361 94 1411 cbnu
112 1362 236 1413 situltima
249 1361 481 1426 persecutionum.
495 1363 539 1414 Sed
555 1364 657 1427 operatio
669 1376 716 1413 non
733 1362 846 1425 siguificat

45 1435 69 1483 ut
83 1433 171 1498 abquid
189 1435 290 1485 existens
303 1435 327 1484 in
344 1439 465 1500 operante,
480 1437 521 1486 sed
534 1435 606 1498 maga
620 1439 646 1485 ut
658 1435 686 1484 ab
701 1435 752 1498 ipso
764 1448 845 1497 proce-

46 1505 109 1556 dens.
124 1507 185 1571 llrgo
197 1507 311 1558 beatitudo
326 1519 372 1558 non
383 1508 418 1558 eat
426 1508 539 1572 operatio.

76 1582 98 1627 t.
113 1579 240 1640 Pratum,
254 1577 370 1628 beatitudo
387 1584 506 1644 permanet
518 1578 542 1629 iu
556 1578 633 1629 beato.
648 1576 755 1643 Operatio
767 1580 844 1626 autem

47 1662 90 1700 riou
102 1652 239 1714 permanet,
254 1649 293 1700 sed
307 1649 396 1700 transit.
412 1651 471 1714 Ergo
491 1650 608 1701 beatitudo
622 1663 667 1700 non
680 1652 716 1700 est
735 1647 844 1712 operatio.

75 1723 98 1769 5.
114 1722 241 1782 Ριωιιιιιι,
256 1719 324 1770 unius
338 1719 437 1770 bominis
451 1723 486 1771 est
502 1735 548 1771 uua
563 1721 691 1784 beatitudo,
701 1717 845 1783 operationes

47 1795 120 1842 autem
128 1794 184 1842 sunt
197 1792 282 1844 multe.
298 1792 357 1854 Ergo
367 1791 483 1843 beatitudo
496 1805 543 1843 non
555 1797 590 1843 est
602 1792 712 1856 operatio.

77 1867 99 1913 o.
118 1865 247 1926 aiamim,
264 1862 380 1913 beatitudo
397 1862 458 1914 inest
476 1865 545 1915 beato
567 1865 650 1927 absque
670 1863 844 1925 interruptione.

48 1937 89 1986 Sed
106 1935 211 2000 operatio
230 1935 329 1988 humana
347 1936 476 1999 frequenter
492 1936 674 2000 interrumpitur,
690 1933 747 1998 putta
768 1947 847 1984 somno

50 2009 83 2058 rel
93 2008 169 2072 aliqum
182 2006 226 2058 alia
237 2006 399 2072 occupatione,
410 2009 448 2058 uel
458 2009 544 2072 quiete.
554 2010 614 2072 Ergo
625 2006 742 2057 beatitudo
756 2017 802 2055 nou
813 2008 848 2055 est

50 2080 157 2143 operatio.

79 2152 120 2203 Sed
139 2154 220 2203 centra
234 2155 284 2216 est,
298 2152 359 2216 quod
373 2151 524 2216 Philosophus
535 2149 589 2202 dicit
602 2150 627 2199 iu
642 2151 661 2199 l.
672 2149 766 2205 uitae,
787 2146 848 2210 quod

53 2241 65 2271 ιι
78 2223 175 2275 felicitas
188 2225 224 2274 est
236 2222 339 2288 operatio
352 2221 478 2274 secuudum
492 2223 598 2272 muntem
611 2220 746 2284 perlectam.
758 2235 773 2265 o

83 2297 241 2361 (Coueuusru.
251 2294 348 2346 -Cirm
363 2295 479 2346 beatitudo
498 2294 608 2344 consistat
620 2292 644 2343 iu
657 2292 737 2342 ultimo
746 2292 849 2344 hominis

53 2372 108 2432 actu,
126 2379 223 2423 necesse
239 2371 273 2418 est
289 2366 361 2432 ipsam
377 2380 427 2418 esse
442 2367 541 2429 aliquam
555 2364 654 2416 hominis
667 2363 848 2428 operationem.)

81 2436 362 2504 immolandarum,
377 2437 437 2502 qubd
456 2436 580 2488 secundum
596 2435 656 2500 qubd
670 2435 786 2486 beatitudo
806 2437 849 2486 bo-

55 2511 118 2562 minis
130 2514 166 2562 est
179 2509 266 2575 aliquid
277 2514 377 2562 meatum
394 2511 419 2560 in
432 2507 483 2574 ipso
494 2509 610 2571 existens,
625 2521 719 2558 necesse
730 2513 765 2558 est
775 2508 850 2560 dicere

56 2582 109 2644 qubd
118 2583 239 2634 beatitudo
248 2581 347 2633 huminis
360 2582 389 2632 sit
400 2581 510 2646 operatio.
523 2583 562 2631 Est
573 2580 634 2630 euim
646 2579 762 2630 beatitudo
772 2580 851 2630 ultima

88 2746 117 2810 ll)
130 2751 162 2795 lie
183 2748 220 2793 luis
233 2749 303 2794 etiam
316 2749 340 2804 1,
358 2747 435 2798 Sciat„
451 2747 506 2792 dist.
527 2745 553 2805 1,
569 2758 609 2803 qu.
624 2743 652 2804 l,
666 2750 710 2790 nrt.
724 2742 749 2797 l;
765 2748 788 2786 et
800 2743 848 2800 Ill,

59 2812 131 2862 siet..
143 2813 198 2858 dist,
211 2810 241 2858 at
252 2844 258 2869 ‚
270 2823 310 2869 qu.
324 2809 351 2869 1,
365 2816 410 2856 art.
420 2811 444 2870 Ξ,
456 2809 591 2866 quaestione.
604 2809 632 2867 2,
642 2813 667 2853 et
680 2819 719 2864 qu.
730 2805 759 2863 t,
771 2809 814 2848 art.
826 2803 853 2862 t,

61 2882 81 2919 et
93 2875 216 2932 Quodam,
229 2875 297 2934 Vlil,
311 2878 353 2920 art.
366 2872 407 2929 193
423 2878 447 2919 et
460 2885 530 2930 super
543 2873 583 2920 lli.
600 2870 742 2928 tempusa,
755 2867 808 2912 lect.
822 2865 846 2911 9.
