1984 3309
150 162 199 213 sss
334 168 396 208 ross
411 170 434 221 ι,
448 166 542 216 oum.
559 166 665 221 omns,
682 168 738 207 sur.
754 168 783 209 n.

150 248 227 313 euripi
241 249 326 312 potest,
336 246 375 297 rei
387 245 448 298 duos
458 248 549 310 purten
562 244 738 311 intelieotiunm,
747 246 786 298 rel
796 244 859 299 eitra
871 260 961 315 eorpus

150 324 176 371 et
190 319 286 370 nouos
300 317 389 383 eorpori
402 330 511 369 emeras
530 318 605 369 Exeo
618 316 687 381 igitur
700 316 761 382 qood
779 320 850 371 homo
864 325 901 373 est
915 324 959 374 nii-

150 389 341 457 quniisqunitete
351 389 450 441 nonni
459 401 512 453 quse
523 388 648 440 attenditur
657 388 781 441 seuunriirn
788 390 961 445 intellectivam

151 466 249 526 purtem,
263 461 397 513 naturaliter
406 463 476 512 nonno
484 460 573 526 oppetit
586 460 689 511 ultimum
701 461 784 526 linem,
800 462 892 516 scilieet
901 466 961 516 bee-

155 533 285 585 titudinem.
297 533 341 592 Qni
351 533 444 598 quiden
456 532 573 598 oppetitur
584 532 694 584 naturalis
703 534 749 597 est,
760 536 786 583 et
793 546 842 585 non
849 536 964 601 suhjacet

151 604 224 656 libero
236 604 346 668 arbitrio,
359 608 386 654 nt
398 618 427 655 ex
444 603 581 669 snprsiietis
593 606 658 669 patet
673 602 729 669 (qu.
742 606 787 669 82,
807 610 854 659 nrt.
868 608 914 673 2).
929 610 963 659 iix

151 675 281 741 pertenere
293 676 394 741 eorporis
405 680 429 726 et
440 676 550 727 virtum
565 676 655 741 oorpori
664 688 807 728 ennenernnr
821 682 904 743 potest
913 694 962 733 esse

152 748 222 799 ionio
229 747 336 812 aliqualis
347 747 446 798 mtrrnli
455 747 565 811 qnslitrte
577 746 702 799 secundini
713 750 773 813 quod
781 753 820 800 est
833 750 889 803 tulin
900 766 963 803 eonn-

151 817 273 884 pietionis,
285 820 324 871 uei
341 819 393 870 telis
411 817 582 883 dispositionis,
603 832 632 869 ex
647 832 790 883 quacumque
804 821 964 887 impressione

152 902 312 955 purpureorum
320 902 450 953 enisurum,
455 903 507 954 une
513 888 560 941 n'on
566 894 662 955 possunt
667 890 692 940 in
698 890 964 959 intollontivenrpertem

152 960 298 1026 imprimere,
307 975 336 1013 eo
348 961 408 1025 quon
420 975 467 1013 non
478 964 514 1012 est
523 961 622 1027 alicujus
633 960 735 1027 eorporis
748 964 825 1014 entus.
836 964 880 1015 sie
893 966 965 1031 igitur

153 1033 251 1095 «quetis
270 1034 427 1097 unusquisqne
441 1036 479 1085 est
492 1034 633 1099 (seonndim
650 1046 783 1099 corpoream
803 1036 964 1104 qualitatem]

151 1104 206 1155 telis
218 1104 271 1157 finis
282 1104 374 1156 videtur
385 1104 423 1169 ei3
437 1120 452 1153 o
466 1106 520 1170 quie
535 1118 565 1156 ex
579 1104 712 1169 hujusmodi
724 1104 881 1170 dispositione
890 1108 966 1164 'homo

150 1175 275 1227 inolinntnr
293 1178 323 1227 ai
340 1176 471 1241 eligendum
488 1176 576 1241 aioni
592 1177 630 1229 uel
647 1176 824 1243 repudiandum.
845 1180 896 1233 Sed
916 1184 967 1235 iste

151 1246 313 1300 ineiinntiones
332 1248 454 1313 snbjttoent
469 1247 557 1312 judicio
577 1248 686 1313 munnio,
709 1248 747 1299 eui
766 1248 850 1302 obedit
864 1253 966 1307 interior

152 1319 277 1383 appetitus,
289 1324 316 1371 ut
327 1319 412 1371 dietum
425 1324 462 1371 ost
473 1321 524 1386 (qu.
537 1322 633 1385 815ert.
647 1321 681 1384 8).
691 1322 755 1373 Unde
768 1334 811 1385 per
823 1324 881 1377 hee
896 1328 966 1379 liber-

152 1389 195 1440 teti
205 1392 292 1443 orbinii
300 1406 345 1443 non
358 1392 529 1457 prejudiertur.
538 1392 663 1451 Qualitutes
675 1397 752 1445 entem
764 1398 967 1458 supervenientes

150 1466 205 1513 sunt
218 1464 277 1515 siout
288 1464 380 1515 habitus
393 1468 417 1516 et
430 1463 564 1529 passiones,
576 1464 700 1516 mnndum
713 1478 770 1529 ques
783 1465 874 1531 aliquis
890 1473 966 1535 magis

151 1532 274 1585 inclinetur
285 1536 311 1587 in
319 1550 390 1587 nnnnr
405 1548 475 1600 quem
485 1535 512 1587 in
523 1534 627 1588 elerum.
643 1536 729 1587 'iumen
740 1537 793 1588 iste
803 1538 881 1591 etiem
897 1542 966 1594 ineli-

152 1605 256 1657 netiones
269 1607 388 1671 subjacent
397 1606 484 1671 jndicio
496 1607 602 1672 rationis,
613 1610 638 1659 et
649 1608 782 1673 hujusmodi
794 1608 870 1661 otiam
883 1617 970 1679 quali-

152 1678 212 1725 tates
230 1678 253 1727 ei
271 1679 405 1742 subjacent,
419 1676 445 1727 in
461 1680 573 1741 pontum
590 1678 696 1730 innubis
712 1682 749 1729 est
764 1680 820 1731 teies
834 1686 970 1746 qualitates

153 1748 287 1813 acquirere,
301 1750 339 1801 vei
355 1749 491 1813 monier,
504 1751 542 1801 rel
555 1750 688 1816 dispositive
692 1789 701 1816 ,
717 1752 756 1803 vei
769 1752 782 1803 t
796 1754 870 1807 nobis
885 1760 970 1811 exolu-

153 1819 217 1871 dere.
231 1820 261 1871 nt
276 1820 310 1872 sio
322 1820 381 1872 nihil
392 1822 502 1886 estquod
516 1821 617 1875 inerunt
631 1822 719 1875 arbitrii
731 1830 858 1889 repugnet.
891 1831 895 1836 '

452 1984 613 2038 tentonus
628 1978 658 2035 11.

304 2109 641 2159 verumuoeromnros'trtum
649 2111 805 2167 sitpotestio.

183 2230 218 2280 nd
230 2230 353 2282 seeundum
367 2229 400 2280 sio
410 2229 540 2297 proceditur
547 2228 591 2295 (t).
603 2229 699 2279 vitetur
712 2228 889 2293 quidiiberum
906 2238 974 2289 urbi.

150 2300 220 2353 trium
230 2313 278 2351 non
290 2300 320 2351 sit
332 2301 441 2365 potentia.
450 2301 572 2357 Arbitrium
586 2300 646 2352 eninr
658 2298 754 2351 liberum
766 2300 826 2350 nihil
841 2308 884 2355 est
899 2308 968 2361 alind

152 2371 220 2436 quint
231 2372 329 2432 liberum
345 2370 468 2435 judicium.
485 2372 677 2425 Judioiumeuiom
691 2384 737 2421 non
750 2370 861 2425 nominat
880 2384 973 2442 poien-

153 2442 218 2502 tiam,
232 2443 369 2493 seductum.
383 2444 441 2506 Ergo
457 2442 553 2495 liberum
565 2444 681 2495 arbitrium
697 2456 743 2493 non
757 2446 793 2493 est
806 2447 933 2508 potentie.

187 2519 213 2563 2.
228 2514 354 2574 Preteree,
370 2512 466 2565 liberum
480 2513 599 2565 arbitrium
613 2514 695 2565 dieitur.
706 2527 755 2565 esse
769 2512 870 2567 facultas
881 2521 974 2572 volun-

152 2582 207 2635 tatis
219 2587 242 2635 et
252 2583 347 2635 rationis
358 2584 400 2649 (Ξ).
412 2585 518 2637 inemtas
532 2590 608 2637 antem
621 2586 723 2636 nominat
733 2584 870 2639 ieoiiitutem
881 2596 974 2655 potes-

187 2708 218 2774 (1)
233 2714 267 2759 De
280 2713 426 2759 bisetiemin
437 2714 474 2774 11,
484 2713 564 2765 Seni„
574 2714 628 2759 dist.
640 2714 680 2775 nt,
691 2719 773 2773 quest.
785 2712 808 2775 1,
819 2720 866 2762 ert.
878 2718 894 2765 1
907 2726 935 2767 et
947 2722 972 2777 ἐς

153 2781 178 2823 et
186 2781 269 2833 quest.
281 2775 321 2836 itt,
333 2776 369 2822 De
378 2777 465 2827 neret,
473 2783 518 2822 nrt.
528 2776 552 2822 i.

156 2844 308 2957 defflom
322 2847 336 2893 i
348 2846 461 2905 Magistro
473 2847 552 2899 stet,
564 2849 607 2897 lib.
621 2849 637 2895 θ
644 2882 653 2911 ‚¹
665 2850 718 2897 dist.
732 2849 762 2895 ii
770 2879 779 2911 ,Ι
789 2848 827 2895 iit.
842 2852 882 2912 E,
900 2851 919 2921 5
936 2854 975 2917 ⁵,
