1984 3309
311 226 344 267 br
361 226 441 267 orsae
456 226 538 268 serre
554 229 612 271 urna
834 223 865 271 oi

39 306 150 367 petantur
160 316 216 357 cnm
226 302 277 357 illis
291 319 349 355 cnm
360 305 447 369 quibus
460 306 534 369 magis
545 308 729 371 mammeam,
737 310 865 361 menoclem

39 374 60 424 id
77 378 138 440 qnod
152 392 209 427 cum
227 377 266 427 eis
285 375 475 440 communicant,
489 391 535 429 non
553 380 678 431 secundnm
695 381 791 444 idquod
801 396 864 435 coms

39 448 159 501 municant
173 464 241 501 eum·
250 448 300 501 alio
314 450 429 499 extremo.
438 448 524 501 Tamen
535 454 562 501 ut
574 451 719 503 includantur
731 454 810 505 omnia
822 456 866 505 bu·

38 520 137 583 jusrnodi
155 536 212 585 qum
230 521 325 573 babent
340 520 428 585 aliquid
448 520 547 586 speciale
563 523 624 576 iuter
644 523 731 588 βίω,
745 531 864 590 lffliifflm

41 591 147 645 dixerat:
169 610 185 642 o
204 593 346 644 Producant
364 605 430 656 eque
447 594 528 657 reptile
547 595 757 661 mecinensis,
775 613 789 646 r›
804 598 863 649 sub-

38 664 114 727 jungit
128 686 135 713 ι
154 682 170 714 rs
187 663 287 715 Greavii
297 664 361 715 Deus
371 666 422 715 cett
432 664 539 727 manda,
547 670 594 715 etc.
602 682 617 713 »

70 737 106 786 Ad
125 736 244 799 quintum
261 734 401 797 dicendum,
419 734 479 799 qndd
496 735 617 800 productio
634 738 717 790 borum
728 738 861 791 animalium

40 808 159 859 ordinatur
169 808 307 859 secundnm
315 806 420 859 ordinem
430 820 549 871 corporum
555 822 607 872 quae
616 809 650 860 eis
658 815 779 874 ornantur,
790 812 864 875 magis

40 892 106 941 quam
118 880 260 931 seeundum
274 877 395 943 propriam
404 877 548 941 dignitatem.
561 878 590 930 m
598 881 708 934 tamenin
717 881 755 933 vin
767 896 865 946 genera·

42 951 111 1005 tiouir
127 952 160 1003 eb
179 950 396 1015 imperfectioribus
409 950 439 1001 ad
451 950 589 1013 perfectiora
603 952 746 1015 ponemu.

411 1137 519 1153 Q
570 1158 573 1162 ἶ

293 1294 472 1367 bubullo
489 1295 618 1366 LXXII.

322 1446 601 1507 mmmm

85 1586 167 1644 Deinde
182 1590 300 1657 quaritur
315 1590 344 1641 de
358 1601 427 1655 opere
444 1592 513 1643 sexte
529 1587 584 1646 diei.
599 1592 627 1643 st
639 1589 729 1644 videtur
746 1595 805 1659 qnod
825 1596 863 1646 iu·

49 1665 214 1715 convenienter
235 1662 389 1715 describatur.
404 1660 467 1713 Sicut
485 1660 547 1714 enim
563 1677 619 1715 eves
636 1668 661 1715 et
678 1665 756 1729 pisces
777 1667 864 1717 babent

49 1735 161 1787 sinentem
175 1731 299 1798 animam,
310 1733 343 1783 ita
354 1734 423 1783 etlam
437 1738 460 1784 el
471 1734 579 1787 animalia
587 1733 717 1800 terrestria3
727 1749 774 1787 non
785 1742 863 1789 autem

48 1808 161 1857 terrestria
173 1803 286 1857 amimalia
296 1808 352 1855 sunt
362 1804 414 1868 ipsa
422 1806 596 1857 animaviuens.
607 1807 667 1869 lingo
673 1807 863 1859 inconvenienter

48 1876 129 1929 dicitnr
148 1892 154 1931 ε
179 1896 194 1927 o
212 1877 330 1929 Producat
346 1881 407 1928 terra
429 1872 530 1928 animam
547 1874 677 1941 viventem3
692 1895 707 1926 »
727 1880 769 1931 sed
786 1881 863 1931 debuit

50 1949 109 2001 diei:
124 1964 139 1999 o
153 1951 273 2001 Producat
285 1953 347 1999 terra
362 1949 517 2013 quadrupedia
528 1949 610 2001 arim
620 1948 751 2003 virentis.»

78 2026 103 2071 t.
118 2023 255 2081 staterae,
270 2033 345 2083 genus
359 2032 406 2071 nnn
423 2016 491 2071 debet
505 2021 576 2071 dividi
589 2026 671 2073 eontra
687 2022 796 2087 speciem.
816 2023 862 2074 Sed

49 2090 189 2151 inueniret
207 2088 291 2143 teste
307 2092 351 2143 sub
367 2092 552 2155 quadrupedibus
564 2096 734 2157 computantur.
751 2095 863 2147 lumnie-

52 2164 137 2214 nienter
153 2176 212 2227 ergo
230 2162 389 2226 quadrupedia
402 2167 594 2214 connumerantur
604 2164 717 2227 jumentis
734 2169 758 2214 et
774 2164 861 2217 bestiis.

81 2240 103 2284 3.
112 2236 244 2296 Proteia,
256 2233 317 2283 sicut
329 2232 376 2283 alia
388 2231 494 2283 animalia
507 2244 562 2283 sunt
573 2234 598 2286 in
612 2236 763 2285 determinato
777 2248 862 2299 genere

53 2309 74 2353 et
85 2306 175 2371 specie,
189 2306 223 2357 ita
235 2306 259 2355 et
273 2306 352 2355 bomo.
367 2304 414 2353 sed
425 2303 449 2353 in
460 2303 558 2355 lactioue
568 2305 669 2357 inomin'm
677 2319 725 2357 nou
739 2305 765 2357 lit
775 2309 863 2361 mentm

55 2376 78 2425 de
89 2391 131 2429 suo
151 2390 242 2439 genere
260 2376 298 2426 vel
320 2373 407 2439 speeie.
424 2376 482 2438 lirgo
497 2390 542 2427 nec
557 2376 583 2428 in
602 2379 749 2441 productione
767 2380 862 2430 aliorum

54 2440 179 2499 animalium
196 2448 278 2499 debuit
296 2446 347 2497 lieri
363 2445 450 2496 mentio
465 2448 493 2497 de
510 2461 593 2511 genem
604 2449 641 2499 nel
656 2448 745 2513 specie,
760 2449 812 2501 crim
825 2451 861 2501 di·

52 2518 103 2568 eibrr
118 2520 145 2569 irs
159 2534 252 2585 periere
268 2534 331 2574 suo,
344 2518 383 2567 vel
395 2520 475 2582 speeie
487 2534 542 2569 reo.

80 2595 102 2641 t.
116 2593 247 2655 Ptolom,
259 2589 372 2640 animalia
385 2590 502 2640 terrestria
519 2592 592 2655 magis
606 2594 661 2643 sunt
674 2590 756 2642 similia
772 2592 862 2645 bomini

52 2661 87 2723 qni
98 2662 112 2712 i
124 2666 176 2714 Deo
191 2662 277 2713 dicitur
293 2660 401 2711 benedici
406 2697 415 2723 ,
430 2660 497 2724 quim
515 2674 569 2713 aves
582 2666 606 2713 et
621 2663 704 2726 pisces.
717 2658 778 2713 Cim
789 2662 861 2726 igitur

53 2744 101 2783 mes
113 2739 136 2784 et
146 2734 226 2800 pisces
240 2734 347 2784 dicentur
356 2730 476 2796 benedici,
487 2732 559 2784 multb
571 2733 653 2785 forlibs
663 2736 708 2785 boc
721 2734 766 2785 dici
779 2734 859 2785 debuit

53 2804 77 2855 de
90 2806 140 2857 aliis
154 2805 305 2857 animalibus.

83 2880 241 2939 albaterra,
252 2876 358 2940 quedam
369 2874 477 2927 animalia
487 2881 626 2941 generantur
641 2892 671 2929 ex
683 2874 860 2942 putrefactione,

57 2960 101 3007 que
119 2954 156 3001 est
177 2947 297 3013 corruptio
316 2948 432 3011 quiedam.
454 2948 573 3013 Correptio
596 2951 672 2999 autem
690 2960 737 2999 non
754 2946 861 2997 conuenit
