1984 3309
126 148 171 196 tet
341 158 401 197 eins
418 158 439 206 r,
454 156 545 202 eoem.
560 156 605 202 xc,
619 157 673 194 nnn.
690 158 709 193 u.

124 234 249 284 viventium
260 246 305 283 non
318 246 359 298 per
370 234 457 299 seipsos
470 246 620 297 cognoscere,
632 223 673 283 sed
683 233 721 283 uel
731 246 775 297 per
783 233 873 284 animas
886 248 929 285 eo-

123 319 173 356 rnm
186 305 225 369 qui
236 304 288 354 irino
299 306 327 355 nd
338 318 378 355 eos
389 305 514 366 aceednnt,
526 304 565 355 uel
573 318 613 368 per
623 303 726 367 angelos,
742 316 785 353 seu
797 305 929 366 daemones,

123 376 161 426 vel
179 375 247 426 etiam
269 376 348 442 spiritu
362 376 401 426 liei
420 374 622 439 1·enelante‚nient
638 374 777 438 Augustinus
798 375 825 426 in
843 377 928 427 eorlem

124 446 180 497 libro
191 446 247 497 dicit
261 449 325 511 (eap.
339 448 391 509 llll.

155 518 188 568 lul
202 520 324 569 seeundum
340 518 473 580 dicendum,
486 517 548 582 qultrl
564 519 607 568 lroo
620 517 681 582 qn'od
694 518 779 569 mortni
791 518 926 570 uiuentibus

124 596 233 657 apponent
244 592 443 657 qualitercunque,
456 592 494 642 uel
509 591 621 654 eontingit
632 606 674 656 per
688 592 811 656 specialem
824 593 867 643 llei
880 594 928 644 ‹lis-

123 665 289 729 pensal-ionom,
303 668 330 714 ut
343 664 425 715 animae
435 667 575 715 mortuorum
585 664 653 713 relus
664 664 793 714 viventium
804 663 924 725 intersint,

125 740 147 786 et
160 739 195 785 est
205 736 265 786 inter
277 735 352 785 divine
364 736 471 787 miracula
485 736 675 799 compntandum
690 736 727 785 vel
738 735 872 799 hujusmodi
886 751 928 800 ap-

124 808 246 871 paritiones
255 809 312 857 frunt
324 820 364 872 per
376 808 520 871 operationes
531 808 671 871 angelornm,
680 806 842 857 bonorumet
855 809 927 859 malo·

125 892 188 942 rum,
201 880 268 929 etiam
282 878 436 941 ignorantibus
452 879 562 942 nrortuis3
577 878 636 929 sieut
649 878 719 929 etiam
729 877 779 927 uiui
791 878 926 941 ignorantes

125 950 176 1001 eliis
189 950 318 1001 virentibus
328 956 437 1016 apparent
447 952 470 1001 in
483 952 610 1012 somnient
619 951 757 1015 urguemus
768 951 827 1001 uicit
834 952 860 1001 in
868 952 927 1003 libro

125 1023 231 1086 predicto
246 1024 314 1087 (cap.
329 1026 359 1072 lo
369 1037 395 1072 ae
405 1024 538 1087 deinceps).
551 1024 615 1074 Unde
628 1026 652 1073 et
664 1022 693 1073 (le
706 1022 814 1073 Samuele
826 1023 872 1073 (liei
883 1038 927 1087 po-

125 1097 184 1157 test,
196 1094 255 1158 qnod
269 1094 317 1159 ipse
331 1095 434 1159 apparuit
444 1108 485 1159 per
498 1096 661 1147 revelationem
671 1094 772 1145 divinam
779 1130 788 1157 ,
799 1095 926 1147 secundior

125 1166 170 1215 hoc
180 1166 241 1229 quod
251 1166 331 1216 dieitur
346 1166 433 1224 Eucti..
445 1168 524 1231 XLVI,
535 1166 595 1232 quod
605 1183 619 1214 o
629 1167 736 1218 dormivit
746 1170 860 1217 elnotunr
872 1167 927 1218 lecit

124 1235 173 1300 regi
182 1238 249 1288 llnem
259 1237 312 1287 vilae
323 1251 377 1289 sum.
387 1254 400 1284 u
413 1238 453 1289 Vel
464 1238 503 1288 illa
515 1238 627 1303 apparitio
641 1237 685 1287 lnit
694 1241 815 1301 procurata
824 1252 868 1301 per
880 1238 928 1288 de—
980 1295 982 1319 Ι

124 1321 214 1369 moneo,
225 1308 244 1359 si
255 1312 331 1359 tamen
341 1310 493 1361 Ecclesiastioi
505 1310 626 1361 auotoritas
634 1323 682 1360 non
690 1308 824 1372 recipiatur,
834 1312 927 1373 propter
980 1343 982 1378 Ι

123 1380 166 1430 hm
186 1379 247 1444 qnod
268 1380 327 1431 iuter
348 1382 467 1431 canonicas
484 1381 607 1446 scripturas
627 1381 687 1445 apud
702 1381 809 1430 Hebraeos
826 1394 873 1429 non
886 1382 927 1429 ha·
980 1381 982 1410 ἰ

122 1450 187 1502 betur
199 1452 242 1515 (1),
980 1499 982 1504 .

155 1525 188 1573 lld
202 1524 295 1575 tertium
309 1524 442 1587 dicendum,
454 1524 515 1589 qnid
526 1523 656 1587 ignorantia
667 1522 799 1585 hujusmodi
815 1536 927 1575 nonoon·
980 1529 982 1592 g

122 1594 187 1659 tingit
202 1608 229 1646 ex
240 1594 306 1646 locali
315 1596 434 1659 distantia,
446 1597 484 1647 seul
494 1598 587 1659 proper
599 1609 691 1645 eausam
704 1596 845 1659 pruoliotam.

402 1934 648 2003 uousnroxo.
721 1891 724 1902 ’

124 2085 158 2131 De
176 2087 260 2143 primo
278 2087 384 2131 hominia
395 2086 559 2144 productione
577 2088 695 2143 motum
708 2084 740 2129 orl
756 2085 884 2139 animem,
898 2086 927 2131 io

350 2152 455 2206 quotuor
472 2147 592 2194 articulos
605 2147 694 2193 divion.

156 2292 240 2341 llelnde
252 2291 440 2343 considerandum
451 2294 486 2340 est
499 2290 527 2339 de
537 2288 611 2354 primu
621 2287 893 2353 hominis-productione.

155 2363 183 2411 Et
196 2362 257 2413 elnon
268 2364 311 2413 hoo
323 2362 489 2425 consideranda
500 2367 554 2413 sont
566 2366 662 2425 quatuor
673 2377 679 2411 2
690 2365 716 2411 l⁰
730 2362 762 2411 lle
774 2361 926 2424 productione

122 2434 196 2497 ipsius
210 2433 317 2485 hominis.
333 2439 359 2483 2⁰
372 2436 404 2483 lte
417 2434 463 2484 line
477 2434 641 2498 productionis.
657 2436 684 2482 3⁰
695 2434 726 2483 lle
738 2435 835 2483 statuet
846 2433 925 2483 eondi-

124 2504 187 2553 tione
205 2504 304 2554 hominis
321 2504 393 2567 primo
407 2505 518 2568 producti.
535 2508 561 2554 l⁰
572 2506 603 2554 lle
616 2504 665 2554 loeo
678 2504 736 2568 ejus.

154 2576 220 2625 Circa
239 2576 410 2638 productionem
424 2582 501 2627 aulem
520 2577 683 2630 consideranda
699 2579 753 2626 sunt
767 2575 811 2625 tria
826 2593 834 2623 a
850 2580 878 2627 1⁰
895 2577 925 2627 lle

157 2702 187 2765 (ll
200 2704 347 2761 Sioloqultur
358 2710 410 2761 post
419 2704 583 2763 Angnslinnm,
596 2703 637 2751 liti:
651 2706 685 2750 De
694 2718 756 2749 eoru
765 2716 813 2762 pro
822 2702 928 2751 mortuis

122 2768 238 2824 gerendo,
253 2778 304 2823 oapi.
319 2766 348 2810 15
361 2768 423 2823 eirea
433 2768 512 2826 linem,
528 2771 582 2825 quin
595 2770 696 2812 nondum
711 2774 838 2823 expressus
851 2780 926 2812 ennon

124 2831 290 2887 Soriptnrnuum
307 2830 438 2875 innotuerat
453 2834 529 2887 qualis
541 2832 686 2888 postmodum
700 2832 731 2875 ab
745 2830 853 2875 Ecclesia
870 2831 926 2875 deli-

123 2893 184 2939 nitus
198 2900 223 2939 ol
236 2892 338 2938 sancitus
347 2898 392 2951 est,
402 2894 425 2939 ln
437 2906 483 2951 quo
496 2901 523 2941 et
534 2894 593 2941 litter
604 2893 770 2941 Euelooiuto'oo'
782 2892 926 2941 nuntiaretur.
