1984 3309
123 157 152 203 56
330 169 390 205 sans
406 169 427 217 1,
444 166 535 211 onnon.
552 168 613 217 nn,
626 168 682 205 aaa.
698 166 715 205 1.

123 247 146 291 et
154 244 232 294 differt
244 246 339 294 ornatus
347 243 361 293 a
369 243 518 308 perfectione.
527 245 584 293 Nam
595 243 705 307 perfectio
713 245 765 293 ooeti
777 248 801 295 et
811 248 880 297 torum
893 248 927 297 ad
985 247 987 280 ²

120 327 148 363 aa
161 312 274 377 pertinere
285 314 375 364 videtur
383 328 434 378 quae
442 314 500 365 coeto
510 319 533 364 et
541 319 606 365 terrac
614 321 668 365 sunt
676 316 811 379 intrinseca3
822 322 923 367 ornatus
985 379 987 382 Ι

120 385 175 435 nord
185 386 213 435 ad
224 398 252 435 oa
261 400 312 449 qum
324 389 377 435 sunt
387 386 400 436 a
410 386 467 437 nmio
480 391 504 436 et
513 391 574 437 tarra
585 385 701 437 distincta.
712 386 775 436 Sicut
787 388 857 437 homo
867 402 926 451 per-

120 457 194 507 ficitur
206 471 246 521 per
259 458 361 522 proprias
379 462 457 522 partas
472 462 495 508 at
511 458 610 521 formam
622 461 803 517 ornatunautcm
813 473 856 522 par
870 474 927 511 nea
985 453 987 470 ²

119 528 227 592 timeum,
243 530 280 580 vel
297 530 380 593 aliquid
400 530 540 593 hujusmodi.
562 530 680 580 [tistinctio
700 534 775 580 autom
792 530 927 595 aliquomm

120 600 218 651 maximi
234 600 393 651 manifestatur
410 616 452 665 par
473 606 560 652 motum
576 602 689 664 localem,
709 616 754 665 quo
775 603 925 655 abinvicem

120 677 261 735 separantur.
273 674 302 723 lit
311 673 363 724 idon
375 674 403 723 ad
419 687 476 737 opus
488 677 582 723 ornatus
594 673 693 737 pertinet
701 674 818 737 productio
826 674 924 725 illarum

119 757 198 793 rorum
215 759 266 808 quac
287 745 373 795 hahent
387 750 473 795 motum
486 743 512 793 in
525 746 582 795 caclo
602 748 626 794 ct
637 745 662 794 in
678 747 747 794 tarra.
761 743 824 795 Sicut
838 750 920 796 autem

120 816 285 879 supradictum
300 819 343 879 est,
351 816 380 866 da
390 814 461 866 tribus
472 816 499 865 nt
509 816 594 866 mentio
609 815 634 865 in
645 814 773 878 creationa,·
782 815 871 865 scilicet
888 818 922 868 do

119 886 183 944 colo,
199 892 223 938 at
235 901 294 950 aqua
307 890 330 938 et
339 892 408 951 terra.
420 890 447 937 Et
463 889 514 937 hanc
525 886 570 936 tria
581 887 652 936 otiam
665 886 790 937 tormautur
802 901 844 951 per
857 901 921 951 opus

120 959 272 1010 distinctionis
288 960 355 1009 trium
365 960 462 1011 diemm.
475 960 551 1009 Primo
562 959 598 1009 dic
613 960 705 1009 emtum.
718 960 825 1009 Secundo
835 960 924 1011 distin·

119 1035 217 1092 guantur
229 1045 300 1095 aqua.
316 1030 392 1082 Tertio
402 1032 440 1081 dio
449 1030 474 1081 fit
483 1030 631 1081 distinctioin
643 1034 719 1093 tarra,
728 1030 797 1081 maris
806 1030 922 1083 otaridae.

117 1103 146 1153 Et
167 1102 270 1153 similiter
285 1103 309 1153 in
326 1116 395 1167 opero
415 1106 519 1153 ornatus.
536 1102 615 1153 Primo
631 1102 680 1165 dio,
694 1101 734 1165 qui
754 1106 791 1152 cst
802 1106 918 1167 quartus,

118 1175 272 1237 producuntur
287 1176 419 1236 luminaria,
436 1190 487 1239 qua
508 1178 629 1225 moventur
645 1174 670 1223 in
688 1174 747 1225 coelo
763 1175 793 1223 ad
811 1180 922 1226 ornatum

117 1244 199 1308 ipsius.
211 1246 316 1298 Secundo
324 1247 370 1309 dia,
383 1248 422 1309 qui
432 1250 466 1296 cst
475 1246 582 1310 quintus,
593 1259 648 1296 avos
659 1250 683 1295 et
691 1246 765 1309 pisccs
775 1246 804 1295 ad
811 1250 922 1297 ornatum

118 1316 188 1369 madii
200 1317 316 1379 clamanti,
330 1318 384 1381 quia
397 1318 482 1367 habant
491 1320 577 1367 motum
593 1317 617 1367 in
628 1330 680 1367 aare
693 1321 718 1368 ot
731 1330 798 1379 aqua,
811 1330 863 1380 qum
876 1332 922 1381 pro

118 1400 165 1437 uno
174 1388 324 1453 accipiuntm.
337 1390 414 1439 Tertio
425 1390 477 1452 dia,
487 1388 527 1453 qui
540 1392 576 1438 est
588 1394 680 1451 santus,
691 1390 846 1452 producuntur
859 1389 922 1439 ani-

119 1460 187 1511 malia
202 1474 253 1525 quaa
265 1462 351 1512 habant
364 1466 450 1512 motum
464 1462 488 1513 in
501 1465 571 1524 terra,
586 1461 615 1511 ad
627 1465 730 1511 omatum
742 1459 824 1523 ipsius.

150 1531 195 1581 Sad
210 1532 325 1583 sciendum
348 1538 399 1594 est,
419 1534 479 1595 quod
494 1533 519 1581 in
534 1531 682 1596 productione
704 1531 848 1581 luminarium
868 1546 919 1583 non

118 1602 231 1654 discordat
245 1605 383 1667 Augustinus
391 1604 420 1653 ab
431 1603 481 1653 aliis
490 1603 589 1652 sanctis:
599 1602 654 1653 dicit
661 1603 723 1653 enim
732 1601 854 1653 luminaria
864 1615 921 1655 esse

117 1672 178 1723 sacta
191 1675 216 1723 in
229 1680 298 1737 actu,
315 1690 359 1726 non
373 1675 398 1725 in
411 1674 494 1724 virtute
508 1673 610 1736 tantiam3
624 1674 741 1725 nonenim
755 1675 824 1725 habet
837 1672 919 1725 finnu-

117 1750 219 1795 mentnm
232 1747 338 1799 virtutem
354 1746 510 1810 productivum
525 1741 683 1809 luminarium,
696 1746 756 1796 sicut
768 1746 837 1797 habat
852 1750 920 1797 torm

117 1815 225 1867 virtutem
242 1819 397 1883 productivum
416 1818 552 1881 plantamm.
572 1819 635 1867 Unda
648 1818 765 1881 Scriptura
777 1831 826 1867 non
837 1818 896 1869 dicit
910 1835 917 1869 :

118 1906 132 1935 «
149 1890 261 1941 Producat
271 1891 438 1941 firmamentum
452 1888 582 1953 luminaria,
595 1906 609 1936 n
623 1890 682 1940 siam
694 1888 758 1951 dicit,
773 1906 788 1937 «
798 1890 919 1941 (terminat

118 1963 176 2009 tarra
186 1962 279 2012 herbam
290 1961 410 2011 virentem.
424 1977 437 2007 u

147 2033 180 2084 aa
203 2033 301 2096 primum
318 2046 371 2095 orgo
392 2032 604 2096 dicendum,un
620 2032 745 2083 monadum
763 2031 917 2094 angustinum

116 2103 177 2152 nulla
192 2102 312 2153 difficultas
331 2116 359 2153 cx
374 2104 417 2153 hoc
429 2104 508 2153 oritur.
520 2106 572 2153 Non
587 2104 650 2153 onim
665 2103 732 2167 ponit
746 2101 919 2152 successionem

115 2173 224 2237 tcmporis
239 2173 329 2223 inistis
345 2174 463 2238 oporibus3
475 2178 500 2224 nt
516 2175 568 2225 ideo
588 2188 635 2224 non
647 2178 736 2238 oportct
751 2174 840 2236 dicore,
853 2174 917 2235 quod

116 2246 210 2296 materia
217 2245 362 2296 luminarium
371 2246 439 2298 fucrit
449 2247 492 2297 sub
503 2247 548 2297 alia
558 2248 640 2297 forma.
650 2247 780 2297 Secundum
788 2258 829 2295 cos
838 2250 918 2295 autom

114 2316 153 2379 qui
165 2319 254 2381 ponunt
270 2316 372 2367 coelestia
389 2329 482 2380 corpora
495 2330 524 2367 ox
535 2322 616 2368 natura
626 2321 723 2381 quatuor
735 2317 916 2379 elementomm,

114 2387 313 2437 nulladiftionltas
327 2388 424 2451 accidit;
441 2390 495 2451 quia
508 2392 583 2453 potast
599 2389 661 2450 dici,
675 2389 737 2451 quod
750 2392 804 2439 sunt
818 2388 916 2437 formata

113 2472 143 2509 aa
157 2459 288 2523 praejacenti
298 2459 391 2509 materia
402 2460 461 2510 sicut
471 2461 578 2512 animalia
589 2464 613 2511 et
623 2462 717 2524 plapta.
732 2460 777 2510 Sod
786 2458 916 2510 secundum

114 2528 206 2593 eosqui
223 2534 310 2593 ponunt
325 2544 418 2595 corpora
432 2531 532 2581 coelestia
545 2545 596 2581 esso
615 2531 708 2581 alterius
723 2534 809 2580 natura
825 2530 853 2579 ab
865 2530 914 2579 etc·

114 2601 210 2662 montis,
225 2604 249 2651 et
265 2600 444 2665 incorruptibilia
458 2616 501 2665 par
515 2607 632 2665 naturam,
646 2605 735 2666 oportet
748 2601 839 2663 dicere,
853 2600 917 2663 qnod

113 2670 239 2722 substantia
257 2673 400 2724 luminarium
413 2673 426 2723 a
439 2674 552 2738 principio
569 2674 613 2723 tuit
625 2678 715 2737 croata;
731 2674 771 2723 scd
789 2674 852 2737 prius
864 2681 914 2727 erat

113 2742 232 2808 informis,
243 2749 266 2795 et
276 2759 336 2795 nuno
349 2746 459 2796 formatur
469 2759 516 2795 non
526 2746 619 2811 quidem
628 2746 700 2795 torma
709 2745 862 2809 substantiali,
873 2749 915 2798 sed

114 2829 155 2879 por
163 2817 305 2869 collationem
312 2819 469 2869 determinatae
475 2818 576 2867 virtutis.
584 2818 639 2867 Ideo
647 2820 726 2867 tamon
733 2831 780 2867 non
792 2817 913 2870 iitmontio

116 2887 252 2953 aprincipio
268 2892 295 2941 de
317 2890 364 2953 aio,
382 2891 422 2940 sed
440 2890 514 2940 solnm
531 2896 612 2952 quarta
629 2889 681 2950 die,
695 2893 721 2938 ut
739 2890 914 2953 chrysostomus
