1984 3309
253 136 285 173 ns
301 122 445 175 coemrro'rr
459 136 546 179 sums
563 136 700 178 smmum.
832 128 878 175 stt

71 209 123 260 dim
142 212 238 262 medum
254 212 360 275 emend,
375 216 496 277 segregem
514 216 569 263 sunt
582 213 597 266 ‘e
612 212 782 265 sonuersstioue
797 213 879 265 risen·

71 282 141 347 tium,
159 286 182 333 et
194 284 323 347 conjuncte
337 284 504 336 conversationi
516 284 667 349 spiritualium
682 286 877 347 moberunt,

70 368 121 419 gom
134 360 190 406 suut
202 356 215 405 d
225 370 321 421 corpore
333 359 444 421 seperate
455 372 461 406 :
473 358 571 407 undeet
585 370 635 421 qum
644 359 703 422 apud
714 371 756 408 nos
769 361 876 422 aguntur,

70 428 185 490 ignorent.
195 430 224 478 Et
234 430 296 477 benc
307 428 420 479 rationem
432 428 532 493 assignat
545 430 666 493 Gregorius
676 430 701 480 in
712 430 762 481 xit.
772 430 877 487 dior-ot..

70 500 150 550 dicens
169 515 175 549 :
192 518 207 547 ιι
218 499 317 563 Mortui,
336 499 383 549 sits
397 500 421 549 iu
438 512 506 551 mnne
523 501 652 551 visentium
663 505 716 564 post
728 514 768 551 eos
781 500 878 564 qualiter

70 571 220 635 disponetur,
234 571 355 635 nesciunt,
368 572 421 635 guis
440 573 490 622 vite
503 572 599 636 spiritus
611 572 677 636 tougd
690 577 726 623 est
741 572 813 623 irrite
828 587 878 624 curs

70 643 121 693 nis:
136 660 151 691 u
164 647 190 695 et
205 644 267 693 sicud
278 656 385 708 corporet
398 648 466 707 stoue
477 643 705 707 innorpmsediuersn
714 648 769 695 suut
782 658 876 707 grume,

68 714 98 763 ite
111 718 167 765 emit
182 715 293 765 distincta
306 715 444 777 cognitione.
453 716 481 767 ut
495 717 540 765 boo
552 716 621 766 etiem
636 716 776 779 Augustinus
788 715 878 766 uidetur

69 792 162 850 tutare
179 788 206 837 in
218 787 262 837 tib.
273 791 309 836 bs
318 800 380 836 curo
390 801 436 847 pro
446 791 524 838 mort.
536 787 649 851 agenda,
658 788 737 839 dicens
750 787 813 851 (cup.
824 786 875 850 ts),

70 858 127 921 subd
146 876 161 907 o
175 859 263 912 animm
281 862 420 909 mortuorum
435 858 504 909 rebus
519 859 643 909 viventium
660 872 707 910 non
724 859 875 909 intersunt.»

71 930 109 979 Sed
120 934 236 995 mantum
246 930 276 979 ud
285 930 373 981 enimes
383 931 500 982 beatorum
511 930 664 982 videturesse
678 930 805 982 differsnbn
816 930 877 981 iuter

67 1000 203 1065 ,diganum
218 1004 244 1051 et
267 1001 504 1063 indeminutum
524 1002 645 1065 Gregorius
666 1002 751 1053 ibidem
773 1000 874 1052 subdit:

73 1074 153 1131 ednod
164 1078 250 1125 temen
265 1074 294 1123 de
311 1073 431 1125 animabus
443 1074 528 1125 sanctis
539 1074 683 1125 sorbendum
695 1088 742 1125 uon
757 1077 804 1134 est,
822 1072 877 1137 quia

68 1159 114 1208 qum
125 1146 193 1197 intus
207 1145 373 1209 omnipotentis
386 1144 427 1197 bei
434 1146 560 1203 ctsnmtom
570 1146 662 1207 uident,
673 1146 736 1197 nullo
745 1146 811 1198 modo
822 1158 878 1195 ore-

69 1217 165 1269 dendum
178 1222 218 1270 esi
229 1215 292 1281 qudd
306 1217 405 1269 sitieris
419 1218 505 1282 aliquid
519 1219 578 1281 quod
589 1217 705 1281 ignorent.
713 1236 727 1265 u
735 1216 877 1281 Augustinus

68 1290 117 1341 sero
129 1292 156 1343 in
168 1291 214 1341 tib.
235 1290 270 1339 De
283 1304 346 1339 curs
358 1305 408 1355 pro
421 1293 499 1339 mort.
514 1290 612 1354 agendo
626 1291 690 1354 (esp.
703 1290 752 1354 ts),
768 1289 875 1354 expressi

69 1361 133 1427 dicit,
147 1361 215 1427 pubd
229 1361 359 1411 ‹tneeoiunt
376 1362 559 1423 mortui,etitn1
573 1361 657 1421 uret,
673 1360 728 1424 quid
741 1365 810 1424 agent
827 1360 875 1412 viui

68 1439 89 1483 et
103 1448 187 1485 eornm
202 1432 258 1495 tilii,
270 1450 284 1479 n
297 1436 323 1482 ut
337 1434 432 1484 babetur
444 1434 468 1482 in
482 1434 561 1483 Glossa
575 1446 644 1495 super
656 1431 728 1482 illud:
741 1450 755 1479 ιι
764 1433 874 1482 Abrabam

68 1506 164 1557 nesciuit
178 1518 239 1567 nos,
248 1520 263 1552 tr
277 1506 350 1567 lsai,
365 1505 522 1563 txtttuuod
536 1504 629 1568 quidem
646 1504 764 1554 confirmet
776 1517 818 1570 per
832 1504 876 1554 boo

67 1576 145 1638 subdi
155 1580 233 1627 matre
247 1592 291 1629 suu
300 1590 348 1627 non
357 1577 500 1637 visitabatur,
509 1576 584 1627 necin
594 1574 696 1626 tristitiis
706 1576 874 1637 consolebatur,

68 1647 124 1698 siout
136 1649 234 1713 quando
249 1648 353 1711 nitebut3
366 1663 409 1699 neo
425 1649 461 1698 est
474 1648 507 1698 ita
520 1647 650 1712 probabile,
669 1651 694 1696 nt
707 1648 737 1698 sit
753 1648 812 1697 iactu
829 1647 876 1697 uite

67 1717 165 1771 ielisiore
181 1718 306 1771 crudelior.
323 1720 351 1769 Et
366 1733 406 1785 per
418 1721 462 1771 hoc
476 1719 535 1783 qudd
557 1718 666 1769 Dominus
679 1719 784 1782 promisit
801 1718 874 1769 iusim

69 1793 127 1855 regi,
138 1792 203 1858 quiid
217 1791 281 1857 pride
293 1797 431 1855 moreretur,
443 1806 472 1842 ne
485 1792 574 1843 videret
583 1791 642 1840 mels
652 1805 703 1854 quse
712 1794 776 1840 erant
789 1791 873 1855 populo

67 1868 248 1927 superventura,
256 1868 282 1913 ut
294 1864 390 1913 habetur
399 1865 521 1929 ΝΜ,
533 1864 606 1913 lixit.
617 1862 662 1913 Sed
675 1862 816 1925 Augustinus
830 1864 874 1912 boc

69 1935 193 1987 dubitando
205 1936 271 1987 dicit.
285 1936 349 1985 Unde
360 1934 478 2000 premittit
493 1950 499 1983 z
514 1953 527 1982 u
547 1936 577 1985 Ut
589 1934 652 1985 uolet
669 1933 767 1998 accipiat
780 1932 875 1996 quisquo

70 2009 126 2069 qnod
137 2010 229 2071 dicunn3
240 2024 254 2054 u
269 2008 389 2070 Gregorius
402 2011 478 2057 autem
489 2007 600 2058 assertive
609 2024 616 2070 3
626 2007 687 2069 quod
700 2008 763 2069 putet
775 2018 818 2069 per
831 2007 875 2055 boc

69 2081 125 2139 qnod
140 2080 201 2131 dicit
218 2095 224 2129 :
243 2096 257 2126 ι(
269 2078 336 2129 Nullo
351 2080 418 2130 modo
430 2080 567 2131 credendum
584 2082 629 2129 est.
643 2095 657 2124 n
673 2077 829 2140 btsgistumen
841 2076 876 2125 ui-

70 2149 140 2213 detur,
154 2150 287 2202 secundini
303 2151 439 2201 seutentiam
449 2152 564 2215 Gregorii,
577 2150 637 2215 quod
653 2148 735 2200 animm
747 2152 876 2198 sanctornm

68 2221 135 2273 deum
144 2222 256 2274 videntes
270 2222 347 2273 omnis
359 2223 483 2291 presentia
497 2238 548 2287 quse
559 2224 598 2274 bic
612 2226 716 2287 aguntur,
727 2224 875 2285 cognoscens

72 2298 122 2344 sunt
133 2294 200 2345 enim
212 2292 301 2359 angelis
310 2296 418 2359 equales,
431 2295 459 2347 ds
472 2296 555 2359 quibus
565 2295 634 2345 etism
644 2292 783 2358 Augustinus
795 2294 877 2345 usserit

71 2364 138 2431 (esp.
154 2365 213 2431 15),
222 2365 283 2430 quod
298 2380 326 2417 ea
335 2378 384 2429 quc
394 2368 453 2430 apud
467 2369 535 2418 vivos
545 2370 699 2431 agunturmon
709 2365 824 2429 ignorant.
832 2367 876 2417 Sed

70 2436 121 2499 quis
134 2440 269 2501 sanctorum
280 2438 361 2489 auium
371 2441 425 2489 sunt
437 2437 604 2506 perfectissime
616 2437 711 2502 justitie,
723 2436 807 2489 divine
823 2452 876 2490 oon-

68 2510 167 2578 iunctae,
182 2523 226 2560 nec
240 2506 374 2573 tristentur,
392 2524 435 2561 trec
447 2512 515 2561 rebus
525 2510 650 2560 uiuentium
664 2524 688 2560 se
697 2511 814 2574 ingerunt,
831 2511 876 2560 nisi

72 2582 195 2633 secundini
213 2582 275 2645 quod
284 2582 379 2647 justitie
398 2582 481 2633 divinoe
494 2582 612 2647 dispositio
625 2582 704 2647 exigit.

100 2655 248 2721 ltprimum
265 2668 319 2717 ergo
334 2654 471 2719 dicendum,
486 2655 547 2720 subd
563 2655 646 2705 animm
664 2659 804 2707 mortuorum
823 2670 875 2719 pos-

74 2732 124 2777 sunt
135 2729 223 2784 babere
238 2739 316 2777 entem
324 2728 352 2777 de
363 2729 431 2782 rebus
440 2728 576 2788 viventium,
584 2727 674 2777 etiamsi
684 2727 789 2789 ignorent
797 2742 874 2779 eorum

74 2800 171 2863 stutumg
188 2800 249 2851 siout
268 2812 312 2849 nos
327 2800 438 2852 hebemus
450 2800 478 2853 dc
491 2798 602 2860 mortuis,
620 2798 653 2849 eis
666 2800 774 2862 sutirugis
784 2800 873 2862 impen-

73 2866 151 2934 tudo,
161 2868 273 2937 prumtis
286 2881 365 2923 smum
378 2872 460 2921 statum
470 2870 610 2935 ignoremus.
625 2872 724 2922 Possunt
734 2871 804 2922 etism
815 2870 874 2921 lectt
