1984 3309
149 165 195 213 tta
290 172 364 211 numa
382 172 509 220 suuuunns,
523 169 621 215 ..onssr
642 170 689 220 ιι,
706 169 764 206 nur.
783 160 807 205 t.

149 264 210 316 orpro
223 250 251 301 11
266 250 351 300 Ειιιε.
362 250 422 312 Ergo
436 248 479 297 alia
491 251 528 297 est
535 247 626 297 bonitas
639 250 704 295 aetus
717 245 847 304 interioris,
859 245 949 306 quaest
976 257 978 260 ·

148 322 257 386 potentiae
272 321 414 385 imperantis,
428 324 452 371 et
462 320 506 370 alia
523 323 559 369 est
570 318 660 393 bonius
673 322 741 367 actus
758 315 894 378 exterioris,
903 329 949 377 que

150 400 188 443 est
198 394 304 458 potentie
317 394 442 456 imperatas.

183 471 205 515 3.
218 466 337 524 Praeterea,
349 477 418 515 eausa
431 468 454 514 et
464 464 560 515 effeetus
573 465 633 514 idem
647 476 699 513 esse
713 476 762 513 non
775 465 887 527 possunt,
900 459 952 508 nihil

150 537 211 588 enim
223 540 257 586 est
268 549 335 585 eausa
345 536 380 585 sui
390 536 473 599 ipsius.
483 537 527 587 Sed
539 537 631 585 bonitas
644 538 708 584 aetus
718 533 836 584 interioris
846 541 953 583 estcaosa
976 539 978 544 ·

150 607 258 657 honitatis
270 610 334 655 aetus
348 607 477 667 exterioris,
489 607 550 657 aute
560 620 671 657 morerso
681 644 688 665 ,
698 605 823 655 utdiotum
832 609 868 655 est
878 607 927 665 (art.
943 606 951 648 t

151 681 174 727 et
184 680 218 741 2).
232 678 290 741 Ergo
300 682 432 741 nonpotest
445 692 497 728 εεεε
507 678 587 727 eadem
602 677 694 726 bonitas
710 676 844 739 utriusque.

183 750 227 799 Sed
241 753 318 799 contra
332 753 382 813 est,
395 750 455 813 quod
472 763 541 812 supra
555 752 674 799 ostensum
687 752 724 797 est
740 749 800 812 (qn
814 754 855 812 16,
866 752 908 798 art.
918 749 954 808 6),
976 759 978 784 ³

151 822 211 885 quod
221 825 286 871 actus
298 820 423 871 voluntatis
433 834 458 871 se
470 821 538 870 hehet
546 820 675 869 uttormale
686 821 717 869 ad
726 825 806 869 aetum
815 819 978 870 enter-iorem·

152 893 187 942 En
206 891 296 942 formali
318 895 393 942 autem
416 895 438 942 et
458 892 570 941 materiali
588 890 621 953 (t)
635 891 661 939 ot
678 905 761 940 annm.
782 890 845 955 Ergo
862 893 898 941 εει
917 902 954 937 ona
976 879 978 948 )

155 964 243 1013 bonius
257 968 322 1013 actus
335 962 451 1013 interioris
464 966 487 1011 et
504 962 633 1012 exterioris.
976 971 978 1024 ,

187 1035 346 1101 (Coroneum.
356 1033 488 1087 -Bonitus
502 1038 526 1082 et
535 1032 623 1083 muirtrn
631 1032 754 1083 exterrens
762 1036 832 1084 actus
841 1034 978 1098 seeundum}

153 1106 286 1157 relationem
299 1107 328 1155 ad
344 1107 428 1169 tinem,
444 1106 523 1155 eadem
537 1108 572 1156 est
581 1116 633 1155 enm
645 1105 751 1155 bonitate
764 1110 790 1155 et
802 1108 890 1157 malitia
903 1106 953 1153 inte·
976 1119 978 1152 ε

154 1178 220 1229 rionis
240 1181 305 1227 aetus
324 1178 462 1242 voluntatis,
480 1179 520 1227 sed
533 1179 659 1227 seeundum
674 1177 813 1228 relationem
830 1181 857 1228 ad
871 1179 955 1229 euenir-

156 1249 265 1312 stantias,
283 1263 329 1300 non
345 1263 402 1313 una,
418 1251 458 1316 sed
472 1249 569 1299 diversae
583 1252 652 1310 suut,
666 1249 760 1299 bonitas
773 1250 891 1300 interioris
901 1254 955 1298 aetus
976 1311 978 1314 Ι

158 1324 181 1371 ει
198 1320 329 1383 exterioris,
344 1320 388 1369 etsi
397 1334 443 1369 una
459 1320 484 1369 in
494 1320 589 1369 aiterum
603 1318 743 1383 redundet.)

188 1392 323 1455 Respondes
333 1391 469 1453 dicendum,
482 1393 543 1455 quod
557 1391 616 1442 sieut
628 1405 698 1455 supra
710 1392 801 1441 dictum
814 1396 851 1443 εει
860 1394 911 1457 (qn.
922 1395 955 1450 17,

158 1466 201 1515 ort.
218 1467 246 1527 ι,
259 1467 283 1514 ει
295 1478 334 1527 qu.
350 1467 380 1513 tt
391 1500 397 1524 ,
410 1468 451 1513 art.
469 1465 510 1524 6),
528 1468 592 1514 aetus
608 1463 704 1516 interior
718 1464 847 1515 volontatis
862 1470 887 1516 et
903 1471 957 1514 actus

160 1536 269 1601 exterior,
277 1540 345 1600 prout
356 1537 526 1586 considerantur
534 1536 651 1599 inponere
664 1537 743 1599 moris,
754 1539 812 1586 sunt
822 1550 883 1587 unus
892 1541 955 1585 arms.

160 1606 278 1669 Contingit
290 1610 363 1657 autem
378 1608 514 1671 quandoque
526 1612 602 1657 actum
615 1607 655 1670 qui
669 1610 703 1657 εει
715 1622 778 1657 nnus
795 1608 912 1671 subiecto,
925 1608 957 1653 tra-

159 1680 213 1729 bere
225 1680 302 1743 piures
310 1681 422 1728 rationes
431 1678 554 1728 bonitatis
563 1680 601 1729 rel
612 1678 712 1739 malitie,
721 1681 957 1743 etquandoqnennam

163 1751 272 1797 tontum.
286 1749 322 1798 Sic
333 1762 386 1813 ergo
400 1750 537 1799 dicendum
542 1751 621 1812 ,quod
634 1750 771 1812 quandoque
783 1755 821 1800 est
833 1751 911 1801 eadem
924 1751 957 1797 bo-

161 1820 221 1869 nitas
238 1821 276 1870 vel
290 1820 375 1870 mulitia
387 1820 501 1871 interioris
515 1823 579 1870 aetus
594 1824 617 1870 ει
630 1820 749 1870 exterioris
756 1823 910 1885 ,quandoque
922 1811 978 1868 elra'

162 1894 186 1941 et
200 1891 253 1941 aliu
268 1890 331 1941 Siout
344 1892 406 1941 enim
417 1893 502 1942 dietum
513 1895 550 1941 est
560 1895 613 1955 (qu.
632 1895 671 1954 ts,
683 1895 728 1939 art.
740 1893 777 1954 6)
795 1893 957 1955 praedictaeduo

161 1962 318 2015 bonitatesuei
331 1963 437 2023 malitiae,
452 1964 539 2013 scilieet
552 1962 666 2012 interioris
684 1965 708 2011 et
720 1964 844 2014 exterioris
856 1968 925 2017 amu.
907 1961 958 2007 ad
976 2021 978 2024 ¹

163 2034 263 2085 inuicem
277 2034 417 2083 ordinantur.
430 2034 549 2097 Contingit
560 2037 636 2084 autem
648 2032 673 2081 in
682 2032 719 2083 his
729 2048 783 2096 quae
796 2035 896 2084 adalind
908 2034 957 2081 ordi-
976 2027 978 2092 )

164 2109 252 2168 nentur,
270 2106 329 2168 quod
343 2104 428 2169 aliquid
442 2108 477 2155 est
491 2105 576 2155 bonum
593 2118 623 2156 ει
635 2106 679 2154 hoe
698 2105 774 2154 solum
789 2107 850 2168 qnod
864 2106 892 2156 ad
908 2103 956 2152 atiud
976 2107 978 2150 ἱ

163 2176 278 2227 ordinatur
294 2192 299 2225 :
317 2176 376 2225 sieut
393 2176 455 2241 potio
473 2189 549 2225 amara
563 2190 592 2225 ει
607 2176 651 2225 hoe
664 2176 712 2225 solo
731 2178 768 2225 est
783 2176 844 2226 bona
862 2177 917 2240 quod
930 2179 956 2221 est

163 2246 280 2310 sanativa,
296 2247 356 2296 unde
371 2260 418 2297 non
433 2249 468 2296 est
482 2245 526 2295 alia
541 2246 632 2295 bonitas
649 2244 754 2295 sanitatis
767 2249 792 2295 et
804 2246 913 2309 potionis,
925 2244 955 2292 sed
976 2281 978 2290 ,

162 2330 210 2367 una
224 2321 247 2367 et
256 2319 344 2368 eadem.
359 2316 497 2381 Quandoque
509 2330 564 2367 vero
577 2316 634 2367 illud
648 2316 708 2380 quod
721 2317 749 2365 ad
763 2316 825 2365 aliud
843 2317 955 2367 ordinatur.

163 2386 231 2437 habet
245 2388 269 2437 in
284 2402 309 2439 se
323 2388 420 2452 aliquam
434 2388 547 2440 rationem
558 2388 628 2452 boui,
643 2386 713 2438 etiam
726 2391 810 2451 preter
824 2388 923 2438 ordinem
935 2383 955 2432 ad
976 2391 978 2496 q

164 2458 224 2507 aliud
245 2460 329 2509 honum
347 2477 353 2507 ι
375 2460 432 2510 sicut
451 2461 563 2511 medicina
577 2472 687 2524 saporosa
700 2459 770 2509 habet
784 2460 896 2510 rationem
914 2455 956 2506 boni

197 2573 228 2637 (1)
244 2575 338 2632 Proprie
348 2577 459 2633 quidem'
453 2590 477 2621 rn
491 2579 608 2637 physicis,
624 2579 665 2623 ubi
677 2590 706 2622 ει
721 2578 819 2623 materia
832 2578 928 2623 maturati
940 2582 956 2617 et

163 2637 238 2681 dorma
256 2647 327 2681 uuum
345 2651 386 2693 per
405 2652 429 2685 se
444 2642 592 2685 constituitur
600 2640 744 2700 ,analogice
763 2642 863 2686 autem
856 2655 882 2685 rn
895 2652 957 2685 mom·

162 2696 234 2755 tibus,
248 2699 289 2743 ubi
300 2710 372 2743 uuum
385 2701 484 2747 retertur
497 2704 607 2761 adalind,
622 2710 646 2747 et
658 2708 780 2759 propterea
794 2703 857 2747 idem
868 2716 917 2749 oum
926 2703 978 2744 itto'

162 2760 315 2817 presumitur,
326 2760 452 2807 seeundum
471 2764 529 2808 illud
544 2766 635 2809 axioma
654 2766 739 2820 quod'
730 2778 779 2821 Janr
796 2766 853 2810 alibi
864 2767 978 2811 notatum

163 2824 214 2861 εει.
229 2818 563 2881 ῦιιεειεεερεεριεεειιεά,
571 2826 607 2871 idi
616 2829 810 2873 uoumtootr'sm
820 2831 957 2875 Eteosensu

164 2888 225 2922 nune
239 2880 321 2927 dieitur
331 2882 392 2939 qudd
404 2894 432 2930 ex
442 2886 535 2941 formali
548 2894 572 2936 ει
582 2903 612 2937 ει
623 2890 738 2939 materiali
748 2903 820 2937 unum
829 2891 879 2939 flat.
