1984 3309
137 186 184 240 toa
324 198 385 244 oras
400 198 423 251 r,
442 196 534 247 onnsr.
552 198 625 251 cunr,
643 198 698 239 mr.
717 198 752 241 rr.

136 275 251 341 corrumpi
259 289 300 340 per
308 276 477 339 redentionem
485 280 510 327 ct
519 276 686 341 corruptionem
698 276 883 340 compositorum.
897 277 941 329 Os·

136 349 228 399 tensum
243 350 280 397 est
294 351 371 397 antcm
380 346 467 413 sopri(
478 351 521 400 art.
536 351 576 407 dt,
590 345 650 411 quod
664 348 745 398 enims
762 348 883 401 brutorum
897 364 942 401 non

138 422 193 469 snut
202 432 244 483 per
254 432 279 469 sc
289 418 455 481 subsistentes,
466 420 507 469 sed
518 415 567 469 sola
576 418 654 469 enimn
667 420 773 469 domena.
785 421 851 471 Unde
860 421 942 471 anime

137 483 256 541 brutorum
276 493 450 555 corrumpuntur
469 491 584 554 corruptis
604 491 750 555 corporibus3
769 492 846 545 enims
866 496 942 543 antem
981 542 982 559 χ

136 560 238 613 hnmana
245 574 293 612 uon
305 565 384 625 posset
391 562 513 627 corrumpi,
525 562 571 613 nisi
586 574 660 627 perse
672 567 865 627 corrumperetur.
876 564 941 622 Quod

136 633 229 698 quidem
245 632 337 685 omnino
352 637 389 684 cst
401 634 557 697 impossihile,
572 648 618 684 non
636 634 709 685 solim
728 636 756 685 de
774 636 840 700 ipsc,
855 638 897 687 sed
914 638 941 687 dc

136 705 237 769 quotibet
250 705 400 767 subsistente,
414 707 475 770 quod
492 710 529 757 cst
544 706 616 769 torma
631 706 730 757 tantdm.
746 707 893 757 Manifestum
908 714 942 759 est

135 776 197 830 enim
205 774 267 840 oudd
277 776 301 827 id
310 778 371 841 qnod
383 780 508 831 secundum
520 791 545 829 se
558 778 665 829 conuenit
675 778 762 842 alicui,
774 783 810 829 est
819 778 942 843 insepara-

135 844 217 900 bitem
226 848 286 913 ipso.
296 850 357 899 Esse
369 851 494 913 autempcr
504 848 645 899 reconvenit
654 850 736 899 forme
746 888 752 909 ‚
762 853 857 913 quecst
866 856 941 902 ectus.

135 920 200 971 Unde
209 916 304 971 muteris
312 921 437 971 secundnm
444 923 489 971 troc
496 920 592 985 acquirit
602 936 653 971 esse
662 920 686 969 in
695 926 747 971 actu
756 958 763 983 ‚
772 922 833 984 qnod
843 924 943 985 acquirit

135 984 246 1054 formem
259 993 385 1045 menmium
402 993 447 1043 troc
459 996 537 1043 eutem
553 992 636 1043 accidit
652 992 677 1041 in
692 1005 720 1043 eu
732 991 863 1055 corruptio,
880 996 943 1057 qnod

134 1056 208 1113 formu
219 1067 337 1127 separatur
347 1063 376 1113 sb
386 1076 423 1113 cr.
434 1063 577 1127 Impossibile
587 1067 622 1113 est
632 1068 708 1115 antem
719 1064 780 1127 quod
790 1064 863 1115 formu
874 1079 944 1131 sepa-

136 1139 199 1185 retur
213 1149 228 1186 a
242 1135 328 1201 seipsa
347 1135 411 1187 Unde
426 1135 568 1199 impossibile
587 1137 700 1200 estquod
718 1138 791 1189 formu
811 1136 944 1191 subsistens

136 1208 228 1259 desinet
238 1221 298 1258 csse.
309 1208 367 1259 dato
376 1207 446 1257 etiem
457 1208 518 1271 qnod
529 1209 605 1259 mine
615 1212 676 1259 essct
685 1221 714 1258 ex
726 1207 822 1259 memria
832 1212 857 1257 et
866 1209 943 1261 torma

136 1281 278 1343 composita,
298 1284 325 1331 ot
343 1278 437 1343 qudam
456 1279 552 1343 dicum,
567 1280 641 1330 adhoc
655 1283 769 1345 oporteret
784 1293 871 1343 ponere
890 1296 943 1333 eum

137 1350 366 1415 incorruptibilem.
373 1350 424 1400 Non
433 1350 496 1401 enirn
505 1350 621 1401 invenitur
629 1351 754 1415 corruptio,
765 1350 810 1401 nisi
823 1351 865 1402 ubi
875 1352 944 1405 inre-

135 1423 197 1473 nitur
207 1423 364 1475 contrarietas.
377 1422 541 1484 Generationes
557 1422 618 1475 enim
631 1427 655 1475 et
667 1423 822 1488 corruptiones
837 1436 868 1473 ex
882 1438 944 1475 con·

133 1495 227 1558 trariis,
241 1500 265 1547 et
275 1496 299 1544 in
313 1495 425 1545 contraria
438 1499 507 1559 snnt3
523 1496 583 1545 unde
592 1506 686 1559 corpore
696 1494 812 1557 colestia,
826 1496 944 1559 quianon

134 1566 221 1619 hubent
232 1568 350 1618 materiam
365 1567 520 1617 contrmietati
533 1568 673 1632 subtectam,
683 1566 863 1631 incorruptibilia
875 1574 943 1621 sunt.

134 1634 244 1692 Inaninm
255 1638 480 1690 untemintcllectirr
490 1652 538 1689 non
548 1642 624 1702 potest
632 1650 686 1689 esse
694 1638 770 1702 alique
778 1638 941 1704 contrarieta3
982 1681 983 1706 p

134 1709 216 1773 recipit
233 1709 295 1761 enim
306 1710 429 1761 secondum
439 1709 533 1761 modum
546 1709 582 1761 sui
594 1724 659 1773 esre;
674 1722 702 1761 ea
714 1709 769 1761 vend
785 1722 837 1773 que
853 1710 880 1763 in
893 1712 946 1777 ipsa
982 1750 983 1773 .

134 1781 291 1845 recipiuntur,
305 1784 359 1831 sont
369 1782 454 1844 rorone
464 1780 624 1833 con'rarietate
638 1820 644 1841 ‚
659 1781 712 1845 quia
727 1779 797 1831 etium
810 1798 824 1829 o
838 1782 946 1837 rationes
982 1812 983 1845 ;

135 1852 301 1906 contrariorum
314 1853 340 1903 in
353 1852 474 1906 inteltectu
490 1866 536 1903 noo
556 1856 610 1903 sunt
629 1853 763 1915 contrarie,
780 1852 821 1903 sed
838 1858 875 1905 cst
898 1871 947 1907 una
982 1866 983 1913 ζ

134 1922 633 1988 scientircontruriomm.o1mpcssibiteest
646 1938 700 1988 cruc
710 1923 771 1987 qudd
781 1922 860 1975 animo
871 1925 946 1979 intel·
982 1946 983 1957 ι

134 1994 217 2046 lectiae
231 1991 261 2045 cit
275 1995 436 2058 corruptibilis.
450 1996 527 2046 Potest
539 1995 608 2046 etiarn
627 1995 695 2059 hujus
708 1995 742 2047 rei
755 1994 828 2059 accipi
844 1996 944 2061 signum

134 2066 291 2131 exdoc,qudd
300 2068 477 2131 unumquodque
483 2067 616 2121 naturaiiter
625 2080 667 2119 sno
676 2068 743 2122 modo
749 2080 802 2117 esre
811 2066 944 2135 desiderum

97 2182 103 2191 .
133 2136 271 2191 desiderim
284 2143 362 2189 entem
374 2138 400 2189 in
415 2138 487 2190 rcum
505 2138 694 2202 cognoscentibus
711 2137 815 2201 requitur
829 2140 947 2203 cognitio-

133 2224 202 2273 nem3
218 2223 301 2261 sensns
315 2214 393 2261 numm
403 2224 449 2261 non
461 2210 579 2275 cognoscit
592 2226 652 2273 esse,
662 2210 706 2262 nisi
716 2211 758 2261 sub
770 2211 812 2261 osc
824 2215 850 2261 et
860 2228 945 2280 nunc,-

132 2282 174 2333 ssd
190 2281 318 2333 iutodectus
329 2282 480 2345 apprehendit
491 2297 545 2332 erse
557 2282 673 2347 sisoium,
689 2285 714 2333 et
726 2282 853 2333 secundnm
866 2298 946 2338 omne

133 2358 237 2418 tcmpns3
253 2354 326 2417 unde,
343 2368 411 2405 omne
423 2356 511 2405 tradens
523 2354 663 2405 intellectum
674 2351 807 2405 naturaliter
825 2354 948 2409 desiderat

133 2439 184 2477 esse
199 2438 307 2489 semper3
321 2426 422 2477 nrtnmie
439 2430 517 2477 anmm
538 2426 676 2477 desiderium
694 2429 770 2489 potest
788 2437 839 2475 csse
858 2427 946 2482 inune.

134 2496 215 2548 Omnis
230 2496 301 2559 igitur
313 2496 474 2551 intellectualis
485 2497 611 2549 substantia
621 2502 658 2549 est
670 2496 860 2560 incorruptibilis.

166 2571 199 2621 nd
210 2569 309 2634 primum
318 2582 373 2633 crgo
390 2569 519 2630 dicendum,
533 2569 594 2633 quod
611 2569 718 2623 Sotonrou
728 2566 816 2619 inducit
827 2571 948 2625 rationem

133 2640 197 2691 illem
212 2655 241 2691 ex
258 2653 353 2705 persona
365 2640 542 2705 insipientium,
558 2645 585 2690 ut
596 2640 731 2705 exprimitur
743 2640 816 2703 Sap..
830 2641 861 2691 11.
876 2644 947 2703 Quod

133 2725 188 2775 ergo
204 2712 355 2777 diciturqudd
368 2714 437 2763 homo
449 2716 475 2763 et
486 2712 532 2761 olio
540 2712 646 2765 animalia
655 2712 742 2765 hahent
753 2711 829 2761 simite
844 2727 948 2777 genera.

133 2783 202 2834 tionis
222 2783 375 2847 principium,
394 2796 475 2833 rorum
493 2787 530 2833 est
549 2787 659 2847 quantum
676 2783 704 2832 nd
720 2795 817 2846 corpus;
835 2783 949 2840 similiter

134 2854 198 2905 enim
211 2856 239 2906 dc
251 2859 311 2908 terra
321 2856 381 2907 fucta
393 2858 448 2904 sunt
461 2854 539 2904 omnia
550 2854 671 2917 amendia,
686 2856 818 2904 nouantem
828 2863 948 2919 quantum

133 2926 162 2977 ed
181 2928 288 2978 animam.
299 2926 358 2977 Nam
373 2924 449 2976 enimn
461 2926 577 2976 brutorum
590 2924 720 2989 producitur
729 2937 759 2977 ex
768 2924 855 2979 virtute
865 2928 949 2997 aliqua
