1984 3309
139 143 185 191 tlt
276 152 350 191 emsa
365 151 494 201 secusne,
508 151 603 195 unm.
620 152 695 201 nur,
707 152 764 189 aar.
779 153 807 189 rr.

139 230 215 281 aiones
224 227 406 293 concupiscibilis
417 240 463 279 non
476 228 643 279 ursmarus
654 227 701 279 nisi
714 230 843 279 secundum
851 237 948 288 eontra-

138 301 243 353 rietatem
262 302 320 351 toni
336 304 359 351 el
380 299 458 359 mali,
479 300 539 349 sicut
561 312 623 349 amor
639 304 663 349 et
680 300 774 363 odium,
787 301 903 363 gaudium
922 308 945 352 et

139 373 239 425 tristitia.
259 374 317 437 Ergo
329 384 372 422 nec
384 370 503 435 passiones
517 370 645 420 irascibilis.

170 450 194 495 t.
215 446 339 506 merea,
354 442 473 507 passiones
493 442 600 492 differunt
617 444 743 493 seeundum
761 443 870 507 objecta,
888 445 949 495 sicut

138 520 161 567 ol
171 520 244 566 motus
258 515 381 565 meandum
395 513 514 563 terminos.
526 514 572 563 Sed
584 513 732 564 mansuetas
748 528 796 565 non
811 519 847 565 est
857 515 885 564 in
895 531 947 565 rno-

138 586 212 645 libus,
224 585 268 635 nisi
280 586 403 635 secundum
417 585 598 635 contrarietatem
608 585 767 650 terminorum,
776 590 803 635 nt
812 587 947 650 patelini.

139 657 213 720 Phys.
229 658 306 720 (text.
317 660 345 707 ta
354 655 371 719 ).
386 656 445 719 Ergo
458 668 533 719 nepte
545 655 571 705 in
582 655 727 719 passionibus
742 660 780 707 est
790 661 946 709 contrarietas

138 728 287 793 passionum,
303 727 348 777 nisi
361 728 484 778 meandum
497 727 681 777 contrarietatem
694 728 848 791 obiectorum.
862 732 948 794 Obiec-

139 802 188 849 lom
201 802 278 849 autam
296 799 410 863 appetitus
427 801 462 848 est
477 797 568 847 mnam
582 799 619 848 vel
638 798 746 849 malum
766 802 828 862 Ergo
842 800 867 849 in
884 805 947 851 nulia

140 870 242 935 munuc
264 871 391 935 appetitiva
410 874 485 934 potest
503 882 553 921 esse
570 870 719 923 cenuuietas
735 876 887 935 manum,
903 875 947 923 nisi

142 943 267 995 secundnm
286 943 467 995 eonmrietatem
480 942 538 991 dost
551 945 576 992 et
590 941 661 991 asoti.

175 1020 197 1065 t.
215 1017 341 1077 Praeterea,
352 1015 428 1065 omnis
440 1014 518 1078 passio
532 1013 613 1065 animae
624 1015 752 1066 attenditur
765 1019 896 1067 secundnm
909 1032 945 1068 ac-

142 1100 232 1137 cessum
247 1095 271 1137 et
288 1098 412 1143 nmmum
431 1090 456 1135 ut
470 1085 587 1137 amoenae
605 1085 660 1135 dicit
678 1086 702 1135 in
723 1088 760 1136 vl.
783 1092 820 1136 tte
840 1093 945 1139 noturu-

141 1158 216 1209 lidus.
229 1159 275 1209 Sed
286 1172 390 1208 accessus
400 1162 504 1209 causatur
519 1170 547 1208 ex
562 1156 650 1207 ratium
664 1158 733 1221 boni,
749 1172 858 1211 recessus
867 1165 945 1211 autern

141 1242 170 1280 ex
179 1229 266 1281 ratione
274 1230 337 1293 mab,
348 1229 402 1294 quia
410 1229 468 1279 siem
478 1246 492 1277 u
501 1230 586 1279 bonum
595 1230 700 1291 estquod
711 1230 792 1279 omnia
798 1237 942 1295 appetant»

142 1303 168 1351 ut
185 1300 267 1351 dieitm
276 1302 301 1351 in
313 1303 331 1351 1.
347 1301 431 1351 Ellis.
446 1300 506 1365 (cap.
517 1299 553 1364 1),
570 1317 584 1346 a
595 1299 627 1349 lla
638 1300 724 1352 malum
738 1305 853 1365 estquod
869 1306 944 1353 omnia
981 1303 983 1360 Ξ

141 1370 241 1435 tument.
255 1388 269 1419 s
285 1374 343 1436 tirso
353 1371 501 1423 contrarietas
512 1370 538 1420 in
553 1371 699 1433 passionibus
715 1372 800 1424 ammae
810 1386 861 1425 non
871 1381 944 1439 potest
981 1371 983 1384 '

141 1455 194 1493 esse
204 1443 249 1495 uisi
265 1445 388 1495 secundum
401 1443 490 1493 bonum
503 1447 526 1493 et
538 1443 645 1492 molum.

173 1515 217 1565 Sed
233 1518 326 1577 contra,
336 1515 403 1565 timor
417 1517 440 1565 et
450 1514 545 1565 audacia
554 1518 609 1565 sunt
618 1516 741 1576 contraria,
757 1522 785 1566 nt
795 1522 862 1581 patet
873 1519 898 1569 in
907 1521 942 1570 ill.

141 1586 224 1637 Etbic.
239 1586 284 1636 Sed
298 1586 365 1637 timor
382 1589 406 1636 et
423 1584 518 1635 audacia
530 1598 577 1636 non
594 1586 702 1637 differunt
714 1590 844 1639 secundum
857 1591 944 1640 ὸοιιιιηι
981 1585 983 1588 ’

142 1658 290 1721 elmodam,
304 1658 358 1721 qaia
375 1661 495 1720 utrumque
509 1660 547 1707 est
560 1661 665 1722 respectu
683 1658 813 1722 aliquorum
827 1663 944 1713 malorum.

142 1730 202 1793 Erpa
215 1743 261 1779 non
276 1730 350 1780 omnis
363 1729 509 1780 contrarietas
525 1730 658 1793 passionum
671 1730 807 1796 bascibilis,
819 1738 857 1783 est
868 1748 946 1784 monn-

142 1803 196 1852 dum
210 1801 391 1851 conbanetatem
405 1802 463 1851 boui
477 1806 502 1853 et
514 1800 588 1851 moti.

176 1871 334 1936 (Cossutiano.
349 1898 381 1911 -
389 1873 416 1921 ln
433 1870 576 1935 passionibus
591 1871 713 1923 irascibilis
723 1874 841 1937 reperitur
860 1881 945 1927 contra

142 1943 226 2003 rictas,
239 1946 285 1991 tens
302 1944 427 1994 secundum
439 1944 543 2007 objecta,
558 1943 625 2005 quan
640 1944 768 1994 secundum
784 1959 903 1997 secessim
924 1953 945 1997 et

143 2028 255 2065 mcessum
271 2015 299 2065 nb
312 2015 392 2065 eodem
406 2014 516 2078 termino,
528 2015 554 2063 in
569 2014 714 2078 passionibus
730 2021 811 2068 autem
828 2022 945 2085 concupis

143 2086 215 2136 sibilis
228 2084 350 2136 secundum
365 2084 454 2148 objecta
466 2086 581 2149 matum.)

174 2158 307 2221 Respondeo
324 2156 456 2219 dicendum,
473 2156 533 2219 qnid
551 2157 628 2221 passio
644 2157 737 2219 quidam
758 2162 837 2211 motus
856 2166 905 2223 est,
922 2169 945 2210 nt

143 2230 227 2279 dicitur
235 2229 259 2280 in
267 2230 306 2279 lli.
318 2228 414 2293 Pousis.
426 2245 434 2277 :
445 2230 505 2279 unde
518 2233 608 2292 oportet
616 2229 803 2281 contrarietatem
813 2234 942 2296 passionum

143 2300 244 2363 accipere
261 2301 384 2351 seeundum
406 2300 587 2351 contrarietatem
607 2304 711 2349 motuum
729 2303 767 2351 vel
786 2304 942 2354 mutatorum.

142 2371 183 2421 Est
198 2376 274 2421 aulem
293 2374 377 2437 duplex
394 2373 541 2423 contrarietas
553 2373 578 2423 in
590 2372 755 2424 mutationibus
770 2376 809 2425 vel
830 2377 942 2435 motibus,
981 2429 983 2444 Ι

143 2444 168 2491 ul
181 2442 265 2492 dicitur
275 2444 299 2492 in
313 2446 350 2494 Vl.
367 2444 442 2509 pepe.
459 2445 508 2495 Una
523 2445 613 2509 quidem
627 2446 768 2495 secundum
782 2463 907 2498 accessum
923 2452 945 2496 el
981 2457 983 2468 ¹

143 2528 265 2564 recessum
279 2516 309 2564 ob
326 2518 409 2565 eodem
431 2517 617 2580 terrestremque
636 2516 731 2579 quidem
748 2520 897 2571 contrarietas
916 2523 944 2568 est

143 2587 233 2650 proprie
248 2586 412 2651 mutationum,
429 2588 498 2638 idest
511 2588 678 2651 generationis,
694 2604 747 2651 puae
763 2595 801 2640 est
816 2592 910 2642 mulatio
920 2592 944 2640 ed

143 2670 209 2715 esse,
222 2661 246 2707 et
265 2657 430 2721 corruptionis,
446 2672 497 2722 quae
515 2662 550 2709 est
566 2658 662 2710 mutatio
680 2660 708 2710 ab
728 2676 789 2710 esse.
806 2663 856 2712 ,ilia
874 2667 941 2712 auen

143 2727 279 2775 secundum
296 2730 506 2779 contrarietatem
531 2733 713 2787 terminorum,
729 2747 782 2796 que
807 2733 896 2799 proprii
911 2737 941 2782 est

143 2796 290 2849 contrarietas
303 2800 403 2847 motuum
416 2814 421 2847 z
437 2799 495 2849 sicut
510 2802 635 2866 dealbatio,
649 2816 700 2865 que
712 2807 749 2854 est
762 2810 841 2856 motus
855 2805 869 2855 i
881 2805 939 2867 nigro

144 2863 168 2911 in
186 2866 275 2931 album,
289 2866 410 2931 opponitur
423 2868 594 2938 denigrationi,
611 2886 662 2937 que
676 2878 713 2926 est
725 2878 805 2929 motus
819 2878 848 2928 ab
860 2876 905 2929 alto
915 2874 938 2923 1'11
