1984 3309
125 218 156 255 na
169 215 255 256 mmm
270 216 416 256 eoamrrmm
431 218 551 257 nemnem
567 218 744 257 conensem.
789 208 835 256 251

38 306 134 358 sensum3
152 298 179 345 ut
193 298 314 348 murena
327 309 353 345 se
370 295 399 345 ad
411 295 583 358 intelligentiam
605 300 709 361 egentem
724 296 751 347 ad
772 296 836 347 neci-

39 366 139 430 piendam
146 366 235 431 spectes
241 366 397 430 sensibilium,
405 380 501 430 qnomm
510 380 602 418 sensnm
613 366 694 432 abacis
705 369 835 419 nonhabet.

39 439 63 486 er
76 438 109 487 sic
120 450 196 489 cecam
208 437 281 489 natus
287 442 369 503 posset
379 439 462 489 babere
473 438 591 510 scientiam
602 440 629 490 de
640 439 766 503 coloribus,
778 440 838 503 qaod

39 515 71 559 est
82 509 202 561 mamlentd
214 510 307 560 laisum.
320 511 386 560 Unde
399 509 520 560 dicendum
531 513 566 560 est
580 509 640 574 qubd
653 511 740 575 species
754 510 839 562 intelli-

39 582 131 644 gibiles,
145 582 230 647 quibus
243 582 321 631 anima
337 584 416 632 nostra
431 581 551 645 iutelligit,
562 595 609 632 non
624 582 719 632 ellluunt
733 582 746 633 b
759 582 838 633 formis

39 654 154 716 meamus.

68 726 99 774 ld
108 724 209 790 nmmum
221 736 276 787 ergo
288 723 419 786 dicendum,
429 723 488 787 qnbd
502 724 590 789 species
604 724 773 791 intelligibiles,
782 740 839 791 quas

40 795 155 860 panimml
165 797 247 846 nosmr
259 795 405 856 intellectae,
417 796 563 858 reducuntur,
574 796 631 846 sieut
641 794 666 845 in
679 796 774 861 primam
786 810 838 847 eau-

41 881 98 932 sam,
110 867 136 917 in
153 867 248 931 aliquod
259 866 451 931 principinm'per
470 878 534 918 snam
555 868 676 919 essentiam
686 868 836 933 intelligibile,

43 939 122 989 scilieet
136 940 161 989 in
172 941 256 989 Deum.
269 939 314 989 Sed
325 939 354 989 ab
370 938 409 989 illo
423 939 534 1005 principio
549 942 675 1009 procedunt
690 940 840 991 mediantibus

43 1010 118 1060 tornis
128 1006 205 1061 renam
224 1009 367 1060 sensibilem
381 1014 404 1060 et
420 1011 582 1076 materialium,
600 1012 709 1077 aquibus
723 1012 840 1063 scientiam

44 1080 177 1145 colligimus,
189 1085 218 1133 ut
229 1082 359 1146 Dionysius
374 1081 439 1133 dicit.

72 1154 106 1203 bd
119 1155 243 1205 secandum
254 1153 391 1216 dicendum,
401 1153 460 1217 qnbd
469 1168 505 1204 res
513 1154 640 1205 materiales
654 1154 777 1205 secundnm
793 1170 843 1205 esee

44 1226 99 1287 qnod
109 1225 198 1276 babent
208 1228 275 1275 extra
285 1225 398 1286 animam,
412 1228 508 1288 possunt
518 1238 568 1276 esse
583 1226 703 1276 sensibiles
714 1231 778 1291 actu,
791 1236 838 1277 non

44 1301 116 1346 annm
130 1300 186 1346 acta
202 1295 377 1359 intelligibiles,
392 1296 452 1346 nude
469 1309 516 1347 non
536 1299 572 1348 est
593 1297 666 1347 simile
682 1298 711 1349 de
730 1310 798 1348 sensu
821 1302 844 1349 'et

43 1368 164 1419 mulum.
499 1372 504 1381 “

72 1439 209 1490 adientium
228 1438 365 1500 dicendam,
377 1438 437 1503 qndd
447 1439 575 1490 intellectus
588 1442 666 1490 noster
679 1440 794 1505 possibilis
809 1454 844 1490 re-

44 1510 130 1564 ducitur
141 1512 172 1561 de
180 1510 286 1575 pamella
298 1511 327 1561 ad
341 1514 415 1560 acaum
424 1524 465 1575 per
477 1511 567 1575 aliquod
578 1525 619 1561 ens
630 1513 696 1575 aetn,
707 1512 730 1561 id
741 1514 788 1575 est,
802 1524 844 1575 pen

44 1583 182 1635 intellectum
201 1585 323 1647 agentem,
335 1583 376 1646 qui
388 1586 425 1633 est
440 1583 513 1633 virtus
528 1584 631 1647 mandam
650 1584 731 1653 anime
747 1586 845 1648 nostrae,

43 1658 67 1704 nt
79 1656 166 1705 dietam
174 1658 226 1715 est3
237 1668 286 1705 nou
300 1658 376 1705 antem
385 1668 428 1719 per
437 1656 536 1717 aliquem
548 1656 685 1707 intellectam
699 1659 826 1721 separatum
837 1694 845 1721 ,

44 1727 100 1775 sient
115 1740 160 1791 per
173 1739 266 1777 masam
282 1726 426 1791 peonnam,
440 1727 480 1777 sed
497 1726 558 1778 forle
575 1726 634 1778 sicut
649 1740 690 1793 per
708 1739 799 1779 eanmm
812 1740 848 1778 re-

352 1896 511 1950 ARTICULUS
525 1898 552 1949 V.

74 2014 162 2061 θένω
175 2014 261 2059 amma
274 2012 423 2059 intellectiva
432 2016 556 2071 eoyaoseat
565 2024 604 2058 rea
612 2012 784 2058 immateriales
796 2012 822 2056 ia

327 2078 461 2121 rationibus
470 2076 570 2121 eternis.

76 2197 108 2245 dd
127 2194 235 2260 quintum
254 2194 289 2245 sie
303 2194 434 2260 pmceditnr
445 2193 489 2259 (l).
503 2194 596 2245 Videtur
612 2190 672 2257 qnbd
687 2191 765 2250 anima
782 2190 848 2241 intel-

48 2264 127 2317 lectiva
144 2279 193 2316 non
205 2269 329 2329 cognoscat
342 2279 380 2316 res
393 2265 554 2316 immateriales
568 2266 594 2315 in
610 2264 736 2316 rationibus
749 2262 848 2315 aeternis.

49 2335 70 2385 ld
84 2339 146 2388 enim
162 2338 188 2388 in
206 2351 252 2401 quo
273 2336 360 2401 abquid
373 2336 502 2400 segnescit,
517 2336 592 2401 ipsum
610 2333 718 2415 maglset
733 2334 850 2398 perprius

49 2411 199 2473 cognoscitur.
213 2409 259 2459 Sed
269 2410 348 2460 anima
357 2408 496 2459 intellectiva
507 2406 607 2458 bominis
620 2407 644 2455 iu
658 2410 718 2457 statu
730 2405 850 2469 presentis

50 2481 99 2531 rite
108 2496 158 2534 non
172 2482 292 2545 cognoscit
303 2480 403 2531 meones
414 2478 582 2543 aereasque
592 2491 637 2529 uon
649 2476 765 2541 cognoscit
774 2477 849 2541 ipsum

50 2550 131 2616 bum,
149 2554 175 2604 in
189 2551 346 2618 murationes
364 2557 455 2602 aeteme
470 2550 572 2601 existunt
580 2586 588 2612 ,
607 2550 646 2599 sed
662 2547 684 2599 ei
699 2548 757 2597 sieut
771 2547 850 2611 ignoto

51 2629 203 2693 coniungitur,
217 2632 248 2677 nt
253 2628 378 2692 Dionysius
386 2624 441 2677 dicit
449 2626 474 2676 in
486 2627 504 2675 l.
518 2638 569 2689 cap.
580 2626 656 2688 Most.
672 2622 779 2686 tbecloq.
791 2620 850 2685 Ergo

51 2701 120 2751 anima
136 2712 185 2753 non
199 2700 318 2765 cognoscit
334 2699 410 2750 omnia
423 2699 448 2748 iu
461 2698 588 2748 redonibus
604 2694 703 2747 eternis.

81 2827 112 2889 (l)
126 2832 162 2877 Ite
172 2832 211 2877 bis
224 2829 380 2883 calamistri,
395 2840 435 2885 qn.
450 2826 493 2888 88,
511 2824 581 2871 nrt.3
595 2822 664 2879 ad13
679 2828 702 2869 et
716 2836 756 2879 qu.
769 2820 798 2881 8,
813 2820 849 2865 De

53 2895 133 2943 maie„
142 2895 214 2940 ΒΗ
228 2895 258 2940 ad
268 2894 298 2948 63
313 2897 385 2949 atqu.
396 2891 441 2953 10,
454 2897 499 2935 art.
510 2888 712 2950 1,tum'incerp.,
727 2892 775 2929 tum
786 2884 815 2929 ad
826 2882 850 2943 b,

55 2957 128 3004 ciart,
139 2956 169 3017 8,
184 2958 210 3002 irr
223 2970 290 3013 corp.
