1984 3309
136 120 181 168 rte
283 125 356 166 rama
373 126 502 176 mmmmm,
520 125 612 171 eumer.
629 126 668 176 rx,
687 125 745 164 nar.
763 126 788 166 v.

168 206 329 271 (Goumnsuo.
339 230 370 241 -
383 202 442 253 Cium
457 202 564 252 uniuntur
577 201 608 251 sit
626 201 734 264 potentia
750 201 848 253 omnino
867 203 942 252 imma-

136 277 223 328 terialis
235 279 259 327 et
277 276 422 338 incorporea,
436 285 484 325 non
495 273 573 337 potest
584 271 629 322 nisi
648 271 765 326 indirecte
782 272 797 323 ιι
815 273 943 338 corporibus

136 349 267 401 caelestibus
276 346 390 411 moueri.)

167 420 301 484 Respondeo
310 418 448 480 dicendum,
458 416 522 481 nuti
532 430 559 470 eo
577 415 644 467 modo
656 429 702 480 quo
718 417 834 468 voluntas
847 422 941 469 mouetur

136 493 165 543 al)
184 489 291 542 exteriori
314 488 419 555 objecto,
438 488 583 538 manifestum
604 489 640 537 εει
656 485 719 552 qudd
740 488 856 540 uoluntas
875 493 940 554 potest

137 561 223 613 moveri
237 561 250 611 lt
263 559 397 625 corporibus
414 559 544 612 caelestilus
560 558 733 621 :inquantum
748 559 845 612 scilicet
860 573 940 624 corpora

136 632 262 695 exteriora,
272 645 324 696 quaa
340 631 418 682 sensui
431 631 548 696 proposita
562 633 655 681 mouent
670 629 833 694 uoluntatem,
845 635 871 688 et
882 631 939 682 etiam

136 705 187 768 ipsa
200 717 285 768 organa
297 704 450 766 potentiarum
466 701 626 772 sensitiuarum
642 701 767 764 subjacent
781 704 887 754 motibus
899 716 939 754 ce·

135 776 227 828 leetium
237 789 363 842 corporum.
373 775 417 826 Sed
427 776 531 826 eomodo
540 787 585 838 quo
595 774 702 824 voluntas
715 776 939 840 mereturquantun

66 883 73 892 .
137 848 166 899 ad
176 847 310 898 exercitium
322 847 387 898 actile
399 847 427 897 ah
441 845 516 910 aliquo
530 845 638 898 exteriori
651 847 750 909 agente,
764 847 848 898 adhue
858 848 939 912 quiden

137 923 264 985 posuerunt
276 931 370 983 corpora
389 918 491 969 coeleetr'a
511 915 595 968 directe
615 917 746 981 imprimere
761 917 788 967 in
803 919 938 970 voluntatem

137 992 274 1054 humanam3
289 990 330 1040 sed
342 991 387 1040 troc
396 991 433 1039 est
445 987 595 1053 impossihile.
607 987 717 1038 Voluntas
727 987 807 1052 enim,
824 993 854 1039 ut
867 989 938 1044 dicitur

137 1059 161 1110 in
177 1061 269 1111 little
287 1062 375 1111 ocimu
395 1061 467 1121 (tert.
484 1059 532 1120 tel
541 1097 552 1123 ,
567 1062 603 1110 est
617 1058 644 1108 in
660 1059 761 1110 ratione.
781 1059 855 1114 Retio
872 1065 937 1112 autam

138 1135 174 1184 est
183 1133 287 1198 potentia
301 1131 383 1183 anime
398 1144 445 1183 uon
457 1128 549 1195 alligata
560 1144 645 1196 organo
658 1131 771 1196 eorporali
783 1147 789 1180 :
802 1135 869 1185 unde
879 1132 939 1184 retin-

137 1203 216 1267 quitur
229 1203 292 1268 quod
305 1202 410 1259 uoluntas
422 1201 453 1252 sit
465 1200 567 1267 potentia
585 1202 678 1268 omnino
696 1203 861 1254 immaterialis
873 1209 896 1256 et
908 1205 939 1254 iu·

137 1287 252 1340 corporea.
274 1273 418 1326 llanitestum
434 1276 471 1324 cst
487 1276 564 1325 autem
587 1273 648 1338 quod
668 1273 758 1325 nullum
777 1287 862 1340 corpus
878 1288 938 1338 agere

137 1349 213 1412 potest
225 1347 251 1397 in
270 1360 319 1398 rem
334 1343 504 1410 incorpoream,
519 1347 560 1396 sed
573 1344 678 1414 potitust
694 1359 825 1410 conuerso,
842 1360 871 1398 eo
886 1347 938 1412 quit

138 1419 276 1482 incorporee
292 1421 317 1468 et
330 1415 490 1468 immateriales
510 1420 564 1467 sunt
579 1415 717 1468 formatioris
729 1420 755 1467 et
774 1417 938 1470 universalioris

139 1489 230 1540 virtutis
246 1489 314 1553 quim
336 1501 475 1560 quecunque
492 1501 528 1539 res
543 1489 697 1552 remoratos:
720 1489 784 1540 unde
802 1489 938 1555 impossihile

139 1564 174 1612 est
192 1560 251 1626 qudd
270 1573 354 1624 eorpus
369 1561 462 1610 coeleste
475 1559 591 1623 imprimat
604 1559 689 1610 directi
711 1559 738 1609 in
751 1559 894 1612 intellectum
905 1565 936 1611 eut

139 1633 288 1682 uoluntatem.
307 1631 337 1680 [ιι
356 1634 449 1694 propter
468 1631 514 1684 luoo
536 1629 668 1682 trismmtes
689 1631 712 1681 in
735 1630 777 1681 tit.
798 1633 840 1682 De
859 1635 937 1682 coium

142 1703 198 1766 (tib.
209 1703 243 1763 ll,
255 1704 313 1752 text.
326 1706 355 1751 50
363 1702 383 1766 )‚
394 1701 493 1752 recitans
503 1702 634 1766 opinionem
645 1703 790 1768 dicentium,
800 1703 862 1768 qudd
871 1722 885 1753 u
893 1704 937 1754 tatis

140 1779 176 1828 est
183 1775 289 1828 uoluntas
297 1774 323 1824 in
332 1773 476 1837 hominibus,
486 1775 577 1838 qualem
588 1773 613 1824 in
621 1774 670 1825 dies
679 1774 769 1825 inducit
777 1779 845 1844 pater
853 1777 937 1828 deorum

139 1848 293 1911 uirorumque,
308 1863 321 1894 u
336 1845 538 1910 sciticctlupiter3
551 1859 671 1912 perquem
685 1848 761 1897 totum
779 1847 864 1900 melum
876 1846 935 1896 intel-

138 1910 229 1983 ligitur,
248 1917 352 1969 attribuit
367 1913 455 1982 eisqui
470 1916 586 1980 ponebant
603 1917 744 1966 intellectum
761 1931 811 1968 nnn
827 1917 935 1970 differret

140 2005 225 2042 sensu:
240 2003 319 2040 omnes
330 1988 392 2039 enim
402 1988 462 2038 uires
471 1987 598 2051 sensilium,
610 1986 661 2037 cim
670 1987 716 2038 sint
727 1991 795 2038 actus
806 2001 933 2054 organorum

138 2061 296 2127 corporalium,
306 2073 348 2125 per
364 2059 473 2111 accidens
486 2060 574 2111 moueri
583 2068 680 2126 possunt
690 2057 704 2110 a
716 2061 850 2114 caelestibus
863 2074 934 2125 corpo·

138 2135 214 2198 ribus,
226 2133 294 2184 motis
311 2131 399 2183 seilicet
415 2131 547 2196 corporibus
560 2135 721 2196 quorum‘snnt
735 2135 812 2184 aetus.
832 2135 876 2185 Sed
889 2132 934 2197 quir

138 2206 225 2256 dictum
240 2209 276 2256 est
288 2203 347 2269 qudd
362 2203 479 2268 appetitus
489 2203 642 2255 intellectione
654 2204 824 2268 quodammodo
839 2208 933 2256 moretur

137 2276 166 2326 alu
178 2277 281 2340 appetitu
301 2275 423 2339 sensitivo,
441 2273 551 2327 indirecte
572 2275 700 2328 redundant
719 2279 796 2328 motus
815 2275 934 2328 ecelostium

136 2360 256 2412 corporum
272 2348 297 2398 in
311 2347 507 2411 uoluntatem31n
528 2351 639 2412 quantum
657 2346 746 2398 seilicet
761 2359 804 2412 per
822 2347 934 2412 passiones

135 2419 250 2482 appetitis
258 2419 365 2468 sensitiui
378 2418 520 2470 uoluntatem
529 2418 617 2470 moueri
627 2419 750 2481 contingit.

167 2489 309 2553 ltprimum
322 2502 376 2554 erpo
386 2491 519 2556 decadum,
534 2489 594 2555 quor
605 2491 758 2542 multiformes
770 2495 847 2544 motus
861 2491 933 2542 reluu-

137 2559 192 2612 tatis
208 2562 317 2611 humane
334 2562 472 2612 reducuntur
485 2563 510 2612 iu
525 2561 623 2626 aliquam
633 2575 722 2613 causam
731 2562 879 2625 uniformem,
890 2571 933 2624 que

42 2670 44 2675 .
138 2636 175 2683 εει
191 2632 216 2681 in
231 2631 353 2681 intellectu
373 2635 397 2682 ει
415 2635 533 2684 voluntate
551 2633 708 2698 superiorum3
724 2635 785 2699 qnod
803 2647 850 2685 non
865 2635 933 2698 potest

138 2703 185 2752 dici
197 2703 225 2753 de
241 2702 315 2766 aliquo
326 2715 420 2766 corpore
427 2706 487 2767 ‚sed
502 2707 530 2756 de
546 2705 622 2770 aliqua
635 2705 749 2772 superiori
759 2705 885 2757 substantia
896 2704 932 2752 in·

139 2773 266 2824 materiati:
281 2774 341 2822 unde
355 2771 402 2822 noi
417 2778 507 2838 oportet
520 2775 580 2840 qu'od
593 2779 668 2831 motus
679 2776 805 2830 uoluntatis
818 2778 842 2832 in
855 2779 931 2829 motum

138 2841 190 2890 cmii
207 2843 326 2893 reducatm
339 2841 398 2892 sicud
407 2843 433 2894 in
443 2859 546 2898 caueam.
