1984 3309
263 204 294 243 us
309 200 473 244 ruonnnnolta
489 201 611 243 mulsum.
792 196 838 245 att

34 286 90 335 mari
100 286 130 335 de
140 286 206 333 costa
216 282 269 333 viri.
285 281 358 332 lrlmb
371 282 473 347 quidem,
484 284 513 333 ad
523 281 695 346 significandum
706 286 767 348 qnod
779 284 839 336 inter

33 359 108 406 rtrum
119 359 144 406 et
156 354 276 403 mullerem
285 354 353 404 debet
366 366 416 404 esse
431 354 522 405 socialis
532 354 671 420 conjunctim
687 358 836 420 nequeenim

35 430 115 479 titulier
125 428 194 477 debet
206 426 319 475 dominari
333 426 358 475 in
372 425 463 487 rirnnt,
480 429 504 476 et
519 426 571 477 ideo
587 432 683 478 nonest
697 427 793 479 lormata
808 430 835 481 de

34 499 123 563 capite3
137 510 213 560 neque
225 496 293 546 debet
302 495 316 545 t
326 496 375 547 siro
386 496 471 559 despici
481 500 591 560 tanquam
601 497 714 549 serviliter
723 500 837 565 subjecta,

34 575 55 619 et
65 572 119 621 ideo
129 582 177 620 non
186 571 223 618 est
232 568 328 619 lormata
340 570 367 619 de
376 567 480 632 pedibus.
491 568 597 619 Smundb
607 573 698 635 propter
706 571 838 622 Sacramen-

34 646 97 702 tum,
115 642 171 706 quia
181 642 209 689 de
219 641 291 689 latere
307 639 389 691 Christi
404 637 537 690 dormientis
554 641 578 689 ln
593 655 659 692 muse
677 643 840 693 duxnraerant

34 714 190 775 Sacramenta,
199 712 223 761 id
232 714 267 761 est
276 712 370 775 sanguis
380 717 404 762 et
412 712 478 775 aqua,
487 712 570 775 quihus
576 715 610 762 est
618 713 719 763 &alesia
725 714 838 765 instituta.

62 786 97 835 dd
111 786 210 849 primum
220 797 275 847 ergo
285 783 417 845 dicendum,
430 782 489 848 qubd
501 782 591 846 qnidam
603 785 697 848 disant,
710 799 750 849 per
764 786 839 836 mulb-

33 856 181 921 plis-ationem
203 854 323 918 materie,
348 857 431 919 absque
451 854 545 906 alterins
568 856 697 919 additione,
717 856 840 908 inimatum

34 931 101 981 luisse
111 942 198 993 eorpus
207 927 326 990 mulieris3
337 928 365 977 ud
375 928 467 981 modum
479 941 525 991 tltro
536 927 646 978 Dominus
655 929 757 993 quinqua
767 943 839 993 panus

34 1001 204 1065 multiplicavit.
227 999 273 1049 Sed
290 1000 335 1049 boc
353 1002 388 1049 est
404 998 496 1049 omnim
515 999 661 1063 impossibiie.
682 1001 840 1065 llultlpllcatio

34 1074 95 1123 enirn
104 1072 218 1137 predicta
226 1075 266 1121 aut
273 1070 354 1124 auhn
359 1070 484 1121 secandbm
491 1071 703 1123 transmutationem
708 1073 839 1123 substantia

34 1147 106 1209 ipsius
118 1146 223 1195 materiae
233 1182 240 1207 ‚
252 1148 291 1193 aut
308 1142 431 1193 secundini
445 1142 656 1195 transmutationem
674 1144 840 1195 dimensionum

35 1221 89 1283 ejns.
102 1218 154 1269 Non
171 1220 249 1267 autem
263 1214 390 1265 seeundirm
402 1214 614 1265 transmutationem
623 1215 755 1267 substantiae
768 1215 841 1279 ipsius

34 1290 151 1352 ruperim
167 1293 219 1339 tum
235 1286 289 1350 quia
306 1285 401 1335 materie
415 1285 439 1335 in
455 1298 480 1335 se
496 1285 686 1336 considerata‘est
698 1286 791 1337 omnino
804 1287 842 1336 in·

35 1360 232 1419 transmutabilis,
247 1361 327 1422 utpote
340 1356 442 1409 existens
456 1357 481 1406 in
495 1356 611 1420 potentia,
626 1361 650 1408 et
666 1358 755 1408 bahem
767 1359 841 1408 solum

35 1435 146 1485 nationem
166 1428 280 1495 subjeeti3
296 1433 344 1478 tnm
364 1428 447 1489 etiarn,
462 1429 517 1493 quis
533 1429 655 1487 mcdtitudo
671 1433 694 1479 et
709 1428 843 1491 magnitudo

35 1511 86 1557 sunl
96 1506 187 1569 preter
194 1500 317 1553 essentiam
326 1498 553 1564 ipsiusmaterisezet
559 1500 612 1551 ideo
620 1499 683 1551 nubo
691 1501 758 1551 mode
765 1503 843 1564 potest

34 1573 200 1641 tnultlpliestio
210 1572 312 1625 materis
323 1572 417 1636 intelligi
432 1572 517 1623 eadem
525 1571 622 1622 matema
631 1575 749 1636 mmente,
758 1572 841 1635 absque

33 1650 169 1712 additione,
185 1645 232 1697 nisi
247 1660 288 1709 per
308 1646 353 1695 hoc
369 1644 428 1708 quad
447 1645 546 1709 majores
560 1644 715 1696 dimensiones
736 1644 841 1709 accipiat.

34 1722 79 1771 tlon
97 1724 180 1771 autern
199 1720 236 1769 est
253 1715 371 1780 ranthsri,
385 1716 471 1770 sedicet
489 1716 607 1773 maurum
620 1717 721 1767 eamdem
738 1716 841 1782 sculpere

34 1796 133 1857 majores
156 1790 333 1850 dimensiones,
350 1793 377 1839 nt
390 1786 541 1852 Philosophus
559 1788 616 1838 dicit
634 1788 658 1838 in
680 1789 719 1838 tn.
739 1790 839 1853 Phystc.

35 1868 104 1924 (lert.
118 1863 175 1926 ab).
188 1860 266 1911 bitere
279 1874 333 1923 engo
348 1858 466 1910 manniam
481 1860 586 1909 eamdem
599 1859 743 1924 multiplicari
755 1860 842 1923 absque

34 1934 204 1993 ranemundus,
221 1935 360 1999 estundere
376 1928 550 1981 contradictoria
562 1930 643 1994 umal,
659 1930 745 1982 sodioet
757 1931 843 1981 dilbni-

34 2008 119 2059 tionem
136 2007 226 2069 absque
237 2003 349 2057 diffinito.¹
359 2003 421 2053 unde
435 2000 487 2053 edm
506 2016 552 2053 non
565 2006 674 2067 appareat
687 2002 806 2052 restinctio
815 2003 841 2053 in

35 2081 115 2130 talibus
129 2074 378 2140 multiplicationibus,
393 2086 487 2125 neeesse
499 2078 536 2124 est
544 2087 629 2139 ponde
642 2073 777 2124 additionem
793 2086 842 2124 ma·

34 2153 111 2215 teria,
132 2152 171 2203 vel
196 2162 239 2213 per
260 2148 413 2208 creationem,
427 2146 465 2197 nel
485 2146 561 2210 (qnod
579 2146 717 2211 probabilius
737 2144 787 2208 est)
802 2158 843 2209 per

34 2224 222 2276 conversionem.
235 2220 298 2270 Unde
313 2218 453 2283 augustinns
464 2218 519 2269 dicit
528 2230 597 2282 super
607 2219 679 2267 loon.
694 2218 778 2281 (treet.
791 2220 840 2282 tt.)

35 2296 91 2358 qarbd
107 2296 176 2345 ‹choc
191 2291 260 2343 modo
272 2291 376 2341 Christus
388 2289 630 2355 exqadnquepsnibns
642 2288 734 2339 satiauit
743 2290 843 2354 quinque

35 2368 105 2419 millia
118 2364 258 2423 bominum,
273 2362 385 2425 quomodo
399 2375 429 2412 ex
444 2360 524 2425 paucis
537 2361 612 2425 granis
625 2361 728 2425 produeit
741 2362 843 2413 multitu-

35 2440 111 2489 dinem
125 2440 249 2500 segetnm,
262 2454 280 2489 nv
288 2435 350 2497 quod
361 2434 387 2483 lit
399 2446 440 2498 per
453 2433 625 2484 conversionem
634 2432 744 2485 alimenti.
758 2434 844 2485 bisiter

36 2517 125 2571 tamon,
139 2509 178 2559 rel
197 2522 228 2558 er
246 2506 346 2569 qunque
359 2504 456 2569 panibus
473 2506 552 2555 turbas
564 2505 670 2569 pachae,
686 2507 724 2555 uel
737 2520 766 2556 ex
779 2513 844 2559 costa

36 2584 155 2635 mullerem
172 2580 299 2637 formasse,
316 2575 369 2640 quia
382 2577 468 2629 additio
483 2577 543 2629 laeta
557 2580 594 2627 est
610 2577 639 2626 ad
652 2577 769 2628 muriam
784 2592 844 2643 prs·

37 2655 174 2704 existentem
187 2654 272 2711 coste,
286 2649 323 2699 uel
333 2660 427 2713 panum.

68 2727 100 2776 ,ld
112 2724 243 2777 meandum
257 2719 464 2783 simulamenta
478 2724 542 2770 eosta
552 2719 593 2771 illa
605 2720 650 2770 lab
661 2720 844 2784 depellentibus

37 2799 102 2862 rada,
122 2812 170 2849 non
189 2797 260 2861 prout
278 2805 326 2843 erat
345 2792 485 2843 individuum
503 2792 628 2855 quoddam,
650 2794 691 2843 sed
709 2796 843 2855 praeterat

37 2871 176 2935 principium
195 2866 284 2933 spreeiei
296 2880 301 2914 :
315 2864 376 2915 sieut
385 2878 464 2915 semen
472 2868 508 2914 est
518 2864 546 2913 de
553 2864 693 2927 portentione
700 2864 840 2927 mamantis,

36 2942 96 3006 quod
116 2940 252 3007 operatione
271 2936 370 2989 natanti
387 2950 440 2989 eum
462 2936 611 2988 delectatione
631 2935 759 2989 remlritm.
779 2935 842 2986 Unde
