1984 3309
402 152 411 172 .

233 202 263 238 on
277 202 405 253 nonnosus
420 202 607 239 inmensorum.
777 192 821 239 177

75 272 102 321 ld
112 276 193 326 tertium
205 277 340 342 dheodum,
355 276 416 341 quod
429 291 499 341 agens
512 282 548 329 est
561 276 788 342 nobiliuspetienie,
806 278 828 329 ai

53 342 73 389 ad
82 343 131 392 idem
147 347 201 397 aelio
211 352 235 398 et
247 349 323 412 passio
337 348 468 411 referatur,
490 362 537 401 non
553 354 628 399 autem
641 362 749 412 mutuor,
764 350 788 399 si
798 350 828 401 ad

53 414 129 466 diersa
142 418 265 472 Intellectus
275 426 351 471 autern
363 426 402 483 esi
418 420 453 470 vis
466 421 555 485 passim
566 424 671 485 respectu
684 421 755 471 totius
766 421 827 473 entis

53 489 168 539 uniendis.
181 492 337 555 vegetativum
349 497 426 543 antem
435 492 578 544 estantivum
587 496 690 555 respectu
703 491 824 559 cujusdam

53 559 97 607 eutis
106 561 249 623 perdomans,
262 564 353 615 seilicet
365 566 467 627 eorporis
478 563 603 629 mnjunoii.
619 564 684 615 Unde
701 564 760 615 nihil
773 578 826 629 pro·

54 628 100 679 hbe
109 632 228 696 hujusmodi
237 636 355 701 passivum
365 648 417 686 esse
431 636 531 687 nobilius
545 635 587 685 toli
599 635 682 687 actim.

315 788 476 839 inmenens
494 790 533 841 111.
556 816 558 825 r

189 906 230 949 An
239 904 272 948 eit
280 893 523 959 ponere'iurelleciom
532 908 652 960 boontem,

79 1016 103 1064 ld
113 1020 236 1072 tendumsio
247 1021 386 1085 prooeditnr.
401 1020 494 1071 Videtur
506 1020 565 1084 qodd
579 1035 625 1071 uon
642 1021 672 1071 sit
687 1032 774 1085 ponere
786 1023 823 1073 in·

56 1084 139 1158 illectum
150 1097 261 1155 agentem.
277 1092 342 1142 Siout
354 1091 416 1141 enim
429 1093 535 1142 sehabet
549 1104 628 1143 sensus
640 1094 669 1142 ad
686 1094 818 1155 sensibilia,

56 1157 79 1232 th
91 1170 109 1207 oe
124 1161 184 1212 nabot
195 1164 325 1213 intellectus
339 1163 368 1212 ad
387 1162 543 1226 intelligibilia.
556 1164 600 1213 Sed
618 1164 670 1228 quin
688 1178 769 1214 sensus
786 1168 825 1217 est

56 1239 72 1271 11¹
80 1233 158 1289 muntia
166 1236 191 1284 ad
202 1233 330 1296 sensibilia,
340 1247 387 1283 uon
394 1234 487 1297 ponitur
494 1249 580 1284 senous
589 1249 677 1299 onena,
688 1235 727 1285 sed
738 1250 823 1285 sermm

54 1302 127 1357 illiers
138 1309 229 1364 butum.
244 1307 306 1369 Ergo
324 1305 377 1355 edm
390 1306 519 1357 intelleotus
539 1311 616 1356 noster
630 1306 660 1356 sit
678 1306 703 1355 in
719 1307 824 1370 potentia

56 1369 75 1416 tl
88 1371 233 1439 intelligibilia,
248 1377 342 1427 videtur
361 1376 421 1439 qudd
441 1392 486 1428 non
507 1379 586 1428 debent
603 1378 658 1441 poni
683 1376 825 1427 intellectam

58 1455 118 1501 'lietb
129 1450 162 1498 aed
172 1449 305 1513 pooaidilr'o
315 1452 415 1498 tantum.

81 1516 97 1562 ²·
110 1520 226 1584 embron,
243 1520 264 1571 si
279 1520 380 1579 dicatur,
396 1520 457 1583 quid
471 1520 541 1570 otiam
556 1518 581 1569 in
599 1532 667 1570 sensu
680 1523 714 1570 est
736 1519 825 1582 aliquod

61 1592 287 1655 internitionem
304 1595 400 1651 eontra,
415 1592 491 1641 lumen
505 1591 627 1655 requiritur
649 1592 675 1641 ad
693 1590 770 1641 uisum
778 1628 787 1655 ‚
801 1590 824 1641 in

59 1661 136 1711 illlam
146 1664 198 1713 iacit
210 1665 313 1715 medium
328 1663 445 1712 luridum
458 1665 484 1712 in
497 1667 572 1725 notro:
586 1676 638 1713 nam
650 1651 712 1713 oolor
724 1663 774 1726 ipse
788 1676 824 1713 se·
882 1668 887 1679 '

57 1727 127 1781 tillim
140 1747 162 1784 se
180 1740 214 1786 est
230 1736 332 1786 motinus
345 1734 425 1785 lueidi.
447 1735 491 1784 Sed
510 1736 534 1784 iu
546 1734 678 1798 operatione
695 1735 824 1785 intellectus

57 1807 87 1844 ¹¹⁰⁰
97 1804 173 1861 linitur
186 1809 278 1872 aliquod
293 1806 408 1869 medium,
421 1807 480 1868 quod
500 1818 593 1857 neeesse
611 1806 641 1857 sit
658 1805 708 1855 fieri
725 1806 749 1855 in
762 1810 821 1856 autu.

58 1865 97 1928 &lo
106 1886 143 1925 nou
155 1882 190 1927 est
201 1892 289 1943 ponere
302 1878 441 1928 intellectum
455 1882 567 1940 agentem.
681 1926 683 1930 ,

77 1943 93 1988 3.
105 1944 221 2014 Proteum,
235 1948 364 2000 similitudo
380 1949 468 2011 agentis
489 1950 596 2015 recipitur
613 1949 637 1997 in
651 1949 768 2013 patiente,
788 1962 823 2001 se-

56 2013 128 2081 rurddm
140 2021 225 2069 modum
236 2021 356 2085 patieutis.
371 2020 414 2070 Sed
430 2021 560 2070 intellectus
574 2020 688 2083 possibilis
710 2024 744 2069 est
753 2020 824 2070 virtus

56 2086 182 2161 illidendo.
203 2093 262 2155 Ergo
278 2090 458 2141 immaterialibus
476 2091 527 2155 ejus
547 2090 632 2141 sulfioit
653 2092 679 2140 ad
699 2092 742 2141 boo
763 2092 823 2153 quod

56 2155 193 2216 bonohomini
203 2176 231 2213 eo
245 2164 324 2214 torma
336 2163 521 2213 immaterialiter.
535 2162 582 2212 Sed
594 2176 624 2213 ex
632 2164 676 2213 hoo
690 2162 739 2226 ipoo
749 2161 824 2225 aliqua

56 2221 105 2277 luna
116 2237 148 2283 et
162 2235 311 2299 intelligibilis
327 2236 354 2284 in
369 2238 438 2296 actu,
452 2235 513 2297 quod
531 2239 567 2285 est
582 2234 744 2285 immaterinlis.
765 2235 824 2298 Ergo

56 2297 99 2374 lilla
108 2308 221 2358 amoenus
233 2312 271 2357 esi
284 2320 371 2371 ponere
379 2305 518 2355 intellectum
534 2310 654 2369 agentem,
668 2308 696 2357 ad
708 2308 751 2357 hoo
763 2307 824 2371 quod

56 2363 103 2417 laam
112 2377 191 2437 meotes
203 2379 361 2441 intelligibiles
380 2378 405 2426 in
418 2381 479 2428 actu.

76 2439 109 2490 &il
122 2454 193 2499 eontra
206 2454 257 2510 est,
273 2452 333 2515 quod
352 2449 504 2513 Philosophus
518 2449 573 2499 dicit
589 2450 613 2499 in
633 2450 664 2500 lll
682 2450 719 2499 De
736 2451 823 2499 noima

59 2505 110 2565 [12¹1.
122 2518 175 2580 lt),
189 2522 248 2585 qnod
261 2538 275 2568 u
286 2522 347 2572 sicut
357 2521 383 2570 in
396 2522 458 2571 omni
470 2526 551 2570 natura
562 2559 568 2583 ,
581 2520 613 2571 ita
625 2525 647 2571 el
662 2521 685 2571 in
697 2522 771 2571 animo
788 2524 823 2571 esi

58 2574 133 2646 aliqum,
147 2604 188 2652 qno
205 2597 239 2643 est
254 2594 329 2643 omnia
349 2592 415 2654 dori3
430 2595 452 2641 et
471 2590 570 2655 ahquid,
588 2606 633 2657 qno
652 2597 687 2643 est
697 2593 773 2643 omniu
789 2594 823 2643 la-

59 2659 99 2702 rm,
113 2660 173 2711 »dol
185 2677 236 2727 ergo
249 2678 334 2729 ponere
345 2663 485 2713 intellectum
499 2668 612 2726 agentem.

79 2723 370 2794 ibimuso-Quoniam
377 2734 433 2785 nihil
442 2736 502 2797 quod
513 2739 548 2785 esi
558 2736 582 2784 in
595 2736 695 2799 potentin
708 2736 822 2787 reducitur

59 2839 302 2961 ἴξῧῗᾷῑὶξῗθὲῃῖιωοιιὶ
312 2856 392 2913 plures
405 2853 544 2911 possibilem
558 2868 599 2911 pro
613 2856 716 2912 possibili
728 2856 764 2901 uel
776 2866 821 2912 po·
