1984 3309
131 192 168 238 38
326 200 385 238 rsus
400 200 422 249 r,
440 198 535 243 cunm·
549 198 640 247 swan,
656 198 711 236 sss.
729 201 747 236 1.

137 276 240 327 secunda
249 276 300 339 die3
308 289 361 325 nam
372 276 445 325 iacere
456 274 632 337 firmamentum,
641 274 767 325 secundm
775 277 832 339 boo,
842 281 880 327 est
890 290 950 342 pro

137 350 220 397 ducere
229 346 366 397 elementum
374 345 660 410 ignis5productiosntem
668 347 832 398 elementorum
845 350 951 412 pertinet

137 419 165 468 sd
177 430 235 482 opus
243 418 378 482 creationis,
387 418 511 468 secundum
520 430 560 467 eos
569 416 610 480 qui
620 420 708 481 ponunt
717 416 883 469 informitatem
894 434 949 469 ma-

137 491 202 542 terias
219 494 321 555 tempore
337 490 467 555 procedere
486 488 657 550 formationem
670 488 724 553 quia
738 490 818 541 forme
840 492 950 541 elemen-

136 566 212 613 torum
223 566 276 612 sunt
287 574 338 624 qus
351 560 424 625 prino
434 560 561 611 adrsninnt
572 558 681 610 matone.
693 560 763 611 Multo
773 564 851 611 summ
865 563 950 613 minus

136 634 263 685 monadum
276 630 407 695 opinionem
418 628 546 681 Aristotelis
554 630 610 693 poni
617 634 694 693 potest
702 630 764 693 qubd
774 631 949 682 mouumentum

137 705 264 755 monadum
274 716 338 754 suam
347 702 494 754 substantiam
508 701 538 751 sit
547 702 648 751 monada
657 702 694 752 die
704 703 851 766 productum,
862 717 950 753 socun-

139 776 193 825 dum
211 775 272 838 qnod
286 774 398 839 periston
413 774 462 824 dies
476 772 592 823 successio
604 774 714 837 temporis
733 773 878 837 designatum
891 777 950 838 quia

138 846 233 905 omium,
248 844 300 895 oum
311 845 342 896 sit
352 846 551 896 secundumsuam
561 848 667 893 uuturnnn
677 844 862 909 incorruptibile,
875 848 950 897 babet

139 916 256 967 materiam
272 929 323 979 quo
338 929 383 966 non
392 919 467 979 potest
478 914 571 965 subesse
582 916 648 964 atteri
659 914 752 978 iormao3
762 915 825 968 unde
833 914 950 981 impossi-

138 986 184 1039 bilo
197 991 245 1051 est,
259 986 319 1051 qubd
332 988 499 1037 iirmamentum
512 985 543 1035 sit
555 985 639 1035 tactum
656 998 684 1035 ex
698 987 791 1036 materia
806 988 870 1051 prius
883 992 950 1039 term

138 1074 194 1125 pore
209 1059 330 1110 existento.
347 1060 411 1109 Unde
421 1057 540 1121 productio
553 1058 685 1107 annuntia
696 1058 831 1107 itomanueuti
844 1060 872 1108 ad
884 1073 950 1123 opus

139 1131 261 1182 creationis
280 1130 388 1193 pertinet.
405 1129 452 1180 Sed
466 1128 541 1191 aiiqrra
557 1127 662 1179 formatio
678 1128 744 1193 ojus,
760 1130 886 1179 secundum
896 1132 952 1181 bas

140 1202 197 1253 duas
208 1200 336 1265 opiniones,
346 1201 446 1265 pertinet
454 1200 482 1249 ad
493 1212 552 1263 opus
560 1201 665 1250 monade
675 1199 736 1263 diei;
746 1200 804 1250 siout
813 1201 883 1250 etiam
894 1202 952 1251 bio·

139 1272 219 1338 nysius
232 1272 301 1332 dicit,
317 1273 356 1322 iv.
370 1285 421 1335 oap.
440 1271 479 1337 De
492 1269 548 1320 dio.
562 1272 650 1331 Nom„
664 1273 725 1334 qnod
739 1271 817 1321 lumen
830 1272 887 1322 sotis
903 1274 951 1323 init

140 1343 237 1393 informe
248 1343 272 1392 in
281 1342 354 1407 primo
366 1342 454 1403 induo,
464 1345 488 1393 at
499 1342 631 1405 posteainit
643 1342 669 1393 in
676 1344 755 1406 quarta
764 1342 801 1392 dio
812 1343 949 1393 formatum.

139 1413 164 1464 Si
174 1417 250 1464 autem
261 1427 303 1477 per
316 1414 372 1465 istos
385 1414 434 1464 dies
443 1426 490 1464 non
500 1413 633 1477 designetur
641 1413 750 1478 temporis
762 1414 889 1476 successio,
904 1418 950 1465 sed

141 1482 214 1535 solino
231 1486 285 1535 ordo
295 1490 394 1549 naturae,
403 1490 429 1535 nt
440 1484 581 1549 Augustinus
592 1486 655 1547 vult,
668 1484 727 1535 nibii
738 1486 843 1547 probibet
853 1485 948 1547 dicere,

139 1555 266 1605 monadum
286 1558 545 1620 quoniamquonian
565 1556 714 1620 opinionum,
732 1556 892 1607 formationem
910 1571 952 1607 se·

141 1626 241 1675 cundum
256 1626 407 1677 substantiam
418 1628 553 1677 firmamenti
564 1629 593 1677 ad
605 1628 730 1678 secundam
744 1628 805 1679 dions
818 1627 948 1691 pertinere.

137 1696 218 1747 Potest
229 1699 304 1746 autent
319 1699 342 1747 ot
357 1697 401 1748 aiio
411 1699 478 1749 modo
491 1698 602 1761 tutatio,
613 1703 639 1748 nt
649 1712 690 1763 per
700 1700 868 1749 firmamentum
885 1702 951 1763 quod

141 1767 223 1830 iegitur
234 1768 333 1817 secundo
344 1768 381 1819 dia
393 1768 495 1828 iactum,
507 1783 554 1820 non
563 1770 703 1833 intelligutur
712 1770 882 1821 firmamentum
891 1771 950 1821 iliud

139 1838 222 1901 inquo
232 1839 284 1889 tine
294 1844 348 1891 sunt
359 1842 438 1905 stetim
448 1843 487 1893 sod
498 1842 539 1891 iila
548 1855 601 1905 pars
609 1843 679 1903 soris,
688 1842 714 1893 in
722 1856 768 1905 qua
779 1844 953 1893 condensantur

141 1910 228 1973 nubes,
242 1913 266 1961 et
282 1910 364 1963 dicitur
376 1912 545 1964 firmamentum
557 1918 650 1977 propter
662 1914 834 1977 spissitudinem
847 1914 910 1964 aeris
928 1917 952 1964 in

141 1984 207 2045 parte
221 1982 275 2045 iiia3
286 1995 340 2033 nam
351 1984 413 2047 quod
425 1989 461 2035 est
472 1985 572 2048 spissum
581 1988 605 2035 et
615 1985 727 2047 solidum5
738 1985 820 2035 dicitnr
833 1998 886 2034 esse
899 2000 953 2037 cor-

141 2065 186 2116 pus
202 2051 311 2117 firmum3
325 2055 354 2105 nd
368 2055 523 2107 differentiam
542 2056 643 2120 corporis
658 2056 833 2117 mathematici,
850 2060 877 2105 ut
895 2057 954 2107 dicit

142 2122 248 2175 Basilius.
267 2126 295 2177 Et
307 2127 434 2177 secundum
445 2128 507 2183 bano
519 2128 683 2191 esponnonem
697 2129 755 2179 nibii
768 2141 902 2194 repugnans
913 2145 953 2180 se·

142 2193 353 2261 quitnrcuiounqus
366 2199 479 2262 opinioni.
487 2200 552 2251 Unda
560 2199 712 2262 dususinus,
721 2200 741 2250 lt
749 2201 833 2263 Super
843 2204 902 2249 siem
912 2203 952 2251 od

142 2264 185 2314 lit.
199 2264 260 2329 (cap.
272 2270 295 2329 t)
305 2307 311 2329 ,
323 2270 383 2325 banc
397 2270 564 2335 expositionem
577 2272 752 2335 commendans,
769 2271 843 2322 dicit:
856 2288 870 2318 u
884 2273 952 2323 Hanc

141 2336 347 2393 considerationem
361 2341 427 2393 laada
446 2342 602 2405 dignissimam
616 2342 700 2393 indico
719 2344 785 2402 Quod
798 2342 860 2393 enim
875 2343 950 2406 dixit,

142 2420 216 2471 neque
230 2413 265 2459 est
277 2414 355 2465 contra
364 2412 446 2479 fidam,
456 2418 481 2465 ot
491 2415 518 2464 io
526 2418 633 2479 promptu
644 2415 720 2480 posito
734 2416 872 2465 documento
885 2418 952 2467 credi

140 2482 250 2541 potest.»

172 2552 208 2602 dd
222 2555 321 2619 pomum
333 2572 387 2623 erpo
400 2560 536 2621 nuendum,
550 2558 611 2623 prod
622 2559 748 2610 secundnm
761 2560 951 2625 Chrysostomum

142 2622 253 2687 (Homil.
268 2630 308 2678 iil
318 2631 345 2679 in
360 2630 447 2681 Gerros.
457 2632 476 2694 ),
490 2628 565 2694 pnmb
576 2631 664 2695 bioyses
677 2629 800 2680 summarie
819 2631 878 2680 dixit
894 2632 952 2694 quin

141 2694 202 2745 Deus
214 2696 284 2763 iecit,
299 2703 459 2765 premittens:
476 2720 489 2749 o
498 2703 525 2751 ln
534 2701 645 2767 principio
658 2701 743 2753 creauit
756 2703 816 2753 licus
827 2703 914 2759 ooelnm
929 2708 952 2752 et

141 2766 241 2831 terrum3
257 2776 365 2835 »postea
382 2786 423 2837 per
438 2777 515 2839 partes
533 2772 668 2837 explicarit,
683 2772 742 2823 siem
759 2772 779 2823 si
794 2772 846 2835 quis
865 2775 928 2824 dicat
944 2790 950 2819 ι

144 2836 208 2887 «Hic
221 2839 304 2891 artifex
312 2841 368 2892 iecit
380 2844 473 2897 (tornum
481 2844 560 2907 istam,
569 2861 583 2890 n
597 2848 621 2894 et
634 2847 713 2907 postca
726 2845 809 2895 subdat
822 2860 828 2892 :
844 2863 859 2892 o
872 2844 951 2894 Primi

143 2904 200 2958 iecit
211 2908 372 2979 fundamenta,
382 2918 406 2966 et
416 2918 496 2978 postca
509 2916 584 2967 erexit
595 2915 710 2979 putetis,
720 2915 790 2967 testib
802 2916 951 2979 superposuit
