1984 3309
53 226 57 234 ·
152 206 199 255 ort
319 214 380 255 nnus
398 214 419 266 r,
437 214 532 262 nuusu
549 212 670 265 smum,
686 215 741 256 sur.
758 216 794 255 ur.

153 291 230 356 tortu3
245 292 385 343 suunouiuut
397 296 473 343 tusouu
484 306 537 343 rum
548 293 583 344 uis
595 293 713 356 ingruere
724 294 810 357 logion,
822 294 876 359 quin
883 294 951 346 utinm

152 362 285 413 substautias
293 362 455 415 immuteriatss
465 368 519 415 sunt
528 364 553 415 iu
560 364 734 429 uudiouuouto
747 364 895 429 saumuro,
906 364 954 415 uin

154 447 232 485 eurum
247 434 362 498 quitditus
380 448 425 486 nou
440 437 470 485 sit
486 448 564 487 orrum
577 448 637 485 esre.
652 437 697 486 Suo
710 436 771 487 Deus
785 450 833 487 nou
849 436 955 487 souvenit

154 519 206 557 curn
227 507 295 557 rubus
317 507 483 571 materialibus,
507 520 581 571 usquo
598 506 724 557 secuudum
746 520 822 571 genus
841 508 955 567 uuturuto,

154 592 229 643 nequo
244 580 370 631 muudum
387 594 459 644 genus
472 580 585 643 logiouurs
594 579 650 644 quia
661 581 722 630 Deus
734 581 799 630 uutto
811 582 879 631 modo
888 585 922 631 ost
936 579 957 628 in

155 664 252 714 moro,
263 657 291 702 ut
302 652 370 717 suprt
383 656 500 703 ostensum
512 656 548 702 ost
559 654 608 715 (qu.
620 656 648 713 t,
659 656 702 702 art.
713 653 748 715 5).
761 653 829 702 Unde
843 666 886 717 por
896 652 956 702 siui-

152 722 262 775 liturtiuus
272 738 347 775 rurum
358 724 510 775 materialium
522 724 608 789 utiquirt
616 723 749 774 uttiuuutirt
763 726 842 788 potest
854 724 957 787 uognosn

96 808 106 841 ⁴.
154 795 183 845 rto
194 796 281 859 sugetis
290 796 415 847 socundtrun
424 796 533 846 rationem
541 808 694 859 communem,
708 794 762 847 tint
770 809 818 847 uou
831 795 954 847 ssorudtru

156 868 267 920 rationem
277 868 371 933 speciei.
384 866 418 920 tte
431 870 477 920 ttuo
488 871 565 919 autom
576 869 640 919 uutto
652 869 728 921 ruodo.

427 1097 430 1102 .
450 1040 607 1101 inuentos
621 1048 661 1101 111.

175 1172 261 1221 Utrum
268 1176 333 1221 Deus
341 1173 554 1233 sitgrimumquwrt
561 1174 659 1220 umente
667 1174 774 1220 tumunn
788 1178 946 1233 cognoscitur.

190 1314 223 1364 nd
232 1312 324 1363 tertium
338 1312 371 1363 siu
381 1311 512 1377 proceditur
521 1310 566 1378 (t).
574 1311 670 1363 Videtur·
678 1310 738 1377 quud
749 1312 811 1363 Duus
824 1312 959 1381 sitprimum

157 1386 218 1449 qnod
232 1385 244 1436 i
259 1388 336 1436 urente
350 1386 450 1434 humana
469 1382 622 1447 cognoscitur.
637 1384 694 1434 utun
708 1382 807 1434 enimin
825 1400 874 1451 quo
889 1385 962 1436 omniu

157 1457 201 1508 utin
214 1461 396 1522 cognoscuntur,
411 1461 435 1507 et
447 1468 489 1520 per
505 1456 564 1520 quod
578 1455 606 1507 de
617 1456 667 1506 aliis
680 1456 823 1521 judicamus,
842 1461 881 1509 est
893 1457 962 1525 prino

158 1530 273 1593 cognitum
287 1528 300 1579 t
316 1528 393 1593 uobis,
408 1528 468 1579 siout
484 1528 525 1577 lux
538 1528 567 1578 ab
583 1528 661 1591 ocuto,
676 1531 700 1578 ot
716 1528 830 1593 principia
844 1531 923 1595 prima
940 1529 964 1578 ab

158 1600 283 1652 intellectu.
301 1600 345 1651 Sed
359 1616 375 1649 n
388 1600 463 1651 omniu
474 1598 501 1649 iu
512 1601 564 1650 tuoe
577 1598 656 1663 prinus
673 1598 776 1650 ueritatis
793 1604 963 1664 cognoscimus,

159 1676 182 1723 et
197 1686 238 1736 per
254 1686 304 1723 eum
318 1673 346 1723 ds
360 1672 465 1723 omuibus
484 1672 649 1736 judicamus
664 1676 691 1721 ut
708 1671 763 1722 uicit
780 1674 929 1736 Augustinus
945 1673 965 1722 in

159 1742 199 1794 lib.
211 1744 247 1793 De
258 1744 325 1793 Trio.
338 1742 393 1793 etin
402 1744 441 1794 lib.
454 1746 490 1794 De
504 1758 563 1795 veru
574 1743 655 1809 Relig.
665 1744 726 1809 (turp⁵
741 1742 774 1808 t).
783 1744 846 1807 Ergo
860 1748 925 1798 Deus
938 1749 968 1795 ost

159 1812 183 1865 id
196 1815 256 1878 quod
269 1814 344 1881 primu
358 1817 502 1880 cognoscitur
521 1815 536 1866 tr
551 1816 624 1867 uobis,

193 1888 216 1937 2.
226 1888 346 1951 Praeterea,
357 1892 471 1955 «propter
481 1887 543 1951 quod
553 1887 742 1952 unumquodque,
752 1890 776 1937 et
785 1887 844 1939 illud
855 1892 941 1954 magis.
950 1906 962 1937 n

161 1958 206 2009 Sed
220 1958 279 2009 Deus
295 1964 330 2009 est
345 1974 413 2011 causa
425 1960 501 2010 omnis
514 1964 598 2009 nostrae
615 1958 763 2024 cognitionis3
783 1958 834 2024 ipso
848 1960 916 2011 euim
934 1965 967 2012 ost

163 2030 226 2081 ntur
241 2043 294 2081 reru
308 2043 357 2095 quae
366 2031 481 2083 illuminat
491 2044 583 2081 omnem
596 2030 710 2080 hominem
720 2030 854 2081 seuientem
870 2034 898 2083 iu
910 2036 969 2084 huns

162 2102 285 2167 muudum,
297 2120 311 2149 n
325 2107 351 2153 ut
363 2102 447 2154 dicitur
456 2104 547 2162 toan,
558 2103 577 2151 t.
593 2102 652 2165 Ergo
666 2102 726 2153 Deus
741 2105 776 2152 est
787 2102 811 2153 id
821 2105 884 2167 quod
897 2103 970 2171 print

161 2178 186 2224 et
204 2174 302 2225 muniunt
317 2179 353 2225 ost
365 2176 481 2237 cognitum
495 2174 572 2224 uobis.

193 2250 216 2295 3.
231 2248 354 2311 Ρτωιεπει,
376 2247 399 2297 id
416 2248 476 2311 quod
494 2245 568 2311 primo
585 2244 727 2309 rognoseitur
739 2244 764 2295 in
784 2244 909 2311 imagine,
934 2254 968 2299 est

162 2319 278 2383 exemplar
294 2332 339 2382 quo
355 2320 430 2382 irrogo
447 2318 565 2368 formatur.
581 2318 627 2368 Sed
648 2318 672 2366 in
691 2321 767 2367 monto
779 2322 860 2368 nostru
875 2326 915 2373 est
935 2321 972 2369 tiri

161 2388 244 2453 imago,
257 2393 282 2440 ut
296 2390 437 2454 Augustinus
447 2390 510 2440 dicit.
525 2390 584 2454 Ergo
595 2390 619 2439 id
630 2388 690 2453 quent
700 2387 774 2453 primo
788 2393 939 2453 cognoscitur
949 2392 971 2440 in

161 2466 237 2512 ruente
249 2466 334 2526 nostra,
349 2466 385 2513 ost
397 2462 466 2513 Dens.

193 2534 237 2585 Sed
253 2538 333 2585 eontra
345 2537 395 2599 est,
406 2536 465 2597 quood
483 2532 566 2585 dieitur
580 2534 686 2594 toan.,l
701 2549 707 2582 ε
723 2550 737 2581 n
749 2533 821 2584 iteum
831 2548 904 2588 neruo
919 2535 974 2585 vidit

162 2615 272 2671 unquam.
284 2622 299 2653 n
467 2614 469 2617 ·

198 2778 231 2845 (t)
247 2779 328 2827 Dubis
342 2772 412 2827 etium
428 2778 520 2827 Contra
529 2780 611 2829 Geut„
622 2778 666 2826 ltu.
675 2782 711 2837 11,
725 2791 780 2839 cup.
793 2779 837 2835 δὴ
854 2789 881 2830 et
893 2796 937 2842 qu.
950 2784 973 2829 8.

165 2842 194 2890 du
204 2844 282 2903 verit„
294 2848 338 2887 nrt.
357 2840 388 2905 ’1,
400 2842 429 2889 ud
438 2842 465 2899 o;
483 2850 510 2919 et
518 2856 558 2900 qu.
577 2842 616 2903 10,
634 2851 677 2892 urt.
693 2842 726 2903 6,
739 2844 768 2919 aut
781 2842 806 2905 6,
823 2850 848 2889 ot
863 2848 936 2892 urt.'t
953 2849 975 2891 in

166 2904 877 3031 :nrtfortunisstru:tostum2
952 2910 975 2967 ι
