1984 3309
174 172 707 213 nemorumnemorum.
809 164 840 212 ‘lt

342 328 505 383 Anniculus
519 334 539 383 l.

169 446 262 493 Utrum
271 447 416 505 sufficientur
424 447 466 492 r'eti
475 448 525 493 dtur
533 452 711 496 munerentur.

59 566 94 617 dd
105 564 210 631 primum
225 564 260 615 sio
271 565 403 628 proceditur
410 564 455 631 (1).
468 564 563 617 Videtur
572 565 634 631 qudd
646 580 692 617 non
703 566 843 619 sufficienler

32 636 67 686 isti
81 638 135 689 dies
146 640 325 686 enumerentur.
336 636 387 687 Non
399 636 475 687 minus
485 638 546 689 eninr
555 638 705 703 distinguitur
715 653 774 703 opus
782 654 847 690 crea-

31 708 98 758 tionis
110 710 139 759 ab
150 708 266 771 operibns
279 707 432 759 distinctionis
442 712 465 759 et
475 714 578 773 ornatus,
586 710 654 775 quini
662 711 711 761 haec
722 710 767 761 duo
777 722 847 775 opera

33 781 57 829 ub
67 780 184 831 invicem.
194 777 242 829 Sed
253 778 292 827 alii
303 775 352 829 dies
361 780 500 843 deputantur
508 780 660 843 distinctioni,
666 786 690 832 et
698 780 737 832 ulii
748 781 846 833 ornatui.

32 852 89 915 Ergo
102 851 176 903 etium
189 850 232 899 ulii
242 850 293 901 dies
305 850 390 901 debent
402 852 514 915 assignari
525 852 642 903 creationi.

63 928 88 971 3.
101 922 237 985 Praeteree‚
252 934 293 971 aer
311 924 334 971 et
356 920 418 985 ignis
437 926 490 972 sunt
509 923 617 975 nobiliora
634 924 760 987 elementa,
778 923 848 987 quin

38 996 95 1043 terra
108 996 131 1043 et
149 1006 223 1057 aqna.
239 992 283 1042 Sed
303 1006 363 1043 3333
376 992 427 1043 dies
443 994 564 1056 deputatur
575 991 718 1045 distinctioni
731 1007 810 1057 aque,
823 998 848 1044 et

39 1064 96 1115 alius
107 1062 256 1115 distinctioni
269 1066 345 1114 terre.
356 1064 415 1127 Ergo
429 1062 468 1113 elii
483 1064 533 1115 dies
546 1065 629 1116 debent
640 1064 743 1130 deputari
755 1064 848 1115 3333333-

39 1135 94 1186 tioni
108 1136 172 1197 ignis
184 1138 211 1185 et
223 1134 295 1185 ueris.

69 1212 92 1258 3.
112 1210 250 1269 Praeterea,
266 1204 402 1255 nonminns
413 1203 626 1271 distentionum,
640 1210 664 1256 et
676 1200 763 1272 pisces,
780 1219 850 1270 33333

37 1279 176 1329 3313333333
189 1276 311 1328 terrestria
323 1276 439 1327 enimeliu.
451 1277 523 1331 Homo
535 1279 604 1329 etium
613 1278 666 1343 plns
678 1278 747 1330 distat
760 1278 788 1330 rb
797 1278 850 1328 aliis

38 1350 192 1413 animalibus,
207 1348 280 1413 33333
295 1348 339 1401 aliu
358 1362 508 1415 3333333333
521 1350 628 1401 mimalia
641 1350 792 1404 abinvicem.
806 1349 850 1400 Sed

35 1422 93 1471 alins
106 1422 155 1471 dies
168 1422 298 1484 deputatur
313 1419 459 1483 productioni
473 1420 571 1484 piscium
583 1421 666 1484 naris,
680 1424 705 1472 et
720 1420 779 1471 nlius
794 1433 849 1484 pro-

39 1492 136 1543 3333333
150 1491 290 1542 animalium
307 1494 384 1541 terrae.
399 1492 458 1553 lirgo
477 1494 502 1542 et
518 1492 576 1542 alius
595 1492 645 1543 dies
662 1492 732 1543 debet
746 1492 851 1556 deputari

44 1563 183 1627 productioni
197 1562 279 1615 eninm
292 1562 358 1625 coeli,
372 1565 397 1612 et
407 1562 466 1613 elius
479 1563 623 1628 productioni
635 1563 745 1615 bominis.

76 1636 99 1687 t.
113 1636 242 1697 Praeteren,
253 1633 355 1695 ridetur,
367 1632 428 1699 pudd
439 1632 510 1697 aliqui
517 1634 566 1685 dies
575 1634 687 1699 superflue
698 1634 850 1699 assignentur.

42 1706 127 1757 Lumen
138 1706 206 1757 enim
222 1706 252 1755 ad
266 1704 389 1755 luminario
399 1705 512 1766 sehabet,
524 1708 550 1755 ut
560 1705 665 1756 accidens
675 1706 704 1757 ad
714 1706 851 1770 subjectum.
943 1753 946 1756 .

41 1778 111 1829 Simul
121 1783 203 1829 333333
217 1776 350 1842 producitur
359 1776 486 1841 subjectum
497 1791 548 1826 cnm
562 1777 654 1841 proprio
664 1778 790 1829 arridente.
798 1778 852 1828 Nou

42 1864 96 1915 ergo
107 1852 152 1901 ulia
161 1850 201 1901 die
215 1848 297 1901 debuit
307 1848 402 1913 produci
418 1848 466 1911 lnr,
478 1852 502 1900 et
512 1848 693 1899 nlirlnniunria.

75 1928 97 1973 5.
112 1923 247 1981 Praeterea,
258 1918 308 1970 dies
317 1919 358 1971 isti
371 1920 509 1985 deputentnr
521 1920 599 1984 primm
612 1918 753 1971 institutioni
763 1918 852 1969 mnndi.

43 1992 86 2043 Sed
99 1994 124 2043 in
136 1993 241 2059 septimo
256 1990 294 2041 die
308 1989 367 2041 nihil
380 1989 471 2054 penitus
483 1993 519 2043 est
533 1990 672 2048 institutum.
686 1992 745 2054 Ergo
757 1990 853 2054 septimo

47 2066 93 2115 dies
105 2080 150 2116 nou
162 2066 238 2115 debet
251 2062 303 2113 aliis
316 2061 484 2113 connumerari.

76 2136 239 2200 (concursio.
247 2134 336 2183 -Non
346 2130 527 2192 insufficienter,
536 2135 577 2183 333
585 2131 697 2197 superflue
708 2136 796 2195 septem
806 2132 856 2183 dies

48 2211 229 2265 enumerantur,
249 2217 347 2269 qnorum
371 2210 417 2253 tres
433 2202 573 2254 distinctioni
590 2204 689 2268 partium
702 2203 793 2264 mundi,
809 2206 855 2254 tres

51 2279 146 2343 ornatui,
164 2277 283 2343 septimus
293 2274 392 2339 denique
405 2274 527 2325 cessationi
540 2276 569 2325 ab
582 2289 650 2339 opere
662 2273 792 2339 tribuitur.)

79 2350 213 2414 despondeo
227 2346 367 2409 dicendum,
377 2341 438 2409 qnod
448 2345 506 2396 ratio
515 2345 666 2400 distinctionis
677 2349 757 2396 borum
768 2345 856 2396 dierum

54 2430 82 2467 ex
93 2420 215 2483 premissis
229 2422 369 2483 potestesse
381 2416 511 2467 manilesla.
527 2418 632 2481 Oportnit
643 2418 706 2468 enim
721 2415 794 2481 primo
809 2416 857 2466 dis·
932 2419 935 2425 '

52 2489 118 2553 tingui
132 2496 213 2557 partes
228 2488 311 2539 mnndi
320 2526 327 2548 ,
337 2492 360 2537 et
369 2488 515 2553 postmodum
526 2486 626 2551 singulus
638 2490 714 2552 partes
726 2486 801 2537 ornari
817 2500 859 2550 per

51 2560 93 2610 boc
107 2564 164 2627 qnod
179 2560 247 2627 qmsi
264 2559 314 2609 suis
330 2558 496 2609 nabiuloribus
517 2560 639 2622 replentur.
655 2559 784 2609 8333333333
801 2570 856 2620 ergo

53 2632 105 2683 alios
121 2639 216 2685 3333333
233 2632 259 2681 in
278 2633 381 2709 creatura
404 2629 517 2695 corporali
532 2631 581 2680 tres
600 2632 677 2694 partes
698 2628 854 2693 designentur.

84 2766 111 2829 ll)
123 2772 154 2817 lte
165 2771 205 2817 bio
216 2770 304 2828 etiem,
315 2772 401 2825 333333.
410 2766 434 2824 8,
446 2766 481 2812 De
491 2768 576 2818 uerit..
587 2747 631 2812 333.
645 2765 691 2821 163
705 2771 730 2821 33
739 2768 822 2823 333333.
833 2762 858 2819 3,

57 2828 82 2873 dt
94 2840 191 2890 potent..
208 2830 279 2878 urt.1
296 2837 322 2876 et
332 2830 365 2883 23
378 2835 403 2875 et
413 2828 442 2875 ad
456 2828 539 2880 Helu..
550 2832 594 2890 lv,
603 2830 661 2875 leot.
672 2826 696 2890 1,
708 2830 754 2875 ool.
770 2826 786 2871 2
800 2830 824 2871 et
834 2824 858 2877 ὃς

58 2894 136 2945 uro,
149 2897 200 2955 xn,
216 2897 274 2941 leet.
290 2894 321 2953 3,
334 2892 381 2938 col.
395 2890 421 2937 t.
