1984 3309
270 194 302 231 nn
317 190 449 233 commone
464 193 641 234 unumunurm.
811 189 856 238 tlt

52 276 90 319 tur
105 268 169 334 qudd
190 282 215 320 se
238 269 336 320 inuoem
356 271 446 334 uident,
461 273 528 322 etde
544 287 585 322 sua
599 272 706 324 societate
721 275 855 339 gaudent.»

81 342 118 392 nd
128 339 230 405 primum
245 355 299 402 ergo
309 342 443 406 dicendum,
455 342 515 406 qobd
528 344 598 406 gloria
611 359 662 408 qua
677 350 714 396 eat
728 347 856 399 essentialis

49 411 204 476 beatitudini,
218 417 254 464 cst
268 427 336 477 mam
354 415 425 464 babet
439 417 516 476 bomo,
535 428 580 466 non
594 417 652 480 apud
669 415 797 481 hominem,
814 419 855 469 eod

47 486 112 550 apud
124 486 207 534 ileum

80 557 118 607 nd
137 557 262 606 secundum
280 556 414 620 dicendum,
432 557 491 622 qnod
513 559 608 609 uerbum
628 560 684 610 illud
702 560 850 628 intelligitur,

46 628 142 690 parando
156 626 184 676 in
196 640 224 677 eo
239 628 298 678 bono
310 629 369 692 qnod
381 630 489 692 babetur,
503 642 549 679 non
567 633 602 680 est
615 631 683 693 plena
698 631 850 696 sufficientia3

45 701 109 764 quod
123 699 149 748 in
166 699 283 762 proposito
295 699 340 748 dici
349 712 395 749 non
408 703 497 763 potest,
517 702 570 763 quia
584 699 657 750 omnio
670 701 725 752 boni
736 703 853 754 sufficien-

45 773 104 821 tiam
119 770 191 820 babet
203 770 272 820 borno
283 769 308 820 in
318 769 373 821 beo.

74 842 115 892 nd
130 840 225 892 tertium
236 840 371 905 dicendum,
386 841 445 906 qnod
463 843 573 906 perfectio
589 841 708 893 charitatis
721 847 757 894 eet
771 856 851 896 essen-

43 914 110 964 tialis
127 913 266 963 beatitudini
278 917 388 975 qnantum
401 914 429 964 ad
441 913 583 964 dilectionem
600 914 655 974 bei,
678 927 722 964 non
739 919 849 978 quantum

42 988 72 1036 ad
89 984 239 1036 dilectionem
252 983 358 1046 proximi
375 985 439 1035 llnde
453 985 473 1035 si
487 988 549 1036 esset
559 998 604 1036 una
619 987 667 1036 oola
680 985 754 1036 anima
771 985 849 1038 lruens

41 1060 105 1118 ileo,
127 1056 195 1106 beata
208 1058 330 1104 essetnec
347 1056 433 1106 babens
448 1055 577 1119 proximum
592 1069 661 1120 quem
674 1056 788 1121 diligeret3
807 1059 848 1110 sed

40 1127 167 1194 supposito
179 1125 284 1190 proximo
298 1125 399 1189 sequitur
412 1127 504 1177 dilectio
515 1127 565 1190 aare
574 1141 604 1177 ex
613 1129 712 1192 perlecta
725 1127 849 1178 dilectione
955 1145 960 1158 ·

40 1202 80 1251 bei
92 1217 100 1250 :
114 1200 180 1249 unde
192 1196 258 1261 quasi
269 1197 448 1249 concomitanter
457 1211 482 1248 se
493 1199 563 1248 babet
572 1198 671 1250 ambitio
682 1200 710 1248 ed
722 1199 850 1262 perlectum

38 1269 221 1324 beatitudinem.

337 1533 507 1603 dunello
528 1534 557 1596 V.

85 1693 125 1738 De
140 1688 274 1746 adeptione
286 1685 460 1736 beatitudinis,
472 1686 502 1730 tn
514 1689 564 1731 octo
578 1686 695 1733 articulos
709 1685 799 1731 dicium

66 1843 159 1895 Deinde
172 1837 363 1889 muciderandum
372 1840 409 1887 est
420 1837 448 1887 de
461 1837 512 1900 ipen
526 1835 646 1900 adeptione
659 1835 815 1888 lenitudinis.
832 1891 837 1894 ,

66 1919 97 1967 Et
114 1914 183 1964 circe
195 1912 239 1961 boc
248 1912 383 1972 queruntur
393 1911 446 1958 octo
459 1923 464 1956 :
478 1907 674 1960 t⁰Ut1irmlromo
685 1906 846 1970 poesitconae-

34 1991 72 2053 qui
92 1982 275 2040 beatitudinem.
290 1985 318 2029 2⁰
335 1979 416 2030 Utrum
431 1993 489 2030 unus
503 1981 571 2029 homo
582 1978 655 2042 possit
669 1991 720 2028 esse
736 1977 782 2033 alio
791 1977 848 2027 bea·

33 2064 88 2112 tior.
106 2063 137 2108 3⁰
149 2053 232 2106 Utrum
243 2051 326 2117 alionis
334 2051 407 2114 possit
417 2063 469 2100 esec
480 2050 505 2100 in
515 2051 558 2100 bac
569 2049 617 2098 vila
627 2050 715 2099 beatus.
729 2051 755 2096 4⁰
767 2045 847 2096 Utrbnr

34 2130 161 2184 beatitudo
175 2124 256 2176 barbita
268 2123 341 2188 possit
354 2121 435 2172 amitti,
451 2126 478 2170 5⁰
491 2119 572 2171 lltrbm
586 2120 654 2170 bomo
668 2131 708 2182 per
723 2130 763 2171 aua
780 2120 847 2166 netu-

35 2206 94 2255 ralia
112 2197 193 2266 possit
208 2195 323 2260 acquirere
340 2191 516 2246 beatitudinem.
536 2197 562 2240 6⁰
579 2189 663 2240 Utrum·
676 2190 745 2240 bomo
764 2199 848 2238 conse-

34 2281 124 2340 quatur
135 2267 307 2322 beatitudinem
314 2280 357 2330 per
366 2265 480 2317 actionem
488 2264 586 2329 alicujus
595 2260 717 2327 superioria
729 2262 845 2312 creature.

34 2354 60 2397 7⁰
71 2344 161 2399 Utrum
175 2339 320 2404 requirantm
337 2350 405 2403 opera
418 2335 517 2387 bominis
527 2335 601 2398 aliqua
615 2335 643 2383 ad
656 2335 700 2384 boc
712 2329 772 2396 quod
780 2333 848 2384 bomo

32 2416 210 2471 beatitudinem
221 2412 371 2474 coemuntur
379 2409 455 2460 alteo,
467 2412 493 2456 8⁰
507 2405 586 2457 Utrirm
597 2405 671 2456 omnis
681 2405 749 2456 homo
758 2407 849 2468 appetat

32 2487 220 2542 beatitudinem.

349 2559 510 2612 bertelinus
524 2560 542 2608 1.

168 2673 257 2720 Utrum
267 2671 336 2715 lcum
344 2670 416 2726 possit
425 2667 535 2724 consequi
545 2665 722 2710 beatitudinem.

65 2791 103 2842 ,ld
113 2786 223 2854 primum
234 2781 268 2831 sic
279 2779 418 2844 proceditur.
432 2776 526 2826 Videtur
537 2775 596 2840 quod
606 2775 673 2856 bomo
684 2770 851 2826 beatitudinem

32 2861 139 2929 aalipioci
149 2868 202 2909 non
212 2853 296 2919 poscit.
307 2852 371 2902 Sicut
380 2850 443 2902 enim
452 2853 534 2899 natura
545 2847 662 2928 rubooalrs
671 2849 708 2896 est
718 2857 786 2908 supra
796 2855 849 2894 sen-

32 2936 146 2994 sibilem,
157 2929 194 2980 ita
208 2929 290 2975 natura
300 2921 459 2975 intellectualis
468 2924 504 2972 est
512 2933 580 2984 cupra
589 2917 737 2978 rationalem,
749 2917 775 2964 ut
785 2915 850 2978 patet
