1984 3309
120 186 156 223 on
170 180 288 221 munaum
295 184 324 221 uu
335 180 436 221 norrun
447 178 616 225 uetustum.
627 181 785 224 uouomraurs.
809 172 856 224 889

30 268 143 317 inanem
153 260 328 325 gloriamtaciat
338 261 397 323 quod
409 260 485 311 tacere
492 264 583 316 uretur
591 262 640 313 siue
649 262 756 324 dimittat,
766 276 857 327 semper

28 334 172 403 peccabit3
190 344 234 381 nec
249 336 326 383 tamen
340 336 375 381 est
392 332 531 398 perplexus,
542 334 597 396 quoia
615 337 691 397 potest
707 334 856 386 intentionem

29 410 132 459 matam
152 403 281 454 dimittere.
302 406 331 454 Et
346 404 462 467 similiter,
478 404 596 468 supposito
612 418 687 456 errore
707 405 802 456 rationis
820 408 857 457 uel

28 476 216 535 conscientiae,
229 476 268 538 qui
276 476 378 539 procedit
387 490 417 527 ex
431 475 558 540 ignorantia
566 490 613 527 non
623 481 754 539 excusante,
763 491 856 529 necesse

28 557 71 605 est
89 548 162 615 quod
181 550 290 609 sequatur
303 547 402 597 molum
415 548 440 597 in
453 547 585 612 voluntate3
600 562 643 599 neo
653 555 730 600 tannen
741 554 778 600 est
788 552 857 601 homo

27 624 194 690 perplexus,
208 620 263 682 quuia
275 623 349 683 potest
365 620 393 669 ah
406 632 481 670 errore
490 621 610 684 recedere,
622 634 675 671 cum
686 622 813 685 ignorantia
827 623 857 673 sit

27 692 168 747 vincibilis
180 693 207 741 et
221 690 353 743 uoluntaria.

343 797 566 884 orreorum
640 792 645 800 ’

29 940 137 987 Πινὺηῑ
147 930 286 981 voluntatis
295 934 386 980 donitas
396 936 421 979 io
432 934 469 979 his
477 948 529 992 quau
537 939 594 980 suot
603 936 635 980 od
637 937 721 993 finem,
727 936 856 995 dependeat

334 998 576 1055 enimteotiooestota.
897 1010 904 1018 ·

63 1114 107 1165 Ad
132 1104 262 1173 septimum
280 1106 314 1155 sio
331 1106 468 1170 proceditur.
488 1108 583 1159 Videtur
600 1108 661 1172 quod
676 1109 766 1161 bonitas
777 1110 857 1161 volup.

26 1186 90 1237 tatis
111 1194 167 1233 non
182 1177 311 1241 dependeat
320 1190 350 1227 eu
359 1177 487 1241 intentione
501 1179 560 1229 finis.
573 1180 661 1238 Dictum
672 1185 708 1231 ast
718 1181 857 1245 enimsuprd

26 1261 92 1324 (art.
110 1252 153 1317 Ξ),
167 1250 232 1313 qnod
241 1249 330 1299 bonitas
341 1249 464 1299 uoluntatis
475 1250 590 1313 dependet
599 1263 627 1300 ex
641 1252 689 1309 solo
701 1252 798 1315 objecto.
811 1254 854 1302 Sed

26 1334 54 1382 in
73 1329 123 1379 his
140 1335 198 1387 quae
213 1320 404 1385 suetudinem,
421 1320 490 1377 atiud.
503 1327 537 1373 est
554 1322 669 1387 objectum
688 1323 813 1374 voluntatis
832 1330 857 1373 et

25 1403 101 1455 atiud
120 1396 184 1449 finis
201 1394 309 1445 intentus.
325 1395 384 1457 Ergo
396 1394 422 1445 iu
437 1394 520 1445 tatibus
530 1395 620 1445 bonitas
629 1395 753 1446 uoluntatis
763 1396 856 1447 nonde·

24 1474 132 1541 pendet
148 1466 323 1529 abffintentione
333 1466 392 1517 suuis.

63 1553 92 1596 2.
114 1545 252 1602 preterea,
264 1538 322 1589 uelle
333 1552 423 1589 seruare
433 1539 564 1588 mandatum
575 1538 620 1590 Dei
629 1539 727 1602 pertinet
737 1541 765 1590 ad
777 1541 857 1591 uolun-

24 1625 113 1671 tatem
132 1615 233 1671 bonam.
246 1610 292 1661 Sed
306 1613 349 1662 hoc
362 1612 438 1676 potest
450 1611 529 1663 reterri
542 1611 571 1660 ad
582 1612 667 1661 malum
677 1611 760 1675 finem,
769 1613 857 1663 scilicet

23 1694 59 1743 ad
70 1692 158 1741 finem
171 1682 249 1733 inanis
263 1683 339 1746 gloriae
352 1682 389 1732 uel
399 1682 542 1746 cupiditatis,
553 1684 607 1733 dum
618 1682 699 1745 adquis
706 1683 756 1734 vult
765 1684 856 1736 obedire

23 1768 81 1814 Deo
97 1759 208 1826 propter
220 1754 351 1818 temporatia
367 1755 535 1819 consequenda.
550 1755 609 1818 &go
623 1754 714 1805 bouitas
734 1755 857 1808 uoluntatis

23 1850 82 1887 non
97 1828 230 1894 dependet
243 1827 270 1877 ab
283 1826 410 1877 intentione
421 1826 482 1877 timis,

64 1912 93 1956 3.
114 1902 255 1960 Praeterea,
265 1897 354 1947 donum
368 1900 392 1947 et
405 1898 504 1947 molum
517 1896 576 1947 sicut
586 1896 739 1947 diversificant
752 1899 856 1948 uolunta-

22 1986 95 2043 tem,
108 1976 152 2025 ita
161 1970 403 2021 diversificautfiuem.
412 1970 456 2020 Sed
464 1968 681 2019 malitiauotuntatis
689 1981 736 2018 non
744 1969 857 2031 dependet

20 2055 38 2105 ia
60 2045 171 2103 malitia
186 2042 240 2092 finis
255 2042 355 2095 intenti:
372 2042 411 2107 qui
424 2042 485 2092 euim
502 2040 551 2090 uult
562 2040 631 2103 iurari
642 2045 668 2088 ut
681 2041 720 2089 det
732 2040 857 2104 eleemosy-

21 2139 110 2186 nam,
130 2116 280 2168 voluntatem
294 2115 376 2165 matam
391 2114 474 2177 hahet,
491 2112 546 2162 tinet
557 2110 662 2161 intendat
678 2112 746 2162 tinem
761 2112 855 2161 bonum.

21 2202 99 2262 Ergo
121 2188 202 2243 etiam
219 2186 309 2237 bonitas
327 2184 451 2237 uoluntatis
468 2198 514 2240 nou
533 2182 671 2248 dependetis
684 2181 785 2234 bonitate
805 2182 858 2233 finis

19 2264 139 2321 intenti.
847 2296 852 2305 .

62 2336 124 2390 Sed
145 2333 229 2383 contre
242 2332 284 2393 est,
294 2330 353 2394 quod
371 2328 509 2392 Augustinus
525 2327 580 2378 dicit
594 2327 634 2376 tx.
650 2326 857 2389 confessionum,

18 2411 103 2481 quod
119 2424 136 2455 c
150 2400 250 2453 intentio
265 2403 422 2452 remuneratur
435 2400 448 2450 t
460 2401 516 2450 Deo.
528 2415 543 2447 o
554 2400 598 2449 Sed
611 2411 640 2448 ex
650 2411 678 2448 eo
692 2396 776 2461 aliquid
784 2412 859 2450 remu-

16 2484 144 2537 neratur
160 2474 175 2523 tr
190 2472 237 2521 [teo
245 2508 253 2534 ,
267 2471 321 2535 quia
341 2475 377 2523 est
390 2471 484 2535 bonum.
500 2471 559 2534 Ergo
577 2468 668 2521 bouitas
685 2469 808 2522 uoluntatis
830 2486 859 2522 ex

17 2551 183 2609 intentione
196 2544 248 2593 finis
262 2544 382 2607 dependet.

61 2626 246 2695 (comesusro.
263 2615 397 2665 -Booitas
419 2614 542 2665 uoluntatis
563 2613 589 2663 in
612 2612 717 2677 hisquae
739 2615 768 2664 ad
789 2614 859 2663 tinem

17 2702 114 2759 ¹mot,
133 2704 168 2745 ex
186 2688 238 2751 ipsa
251 2687 376 2738 intentione
390 2687 443 2737 finis
459 2686 595 2749 dependet.)

60 2762 227 2831 [respondeo
245 2760 381 2823 dicendum,
404 2758 464 2822 quon
485 2757 581 2807 intentio
597 2757 719 2821 dupliciter
740 2769 765 2805 se
784 2756 861 2817 potest

17 2848 134 2900 habere
151 2834 182 2885 ad
198 2831 357 2882 voluntatem:
373 2843 419 2881 uno
433 2828 685 2893 modontpracedens3
695 2826 741 2877 atio
757 2825 824 2875 modo
834 2829 860 2874 ut

15 2916 211 2975 consequens.
226 2903 337 2955 Praecedit
355 2900 447 2967 quidem
466 2899 587 2953 musmter
603 2899 700 2951 intentio
719 2896 859 2947 mtuumem

736 2986 747 3009 1
