1984 3309
149 177 196 230 lit
297 190 372 231 ruma
388 187 520 240 ammon,
538 185 630 238 ouum.
648 189 679 242 u,
697 189 752 230 aar.
770 189 802 232 ur.

92 315 99 327 ,
149 269 211 320 dedit
223 268 245 320 el
258 268 353 320 liberum
372 268 491 319 arbitrium
503 281 548 332 qno
562 269 635 333 possit
648 269 751 320 converti
764 269 792 319 ad
809 270 899 331 boum,
913 268 946 332 qui

152 353 205 391 enm
218 340 304 392 laceret
317 341 408 391 beatum
423 356 429 390 ε
446 358 460 388 «
473 353 525 404 qum
537 341 596 390 enim
609 353 651 405 per
664 341 753 392 amieos
763 353 886 404 possumus
894 378 902 404 ‚
911 355 946 404 per

149 423 193 464 noe
205 413 332 477 aliqualiter
344 425 477 476 possumus,
492 429 507 459 o
521 417 547 463 nt
562 411 644 463 dicitur
658 411 683 462 in
697 411 738 462 lli.
754 413 911 462 Etbicorum.
970 381 971 466 i

182 485 217 534 td
225 485 350 535 secundum
359 483 495 548 dicandum,
508 483 568 548 quod
581 482 698 536 nobilioris
709 483 849 535 conditionis
862 487 898 535 eat
912 497 946 534 nn·
970 477 971 500 ¹

152 559 204 606 tura
223 569 274 619 que
295 559 370 620 potest
390 555 500 620 consequi
521 557 645 620 perlectum
661 555 763 620 bonum,
782 555 837 607 licet
854 555 948 619 indigeat

151 626 258 677 exteriori
271 627 356 678 anxilio
369 628 397 677 ad
409 630 453 678 boc
464 629 663 692 consequendum,
674 627 745 694 qnbm
756 633 839 680 natura
850 641 902 693 quac
911 641 947 678 non

151 702 225 763 potest
238 699 346 763 mnsequi
364 699 489 763 perlectum
509 701 607 761 bonum,
623 699 663 751 sed
680 699 831 763 consequitur
844 701 947 766 quoddam

152 771 238 821 bonnm
250 770 422 836 imperiectum‚
434 770 488 822 lium
499 773 526 821 ad
539 771 724 822 consecutionem
735 772 786 832 ejus
798 785 845 824 non
858 772 949 837 indigeat

153 842 260 893 exteriori
277 841 373 906 cordio,
383 847 410 892 ut
423 841 573 907 Philosophus
586 843 642 894 dicii
655 843 680 894 in
695 843 726 894 11.
742 843 780 893 De
791 843 854 894 caelo
876 859 885 895 :
902 845 949 896 sion

154 915 235 966 melius
249 918 286 965 est
298 914 422 979 diapoaitm
436 914 465 964 ad
478 913 612 979 sanitatem,
628 915 667 980 qui
680 919 759 980 potest
775 916 889 981 consequi
903 931 949 982 per-

154 987 237 1037 lectam
253 986 388 1050 sanitatem,
400 987 454 1038 licet
466 988 510 1037 boc
522 986 552 1037 sit
566 1000 607 1052 per
623 985 731 1037 auridum
746 987 883 1053 medicina,
894 989 948 1052 quau:

154 1059 193 1123 qui
210 1060 283 1109 solum
302 1060 378 1123 potest
397 1059 505 1124 consequi
521 1059 641 1126 quamdam
657 1059 817 1126 imperfectam
837 1062 948 1112 samtaon

154 1131 206 1181 aine
219 1130 336 1181 medicine
348 1129 441 1181 anxilio.
456 1127 547 1182 ntideo
560 1133 663 1182 creatura
674 1131 808 1196 rationulis,
819 1145 875 1198 que
885 1137 948 1196 potest

154 1202 263 1267 consequi
275 1202 402 1267 perlectum
417 1201 564 1254 beatitudiuis
580 1203 678 1264 bonnm,
690 1201 799 1267 indigena
817 1203 849 1254 ad
866 1206 910 1256 boc
923 1204 949 1252 di·
971 1201 972 1244 ἐ

153 1275 208 1325 riao
224 1274 323 1338 rumbo,
337 1278 373 1326 eat
387 1274 510 1339 periectior
525 1273 593 1338 quim
608 1278 712 1326 creatura
727 1272 896 1341 irrationabilis,
909 1289 949 1340 quc
971 1277 972 1280 ’

154 1346 285 1411 brqnamodi
297 1345 351 1398 boui
365 1359 413 1398 nou
431 1349 468 1398 est
481 1359 567 1412 capam
580 1343 621 1398 aed
635 1345 748 1410 quoddam
761 1345 850 1400 bonum
873 1348 951 1412 imper-

155 1416 240 1469 iectnm
250 1417 397 1483 consequitur
408 1418 493 1469 uirtute
502 1431 550 1472 suae
562 1421 656 1469 natare.

187 1491 220 1541 ild
234 1490 329 1541 tertium
338 1489 459 1541 dicendnm
468 1528 475 1551 ‚
485 1487 547 1553 qubd
565 1489 655 1554 qnando
670 1489 852 1558 imperfectum
868 1494 892 1541 et
904 1503 951 1555 per·-

157 1563 250 1626 fectom
260 1565 313 1613 sunt
324 1561 428 1627 ejusdem
437 1561 521 1627 speciei
528 1561 557 1612 ab
566 1561 645 1612 eadem
654 1561 740 1612 virtute
750 1561 842 1614 causari
854 1567 950 1627 possouq

155 1638 288 1685 nouantem
301 1635 345 1685 boc
360 1639 396 1685 est
409 1647 502 1685 necesse
518 1633 537 1684 si
551 1634 597 1684 sini
611 1633 702 1684 alterius
715 1633 816 1700 speciei;
833 1647 883 1685 non
896 1634 948 1684 euin

157 1703 263 1769 quicquid
271 1709 347 1770 potest
355 1717 447 1757 causare
458 1705 631 1770 dispositionem
641 1705 742 1758 materiae
749 1741 757 1768 ,
765 1708 846 1770 potest
858 1706 951 1757 ultiman

156 1776 319 1840 perlectionem
334 1777 446 1828 conterre.
466 1777 598 1841 imperfecta
616 1779 691 1828 autem
711 1777 817 1841 operatio
838 1791 891 1843 quae
910 1777 953 1826 suli-

155 1849 217 1912 J'aret
229 1848 325 1899 naturali
337 1847 438 1900 bominis
452 1850 575 1914 potestati,
587 1861 634 1900 non
648 1851 682 1898 est
695 1847 802 1913 eiusdem
812 1850 899 1913 speciei
910 1863 951 1897 cun

149 1921 290 1984 operatione
314 1920 352 1970 illa
374 1920 474 1985 perfecta
497 1933 548 1986 qnae
574 1925 610 1972 est
633 1921 733 1972 bominis
755 1921 890 1986 beatitudo,
912 1925 973 1968 cruror

158 1990 296 2058 operationis
310 1992 401 2056 species
415 1992 528 2058 dependat
542 2005 571 2044 cx
587 1993 675 2058 objecto
692 2007 698 2042 :
714 1991 774 2044 node
788 1989 848 2044 ratio
861 2005 908 2043 nou
924 2003 953 2039 :e-

158 2065 243 2129 quitur.

448 2173 609 2225 andiendus
624 2173 663 2222 vi.

189 2299 273 2348 darom
294 2303 363 2348 bomo
384 2303 543 2357 consequatur
562 2297 731 2344 beatitudinem
753 2297 933 2354 peractionem

371 2365 475 2420 ultorque
483 2363 615 2420 coopertoria
624 2363 748 2408 creatores.

192 2492 224 2540 ad
242 2494 332 2542 mmmm
350 2491 383 2543 sic
402 2491 541 2556 proceditur.
553 2489 649 2541 Videtur
660 2487 720 2554 qobd
737 2489 806 2539 bomo
824 2491 899 2553 possit
914 2490 954 2537 deri

160 2564 240 2614 beatis
253 2574 295 2627 per
308 2563 420 2614 actionem
433 2563 529 2628 alicujus
543 2562 666 2628 superioris
679 2565 799 2625 creaturae,
811 2563 900 2612 scilicet
913 2567 954 2611 lu

160 2637 213 2700 geli.
227 2635 356 2686 cumcuim
370 2635 452 2699 duplex
461 2636 517 2686 ordo
528 2633 691 2685 inveniaturlu
701 2631 782 2695 nebus,
792 2645 853 2682 nnus
863 2635 955 2698 partium

159 2707 258 2756 uniuersi
277 2708 305 2755 ad
322 2705 435 2767 inuicem,
450 2706 507 2756 alins
530 2706 600 2757 lotium
616 2705 716 2756 uniuersi
736 2705 764 2753 ael
782 2703 886 2766 bonum,
901 2703 955 2767 quod

161 2780 197 2825 eat
215 2781 281 2826 extra
299 2776 449 2838 nniversam,
468 2777 556 2841 primas
572 2778 627 2828 ordo
640 2777 756 2828 ordinatur
772 2776 801 2824 acl
817 2777 954 2830 mountain,

159 2848 219 2896 sicut
234 2848 261 2894 ad
277 2846 359 2907 numu,
373 2850 400 2894 ut
419 2848 505 2898 dicitur
516 2849 566 2900 xli.
587 2848 786 2914 Melambion.
802 2849 833 2894 52
852 2850 877 2896 ut
895 2846 953 2906 dal:

160 2915 218 2965 dcun
231 2916 286 2966 ordo
304 2914 402 2978 partium
418 2917 533 2971 meruius
545 2919 574 2971 ad
591 2919 689 2971 inuicem
699 2922 733 2970 cst
746 2920 839 2983 propter
859 2917 955 2968 ordinem
