1984 3309
153 202 198 251 116
341 208 436 261 ranst,
450 210 542 257 ouum.
556 210 659 262 unu,
672 210 728 250 aur.
738 209 764 249 r:

366 379 731 484 'tonsuratorum

214 546 250 595 Dc
264 547 401 607 cognitione
415 547 650 665 onimoedmporoto,
664 548 694 595 io
706 551 758 595 octo
772 551 893 597 articulos

523 632 597 666 coma.

184 742 270 793 Deinde
289 743 476 795 considerandum
492 746 528 793 cst
545 742 572 793 de
590 742 720 807 cognitione
738 744 821 795 animat
839 750 948 811 separata.
979 789 981 792 .

173 809 212 865 'Et
224 815 283 865 circa
291 817 335 864 hoc
344 820 475 879 quaeruntur
484 818 549 864 octo:
561 818 587 863 1⁰
595 813 675 863 Utrirm
685 815 760 865 anima
769 821 877 881 separata
887 818 900 867 h
909 832 949 868 cor-
979 833 981 842 ·

152 900 207 952 pore
220 888 294 951 possit
305 886 439 949 intelligere.
454 890 481 934 2⁰
495 884 576 936 Utrhm
587 884 699 949 intelligat
711 887 851 940 substantias
866 903 950 955 separa·

151 963 195 1008 tas.
211 962 239 1005 30
250 956 329 1007 Utrhrn
345 957 456 1020 intelligat
475 956 550 1007 omnia
563 957 682 1007 naturalia.
699 960 725 1006 t⁰
738 957 821 1009 utrum
835 964 952 1025 cognoscat
979 983 981 990 ·

152 1028 283 1092 singularia.
304 1032 330 1077 5⁰
345 1028 426 1079 Utrbm
439 1028 530 1079 habitus
542 1028 643 1079 scientie
656 1028 695 1089 hic
709 1028 829 1093 acquisitae
841 1036 951 1083 remaneat
979 1045 981 1084 t

153 1100 177 1150 in
191 1100 266 1149 anima
276 1103 389 1163 separata.
405 1106 431 1149 6⁰
440 1100 521 1151 Uirium
530 1100 603 1165 possit
612 1100 646 1149 uti
656 1099 736 1150 hahita
747 1101 852 1153 scicntiae
865 1104 903 1154 hic
914 1118 950 1153 ac·
979 1127 981 1138 ·

152 1171 248 1237 quisita.
262 1176 287 1221 7⁰
295 1170 373 1223 Utrhm
382 1168 491 1223 distantia
497 1173 576 1238 localis
585 1173 695 1237 impediat
704 1173 863 1237 cognitionem
875 1176 950 1226 anima
979 1171 981 1174 ’

152 1248 270 1309 separatae.
289 1248 314 1293 8⁰
328 1244 407 1297 Utrdm
422 1246 505 1301 anima
521 1250 632 1315 separatae
646 1246 660 1301 t
673 1246 804 1312 corporibus
815 1252 953 1314 cognoscant

153 1315 287 1382 taquaehlo
300 1321 410 1385 aguntur„
487 1313 489 1319 '

455 1436 614 1491 bauconus
628 1440 646 1488 l.

238 1544 531 1602 heautontimorumeno
541 1546 634 1604 aliqand
645 1547 778 1604 intelligere
790 1548 878 1604 poenit.

185 1646 220 1696 hd
232 1646 329 1710 primum
343 1646 376 1697 sic
384 1646 516 1710 ¹proceditur
528 1647 573 1711 (1).
583 1646 752 1711 Videtur-quod
763 1648 843 1699 anima
853 1653 955 1713 separata

154 1717 212 1768 nihil
232 1716 324 1767 omniuo
340 1717 466 1781 intelligere
479 1718 560 1783 possit.
575 1719 634 1768 llicit
647 1718 710 1769 enim
731 1717 888 1783 Philosophus
902 1720 926 1770 in
940 1721 956 1767 l.

153 1790 191 1839 De
200 1792 287 1839 ocima
302 1792 376 1851 (text.
388 1795 417 1839 66
426 1788 445 1853 ),
460 1790 520 1853 quod
537 1787 681 1855 intelligere
692 1789 848 1853 corrumpitur
860 1792 957 1856 quodam

152 1860 252 1913 interibo
266 1865 378 1925 corrupto.
394 1861 439 1911 Sed
455 1862 533 1913 omnia
548 1862 655 1912 interiora
668 1862 769 1913 hominis
782 1867 960 1928 corrumpuntur

152 1948 195 2000 per
206 1936 310 1986 mortem.
324 1933 383 1997 Ergo
397 1937 420 1983 et
433 1936 509 1997 ipsum
521 1933 662 1997 ininitpene
673 1933 832 1997 corrumpitur.
870 1971 874 1978 .

178 2012 208 2057 1.
228 2009 357 2069 Praeterea,
372 2004 448 2055 anima
462 2006 563 2055 humana
574 2004 696 2069 impeditur
708 2004 737 2053 ah
749 2003 907 2068 intelligendo
920 2021 959 2072 per

152 2079 300 2144 ligamentum
319 2079 412 2143 seusrls,
427 2082 450 2129 et
467 2078 597 2143 perturbata
612 2078 791 2142 imaginatione,
811 2078 876 2129 sicut
892 2079 958 2145 supra

153 2153 284 2203 dictumest
298 2152 345 2217 (qu.
360 2155 399 2217 81,
414 2155 456 2201 art.
468 2156 481 2201 1
492 2154 515 2202 et
525 2154 562 2213 8).
577 2151 621 2201 Sed
636 2154 709 2201 morte
721 2150 823 2201 totaliter
835 2164 924 2203 sensns
936 2156 956 2202 et

152 2224 284 2289 imaginatio
304 2227 489 2289 eormmpuntor‚
503 2225 529 2271 nt
548 2236 578 2273 en
593 2222 661 2287 sopra
676 2222 744 2273 diois
762 2225 827 2285 patet
843 2224 901 2292 (qu.
917 2230 954 2287 tt,

153 2301 195 2347 art.
207 2297 244 2361 8).
260 2299 318 2359 Ergo
334 2298 411 2347 anima
421 2297 474 2360 post
486 2297 582 2345 mortem
596 2294 655 2343 nihil
668 2294 783 2358 intellim't.

186 2375 208 2421 3.
223 2372 353 2431 Praeterea,
368 2368 388 2418 si
401 2367 477 2417 anima
488 2370 591 2431 separata
603 2366 724 2431 iutelligit,
734 2371 827 2433 oportet
837 2368 904 2433 qnod
919 2383 957 2435 per

153 2442 239 2505 aliquas
250 2440 339 2504 species
348 2438 467 2503 intelligat.
478 2438 522 2489 Sed
531 2451 577 2487 non
586 2438 694 2501 intelhgit
702 2452 744 2503 pcr
752 2440 843 2503 species
854 2441 957 2503 innatas,

152 2513 205 2578 quia
219 2513 232 2563 h
242 2510 355 2577 principio
367 2515 403 2561 est
418 2529 432 2559 n
443 2510 502 2561 sicut
512 2510 592 2560 tabula
605 2511 629 2560 in
637 2524 683 2575 qua
691 2510 748 2561 nihil
758 2515 794 2561 cst
808 2512 936 2576 scriptum
944 2529 957 2558 o

152 2598 226 2647 neque
241 2598 281 2647 per
291 2584 378 2647 species
387 2596 443 2645 quas
459 2586 515 2632 tunc
529 2582 639 2632 abstrahit
652 2581 664 2632 h
678 2583 755 2646 rebus,
764 2582 878 2646 quianon
889 2585 960 2635 habet

152 2666 237 2717 organa
257 2654 338 2704 sensis
351 2659 375 2705 et
393 2653 578 2718 imaginationis,
595 2655 678 2719 quihus
696 2654 850 2705 mediantibus
869 2658 959 2721 specics

185 2768 217 2833 (1]
235 2774 269 2817 ho
282 2772 318 2818 his
332 2774 401 2818 etiarn
417 2776 459 2819 III.
479 2773 660 2834 part.,qu.11,
677 2780 720 2821 art.
738 2774 766 2828 2;
783 2779 808 2819 ct
817 2776 863 2833 111,
880 2776 960 2826 sent„

154 2835 208 2881 dist.
226 2834 268 2894 31,
284 2848 324 2893 qu.
337 2837 364 2895 2,
381 2842 423 2882 art.
436 2836 465 2890 1;
482 2842 543 2882 utet
557 2836 635 2887 Senot„
654 2838 707 2883 dist.
722 2835 767 2895 50,
782 2849 823 2893 qu.
842 2839 872 2897 1,
886 2839 955 2884 arti

131 2911 141 2927 ¹·
152 2898 256 3005 tit523ffiet
268 2911 307 3007 [ἔρ.
318 2899 361 2959 19,
375 2899 403 2945 dc
417 2900 495 2959 verit,
510 2904 553 2945 art.
569 2896 582 2942 1
596 2906 620 2945 et
630 2901 658 2956 25
670 2907 745 2958 atqu.
762 2900 791 2945 dc
806 2901 897 2961 anima,
911 2908 957 2947 art.

185 2993 192 3020 2
245 2994 252 3021 t
303 2994 309 3006 “
