1984 3309
169 171 201 210 un
216 171 402 218 emmennone
418 177 450 216 nn
466 179 566 218 neumis
582 181 712 223 aermon.
732 189 737 198 ·
773 209 778 216 -
797 176 842 225 mr

290 366 457 436 tenello
475 369 595 436 exvll.

84 513 122 559 De
134 514 317 572 pertirreotr’lrrs
330 517 362 564 el
376 519 484 565 lromtrrr'r
504 523 638 574 ortionem,
650 524 680 568 r'rr
692 527 798 582 quatuor

337 591 456 636 articulos
469 591 560 638 diuisa.

68 725 155 776 Postea
173 727 360 778 annumerandum
371 735 407 780 est
415 731 443 782 le
455 731 491 782 his
503 747 554 797 qua
566 734 682 798 pertinent
692 737 719 785 ad
730 736 843 788 actionem

40 795 154 860 hominis,
166 797 205 860 qui
217 793 253 848 est
263 799 403 864 compositus
415 815 443 852 en
457 803 569 866 spirituali
578 809 602 855 et
612 807 721 870 corporali
731 810 841 860 ereatura.

39 867 63 934 Et
76 868 154 931 primo
168 869 355 944 considerandum
367 875 401 922 est
416 875 546 928 deuotione
560 876 672 941 homiuis;
687 877 799 943 secundi,
814 879 842 930 de

39 941 203 1004 propagatione
218 942 315 995 hominis
328 957 358 994 ex
370 945 471 997 nomine.
569 997 572 1001 .

66 1011 133 1062 Circa
154 1011 256 1076 primurn
277 1017 410 1080 queruntur
430 1020 548 1080 quatuor:
564 1022 591 1068 1⁰
608 1017 688 1070 Utrum
701 1033 761 1071 uuus
774 1021 843 1072 homo

37 1083 108 1142 possit
127 1083 211 1134 docere
233 1083 318 1150 alium,
335 1089 448 1140 causando
465 1089 490 1139 iu
507 1090 559 1154 ipso
577 1091 706 1142 scientiam.
720 1097 748 1142 2⁰
763 1093 842 1144 Utrr'rm

38 1166 95 1203 unus
104 1155 176 1206 homo
189 1156 261 1220 pessit
270 1157 349 1208 docere
359 1160 475 1223 angelum.
485 1165 512 1210 3⁰
522 1161 841 1228 Utrumhomopervirtutem

38 1237 82 1274 sua
96 1225 180 1278 animae
195 1227 269 1292 pessit
286 1229 405 1280 immutare
428 1231 544 1283 materiam
557 1235 705 1298 corporalem.
721 1238 747 1285 ⁴⁰
763 1235 842 1286 lltrlrm

38 1297 110 1348 anima
126 1299 230 1350 hominis
241 1306 344 1365 separata
358 1303 431 1367 possit
444 1317 535 1356 movere
548 1318 641 1370 eorpora
656 1311 719 1357 motu
732 1305 809 1358 locali.

343 1445 503 1499 ARTICULUS
519 1450 538 1498 1.

188 1552 275 1598 Utrr'rm
284 1565 348 1598 urrur
357 1553 427 1600 lamo
435 1556 510 1612 merit
518 1556 596 1600 aliam
605 1557 694 1602 auem.

69 1661 101 1710 ll
113 1661 216 1726 primum
228 1661 261 1710 sia
269 1662 400 1725 proceditur
408 1663 452 1728 (l).
464 1662 559 1714 Videtur
568 1663 627 1727 quod
638 1665 706 1717 homo
715 1679 761 1718 nou
769 1665 843 1731 pessit

39 1730 104 1780 alium
119 1731 213 1782 dooere.
232 1729 292 1782 nisit
306 1731 366 1782 euim
379 1735 502 1796 Dominus,
513 1738 613 1792 llatttr„
629 1737 701 1787 XXlll
716 1754 723 1784 r
737 1754 751 1784 «
767 1735 842 1787 Nolite

39 1804 112 1853 roeari
120 1804 204 1854 llabbi.
213 1821 228 1850 rr
239 1803 283 1854 Ubi
294 1804 348 1855 dicit
359 1804 437 1856 Glossa
450 1806 570 1870 (interlin.)
582 1807 713 1874 Hieronymi
724 1807 757 1873 (t)
771 1825 777 1858 ε
788 1809 842 1858 «Ne

39 1873 139 1925 livinum
153 1877 265 1926 honorem
276 1875 407 1928 hominibus
419 1876 532 1928 tribuatis.
546 1876 628 1929 »Esse
642 1893 696 1943 ergo
710 1878 842 1942 magistrum

39 1947 136 2005 pertinet
155 1945 249 2010 proprie
259 1945 296 2007 ,ad
311 1947 414 1998 lirinum
432 1949 552 2000 honorem.
566 1950 612 2000 Sed
632 1944 712 2000 dooere
729 1954 766 1999 est
785 1961 843 2012 pro·

39 2015 110 2077 prium
123 2017 238 2081 magistri.
259 2019 331 2070 llomo
345 2023 399 2082 ergo
419 2033 465 2070 nou
483 2024 561 2084 petest
579 2021 672 2084 doeere3
685 2021 724 2070 sed
741 2021 786 2069 hou
805 2020 842 2068 est

40 2089 154 2150 proprium
168 2089 217 2140 nei.

71 2164 93 2208 2.
109 2163 231 2220 Praeterea,
244 2161 263 2211 si
274 2161 342 2212 home
354 2160 423 2211 alium
434 2163 514 2224 docel,
526 2161 570 2211 hoe
579 2175 624 2211 nou
637 2163 673 2210 est
681 2159 727 2210 nisi
736 2160 761 2210 in
770 2173 842 2223 quau-

42 2233 88 2279 lum
101 2232 148 2296 agit
157 2243 199 2296 per
211 2230 329 2282 seientiam
343 2246 406 2283 suanr
417 2234 445 2283 ad
459 2233 598 2282 causandum
615 2231 734 2281 seientiam
747 2229 771 2280 iu
786 2229 840 2282 alio.

41 2301 82 2350 Sed
97 2303 194 2366 qualitas
209 2316 252 2368 per
269 2317 337 2367 quam
350 2304 433 2367 aliquis
446 2303 493 2366 agit
506 2304 535 2353 ad
548 2301 676 2352 laciendum
689 2302 733 2352 sihi
750 2301 841 2365 simile,

42 2377 76 2420 est
93 2375 187 2437 qualitas
206 2375 290 2426 activa.
304 2377 363 2439 Ergo
382 2375 483 2440 sequitur
501 2372 562 2439 quel
584 2373 677 2424 seientia
697 2374 726 2424 sit
744 2374 842 2440 qualitas

42 2445 113 2494 aetina
125 2446 184 2496 sieut
195 2449 218 2497 et
229 2447 298 2497 calor.
442 2461 444 2469 ’

73 2521 94 2564 3.
110 2519 236 2581 Praeterea,
252 2519 279 2568 arl
296 2515 415 2568 seientiam
429 2517 553 2581 requiritur
570 2518 647 2566 lumen
662 2515 804 2580 intelligibile
818 2521 842 2566 et

42 2587 128 2649 speeies
145 2589 178 2640 rei
197 2585 331 2640 intellectae.
350 2591 393 2640 Sel
410 2593 516 2640 neutrum
536 2589 632 2640 istorum
651 2591 729 2652 potest
748 2600 840 2638 causare

75 2703 105 2766 (ll
120 2710 152 2753 lle
166 2709 285 2756 bisetiam
297 2709 388 2754 veretra
399 2709 480 2758 (leret,
490 2709 533 2754 lilr.
547 2710 583 2766 11„
595 2721 649 2765 eap.
660 2707 704 2761 75;
715 2713 739 2754 et
749 2719 790 2764 qu.
801 2703 841 2759 ll,

45 2766 71 2811 rte
87 2771 166 2829 reris,
179 2777 221 2817 art.
240 2772 266 2826 13
282 2779 306 2818 et
318 2772 419 2829 Operae„
428 2772 492 2828 xlx,
502 2782 556 2828 eap.
567 2770 596 2824 5³
613 2776 638 2815 et
649 2770 745 2820 ltottt„
756 2766 839 2822 xxm,

45 2831 88 2874 rol.
100 2831 125 2886 53
141 2840 164 2878 el
176 2835 207 2884 orl
222 2837 302 2886 llum„
315 2835 340 2892 1,
355 2835 409 2880 leet.
419 2832 443 2892 6,
459 2835 505 2878 eol.
515 2833 539 2878 s.

78 2900 109 2962 (ἓ)
121 2906 241 2962 perperam
254 2906 318 2966 prius
331 2918 361 2952 ex
374 2905 518 2962 Hieronymo
530 2905 665 2952 notabatur.
748 2978 754 2990 ἱ
