1984 3309
142 164 188 212 tio
353 175 414 212 rsus
426 176 450 224 r,
464 175 556 220 oumsr.
571 174 602 210 cv
608 197 617 224 ,
631 173 686 211 sur.
701 169 726 212 u:

977 177 978 204 l

141 251 293 316 compositum
308 250 352 320 sihi
368 250 464 300 simile:
483 251 516 300 ita
536 253 559 300 et
572 251 644 315 lleus3
660 263 706 301 nou
718 254 795 302 autem
809 249 881 315 aliqua
898 249 936 300 ulia

139 324 213 374 iorma
226 335 273 372 non
290 321 315 372 in
331 321 426 372 materia
442 322 560 386 existens,
570 321 624 386 quia
643 323 736 373 materia
752 337 799 374 uun
817 323 937 374 continetur

139 395 165 444 in
179 393 262 443 uirtute
275 392 368 443 alterius
387 392 518 444 substantiae
538 397 657 459 separate.
674 396 702 445 Et
720 393 773 446 ideo
793 396 905 446 demones
918 399 939 446 et
977 413 978 440 r

141 463 215 530 angeli
228 469 352 529 operantur
364 465 423 514 circa
439 465 551 529 risibilis,
566 479 612 516 oon
626 466 718 530 quidem
732 466 882 534 imprimendo
896 467 936 518 ior·

141 549 206 598 mas,
221 538 260 587 sed
273 536 402 586 adhibendo
420 537 545 601 corporalia
557 537 654 588 semina.
787 601 789 608 Α

174 609 207 658 nd
220 607 344 659 seeundum
356 607 492 669 dicendum,
505 607 565 673 quod
576 609 632 659 ratio
645 607 684 658 illa
696 610 842 672 procederet,
855 609 875 660 si
886 612 939 660 lleus

142 683 220 746 ageret
233 694 262 730 ex
276 680 411 730 necessitate
425 684 520 731 naturae.
533 681 578 731 Sed
592 680 644 744 quia
658 681 705 744 agit
715 693 759 746 per
770 681 939 732 tolunmtemet

142 752 296 814 intellectum,
312 750 351 815 qui
369 750 486 815 cognoscit
506 752 606 802 rationes
621 751 724 816 proprias
740 752 843 803 omnium
864 753 940 803 torma·

139 835 205 885 rum,
217 825 241 874 et
261 836 308 873 non
323 821 395 872 solium
412 822 565 887 universalem
584 823 636 873 inde
650 827 691 892 ⁸est
706 822 765 887 qudd
781 826 860 887 potest
873 825 940 874 deter-

141 893 226 946 minate
237 896 296 946 hanc
307 895 343 944 rel
356 893 418 944 illam
433 894 529 945 formam
542 896 648 958 lmateriae
662 895 802 959 imprimere.

173 967 207 1016 tu
215 965 308 1016 tertium
320 966 453 1029 dicendum,
464 968 508 1017 hoc
520 967 596 1034 ipsum
604 967 664 1030 quid
674 980 749 1017 causae
763 969 870 1019 secunda
887 967 940 1018 ordi·

143 1041 226 1087 uantur
242 1038 270 1088 ad
285 1036 448 1088 deleuuinatos
464 1039 571 1102 eiectus,
582 1042 618 1089 est
631 1037 676 1089 illis
688 1037 701 1088 'a
714 1039 769 1089 lleo.
786 1039 852 1090 Unde
869 1040 940 1098 Deus,

142 1109 196 1171 quia
214 1108 270 1158 alias
292 1122 372 1159 causas
397 1109 487 1160 ordinat
505 1111 534 1159 ad
556 1108 717 1160 determinatos
740 1109 849 1174 effeetus,
870 1113 942 1176 poteo

141 1177 210 1228 etiam
223 1180 385 1231 determinatos
398 1181 494 1232 eiiectus
511 1181 633 1245 producere
649 1195 691 1245 per
704 1181 805 1246 seipsum
826 1182 876 1234 sine
890 1195 941 1246 quo

142 1267 239 1318 Ollllqlle.
978 1285 979 1332 q

440 1364 600 1416 ARTICULUS
616 1366 646 1416 11.

186 1489 271 1534 Utrim
281 1489 346 1534 Deras
358 1489 431 1548 posuit
446 1489 583 1534 tancredici&
597 1501 689 1534 movere
698 1490 796 1548 utiquaod
811 1505 907 1552 conpara.

174 1613 207 1665 Ad
224 1617 349 1666 secundum
369 1616 402 1666 sic
416 1606 545 1684 proceditur
563 1615 608 1682 (l).
626 1616 720 1674 Videtur
735 1617 797 1682 quid
819 1621 882 1672 lleus
903 1637 943 1672 nou

141 1686 213 1750 possit
226 1686 357 1737 immediate
368 1701 459 1737 movere
470 1687 561 1750 aliquod
574 1702 663 1752 corpus.
677 1687 734 1739 cum
745 1689 807 1742 enim
817 1705 916 1758 mouens
925 1697 944 1743 et

143 1760 230 1807 motum
249 1762 353 1822 oporteat
374 1771 425 1809 esse
448 1757 531 1824 simul,
552 1762 578 1808 ut
594 1760 740 1823 probatorio
764 1763 813 1812 vll.
832 1765 943 1828 Phpeie„

143 1831 232 1891 eportet
248 1840 301 1878 esse
312 1832 442 1879 contectum
454 1829 574 1893 quemdam
590 1831 703 1881 moventis
719 1834 742 1882 et
757 1833 822 1884 moti.
839 1837 887 1886 Sed
903 1851 944 1886 nou

141 1901 279 1961 potestesse
292 1905 409 1950 contactus
421 1900 462 1951 llei
474 1904 497 1953 et
511 1901 612 1964 corporis
626 1902 737 1966 aliculam
749 1904 807 1955 dicit
816 1906 881 1957 enim
895 1909 945 1958 [tio-

141 1969 221 2034 nqsius
236 1969 260 2021 in
276 1973 294 2020 l.
311 1986 363 2037 cap.
382 1973 482 2021 Dedie.
496 1973 581 2028 Nom„
597 1971 658 2035 quod
673 1974 737 2024 ullei
751 1987 797 2024 non
816 1981 853 2027 est
866 1979 945 2042 aliquis

140 2044 223 2092 tactus.
243 2059 257 2089 r
276 2043 336 2109 Ergo
354 2045 414 2094 heus
435 2057 481 2093 non
497 2047 573 2108 potest
588 2043 718 2096 immediate
738 2061 832 2100 movere
856 2047 945 2116 aliquod

142 2125 234 2178 corpus.

173 2190 196 2235 s.
213 2187 340 2251 Praeterea,
354 2187 414 2236 Deus
429 2188 465 2236 est
477 2199 571 2237 moveos
585 2199 631 2238 non
646 2191 740 2239 motum.
750 2189 805 2241 Tale
820 2195 899 2244 autem
912 2199 945 2244 est

142 2258 267 2322 appetibile
280 2260 454 2322 apprehensum.
470 2259 545 2308 ldovet
556 2258 625 2322 igitnr
641 2261 701 2312 lteus
716 2261 778 2312 sicut
792 2261 945 2316 desideratum
979 2257 980 2260 ’

142 2329 166 2376 et
184 2331 360 2392 apprehensum.
381 2331 425 2379 Sed
438 2343 483 2379 non
503 2333 682 2394 apprehenditur
703 2332 746 2383 uisi
765 2334 794 2383 ab
811 2333 943 2400 intellectu,

142 2397 181 2461 qai
195 2412 241 2449 non
254 2403 288 2450 est
302 2415 384 2465 eorpus
399 2415 441 2450 nec
453 2401 526 2450 virtus
539 2403 651 2466 corporis.
665 2405 724 2468 Ergo
738 2406 798 2455 lleus
811 2419 858 2457 uon
870 2413 944 2472 potest

140 2481 232 2520 morere
243 2471 335 2534 aliquod
347 2485 430 2536 corpus
441 2472 581 2524 immediati.

172 2544 195 2588 a.
211 2543 336 2606 meteres,
347 2544 496 2608 Philosophus
511 2545 624 2608 probatio
633 2547 691 2597 Vlll.
704 2547 799 2612 Physie.
814 2549 882 2616 (text.
894 2555 941 2612 79),

140 2610 206 2675 quid·
218 2629 232 2659 o
243 2615 344 2676 potentia
357 2615 447 2665 infinita
461 2620 539 2668 mouet
552 2618 577 2667 in
593 2618 697 2670 instanti.
713 2619 785 2670 »Sed
802 2621 943 2688 impossihile

141 2686 176 2732 est
190 2683 279 2747 aliquod
291 2699 372 2748 corpus
390 2686 414 2735 iu
428 2685 525 2739 instanti
537 2691 624 2740 moveri
633 2707 639 2753 3
649 2690 703 2754 quia
717 2689 769 2740 clim
785 2694 862 2744 ononis
872 2698 943 2744 motus

142 2753 172 2802 sit
182 2751 244 2803 iuter
252 2754 369 2816 opposita,
380 2763 513 2820 sequeretur
524 2759 583 2822 quod
594 2761 639 2812 duo
649 2761 752 2828 opposita
762 2761 830 2814 simul
841 2766 940 2816 inessent

177 2894 210 2957 qr)
224 2899 256 2943 oe
266 2898 381 2946 merram
397 2903 498 2961 opere„
512 2905 545 2963 x,
560 2909 604 2950 eru
618 2905 631 2952 ι
644 2913 668 2952 er
680 2907 704 2953 5.
