1984 3309
123 177 154 227 Μ
308 186 369 224 md
384 186 406 236 i,
422 184 515 229 Qiissfl·
535 186 613 234 dxxv,
630 186 686 224 m.
703 188 729 225 ii.

121 275 223 327 corpore.
248 262 308 326 Ergo
328 262 404 313 ruina
427 262 528 313 bonnus
547 274 594 313 non
617 266 653 314 est
674 262 758 328 niipnid
780 267 919 320 subsistens.

152 334 198 385 Sed
206 338 284 384 oontrn
294 338 343 397 est,
354 333 415 397 qnod
424 333 626 397 communiuit
635 336 665 397 x,
674 334 706 385 de
721 336 789 386 Prin.
803 342 862 403 (erp.
875 340 900 403 t)
913 358 920 391 :

123 424 138 454 e
149 403 256 469 Quisquis
265 404 328 455 ridet
345 404 427 455 mentis
435 409 540 455 numum
551 408 575 455 et
588 412 637 455 sess
651 406 820 471 substantium,
837 414 860 460 et
874 424 923 461 nou
975 418 976 467 i

121 490 171 529 esse
184 488 334 541 corporeum,
344 476 407 527 videt
416 488 457 527 eos
466 474 507 541 qui
519 476 645 540 opinantur
659 488 710 528 eane
722 490 772 529 esse
787 492 924 547 corpoream
975 476 976 531 f

121 550 151 601 ob
164 551 296 599 hocerrore
308 549 369 612 quod
383 549 512 613 ndjungrrnt
525 547 548 599 ei
564 560 591 599 es
604 547 654 599 sine
668 548 749 613 quibus
763 552 850 603 undum
864 568 926 619 pos-

121 623 174 671 sunt
187 619 286 682 cogitare
302 623 414 682 naturum,
427 627 441 665 s
453 620 542 670 scilieet
550 632 670 685 corporum
683 621 823 684 pbnntnsiss.
836 626 926 676 Nature

121 704 178 754 ergo
189 690 273 741 mentis
282 692 387 741 numne
399 704 446 741 non
456 691 529 741 solim
541 694 576 742 est
588 690 721 755 incorporer
728 730 736 756 ‚
747 693 789 743 sed
802 693 874 745 eiiam
887 702 925 748 est

120 763 245 814 substantia
259 767 282 813 et
296 762 383 827 aliquid
395 762 528 814 subsistens.

154 835 346 900 (duranno-
355 834 435 885 inim
450 836 563 897 minens,
579 833 630 883 edm
640 835 671 885 sit
683 834 785 886 omniurn
800 850 927 902 corporum

121 906 283 970 cognosoitivu
294 910 329 957 est
340 906 474 970 incorporee
487 911 511 959 et
530 905 682 971 subsistens.)

152 978 287 1043 Respondes
301 977 437 1041 dicendum,
446 976 507 1041 qnbd
522 990 614 1027 neeesse
630 980 665 1029 est
680 978 757 1029 dicere
771 979 794 1030 id
807 982 870 1045 quod
888 986 927 1033 est

120 1047 256 1113 principium
273 1047 433 1099 intellectualis
452 1047 608 1112 operationis,
625 1048 684 1113 qnod
705 1048 801 1100 dicimus
821 1050 926 1105 animem

120 1120 233 1182 bominis,
244 1133 294 1171 esse
304 1120 419 1184 quoddam
428 1118 566 1184 principium
578 1118 736 1185 incorporeum
752 1124 776 1170 et
786 1122 925 1175 subsistens.

122 1190 266 1243 bieniiostunr
284 1196 320 1241 est
336 1190 398 1241 enin
411 1188 472 1253 quod
486 1191 556 1241 bonno
572 1202 612 1254 per
629 1190 770 1241 intsiieetum
785 1205 927 1256 cognoscere

121 1265 197 1325 potest
213 1265 305 1312 naturas
316 1260 418 1311 omnium
429 1274 557 1323 corporum.
572 1260 637 1321 Quod
647 1265 724 1311 nutem
737 1265 814 1325 potest
826 1274 927 1328 cognos-

121 1345 174 1383 oere
187 1332 275 1397 adque,
285 1335 373 1396 oportet
385 1335 411 1382 nt
423 1330 482 1381 ninii
491 1345 570 1383 eornm
580 1332 664 1382 babent
672 1332 697 1383 in
707 1346 748 1383 sun
762 1337 853 1398 nature,
868 1337 926 1401 qnia

120 1402 177 1454 illud
187 1404 247 1469 qnod
253 1404 339 1455 inesset
347 1404 370 1454 ei
380 1403 513 1453 nntnruiiter
520 1402 640 1468 impediret
649 1404 803 1467 cognitionem
813 1406 925 1474 aliorum3

121 1475 180 1527 siout
189 1476 293 1526 ridemus
303 1474 365 1539 qubd
376 1474 454 1536 dnm
465 1474 551 1525 infirmi
562 1488 613 1539 quae
627 1474 715 1525 iniectu
726 1480 761 1527 ost
773 1477 891 1531 obolerioo
903 1487 929 1533 ot

123 1560 200 1598 omaro
212 1549 319 1609 humore,
331 1560 377 1597 non
391 1548 466 1611 potest
475 1546 594 1611 percipere
604 1546 690 1613 aliquid
703 1546 782 1611 dulce,
793 1549 834 1599 sed
845 1552 928 1604 omniu

121 1616 229 1668 sidentur
244 1616 266 1668 ei
279 1630 363 1667 amam.
377 1616 402 1667 si
420 1615 490 1678 igitur
503 1616 640 1681 principium
653 1617 808 1669 intellectuale
826 1620 929 1675 haberet

120 1683 146 1739 in
159 1702 183 1739 se
196 1691 300 1738 naturum
314 1687 412 1752 alicujus
424 1686 534 1753 corporis,
545 1700 591 1738 non
600 1692 677 1753 posset
690 1690 767 1740 omnia
777 1704 874 1755 corpora
886 1709 928 1746 co·

121 1771 238 1824 gnoscere.
253 1760 325 1809 Omne
338 1762 414 1808 cutem
433 1770 515 1821 corpus
529 1760 599 1809 hebet
616 1760 713 1825 aliquem
727 1765 832 1813 nanuum
846 1766 929 1819 deter—
976 1802 977 1815 .

121 1830 239 1882 meum.
251 1829 390 1895 impossibile
409 1834 444 1880 est
460 1829 531 1893 igitur
545 1830 606 1895 qnbd
622 1831 757 1897 principium
768 1833 928 1890 intellectuale

120 1903 152 1954 sit
166 1916 257 1967 corpus.
269 1903 297 1952 st
312 1901 416 1952 similiter
429 1902 567 1967 impossibiie
582 1907 617 1954 est
631 1902 690 1967 qubd
703 1900 817 1967 intelligat
828 1920 872 1971 per
889 1922 931 1960 or-

121 1986 207 2037 ganum
219 1972 430 2038 corporeumque
443 1972 513 2023 etiarn
523 1978 604 2024 natura
613 1974 761 2025 determinata
770 1974 832 2026 iliius
843 1980 929 2041 organi

121 2044 223 2109 corporei
238 2044 369 2109 prohiberet
387 2044 538 2106 cognitionem
557 2046 659 2096 omniurn
673 2059 808 2111 corporum
824 2048 889 2103 sient
907 2054 928 2103 si

122 2115 202 2179 uliquis
212 2116 375 2166 determinatus
388 2116 448 2166 color
461 2116 547 2168 sitnon
560 2116 632 2167 solim
646 2118 671 2166 in
683 2117 782 2182 pupilis,
796 2120 838 2169 sed
852 2121 926 2173 etiam

122 2186 146 2235 in
157 2201 211 2239 vase
221 2188 307 2250 vitreo,
321 2187 395 2252 liquor
412 2186 502 2239 ininsns
516 2188 618 2253 ejusdem
637 2189 718 2239 eoloris
728 2188 827 2240 ridetur.
845 2193 926 2257 ipsum

121 2258 192 2323 igitur
202 2259 355 2309 intellectuale
374 2258 527 2323 principium,
541 2260 601 2323 qnod
619 2258 700 2310 dicitnr
714 2274 782 2309 merso
795 2260 832 2311 vel
848 2265 927 2314 intel-

120 2329 208 2394 lectus,
219 2332 289 2381 bubet
296 2330 451 2397 operationem
461 2343 504 2395 per
513 2343 548 2394 se,
559 2331 597 2388 cni
610 2344 657 2381 nou
665 2332 817 2382 communiunt
828 2346 927 2399 corpus.

121 2401 183 2453 idbil
198 2407 274 2453 autem
290 2405 363 2467 potest
379 2415 419 2465 per
435 2414 460 2452 se
473 2402 563 2465 operari
575 2402 619 2453 nisi
633 2402 694 2468 cprod
713 2416 755 2467 per
765 2416 790 2453 se
805 2405 926 2471 subsistit3

122 2485 169 2523 non
182 2474 245 2524 enim
257 2478 292 2525 est
300 2472 390 2537 operari
400 2472 444 2522 nisi
458 2473 519 2522 entis
529 2472 554 2522 in
565 2478 619 2523 actu
630 2492 636 2521 ι
649 2474 709 2524 unde
719 2474 824 2525 eomodo
836 2477 928 2541 aliquid

123 2550 230 2609 operatur
245 2558 290 2609 quo
302 2548 351 2605 est;
361 2548 453 2607 propter
467 2545 527 2608 qnod
541 2558 587 2595 nou
602 2545 698 2597 dicimus
710 2546 771 2610 qcrdd
783 2547 845 2600 caios
862 2550 928 2602 cnie-

123 2615 192 2675 icoit‚
203 2618 244 2668 sod
254 2616 361 2667 calidum.
370 2614 512 2679 Relinquitur
523 2616 594 2679 igitur
606 2616 705 2667 animm
718 2618 843 2667 humanum
848 2656 858 2682 ,
868 2634 926 2685 qum

122 2686 204 2737 dicitnr
224 2687 365 2737 intellectus
382 2686 420 2735 rei
442 2701 522 2750 nens,
541 2700 591 2738 esse
609 2688 694 2754 aliquid
712 2686 877 2753 incorporeum
904 2698 930 2745 et

123 2758 258 2809 subsistens.

155 2831 188 2880 sd
204 2829 303 2893 primum
323 2840 380 2891 ergo
394 2827 530 2891 dicendum,
548 2828 608 2893 quod
629 2828 689 2895 (doc
708 2829 826 2895 aliquid)
849 2836 929 2895 possse

125 2900 199 2966 nocipi
210 2900 348 2967 dupliciter:
364 2912 410 2951 nno
424 2898 493 2952 modo
503 2912 545 2963 pro
557 2910 699 2965 quorumque
713 2900 867 2968 subsistente3
883 2905 931 2957 nito
