1984 3309
148 174 197 221 m
332 185 394 222 enne
409 187 432 232 r,
444 186 536 230 nonar.
552 184 638 231 intr,
652 186 707 225 aar.
725 184 769 223 xrr.

181 260 316 323 Respondes
325 259 454 322 decadum,
462 260 524 324 qudd
537 261 668 326 synderesis
681 266 774 311 nonest
787 262 904 327 potentia,
915 264 962 314 sed

150 330 419 395 nabitus31icdtquidam
430 334 551 397 posuerint
561 332 702 399 synderesim
717 347 767 384 esse
779 336 960 401 quamdamfpo

150 402 246 451 lentiam
256 402 343 452 ratione
355 404 471 467 altiorem,
482 402 576 467 quidam
584 419 639 455 rero
651 404 749 454 dixerint
760 418 812 455 eam
823 420 874 457 esse
884 408 963 472 ipsam

151 473 278 533 rationem,
296 486 342 525 nou
361 479 386 525 ut
402 479 437 525 est
456 474 528 539 ratio,
539 476 578 525 scd
595 479 621 525 ut
638 480 727 525 natura.
742 478 777 527 dd
792 476 866 543 huy'us
883 486 962 532 autern

153 545 291 595 euidentiam
310 546 496 597 considerandum
518 552 566 608 est,
582 548 642 611 quod
658 546 716 597 sicut
734 562 804 613 snpra
823 552 910 603 dictum
929 559 964 604 est

155 618 207 682 (art.
223 621 257 679 8),
272 617 414 667 ratiocinatio
426 618 534 681 hominis,
551 617 602 668 cinn
619 619 649 669 sil
659 620 749 683 quidam
769 624 860 686 motus,
871 639 966 690 pregre

154 689 216 739 ditur
238 689 266 739 ab
284 689 401 740 intellectu
417 691 558 754 aliquorum,
576 691 664 741 scilicet
682 693 818 744 naturaliter
839 702 965 763 uotorum,

154 761 238 824 absque
253 761 537 825 investigationemtionis
545 800 553 827 ‚
569 762 627 813 sicud
641 762 764 827 aquodam
781 766 901 831 principio
922 772 967 821 im-

154 833 245 896 mondi;
260 839 284 883 et
297 835 326 884 ad
337 833 478 884 intellectum
491 834 560 884 etiam
571 835 721 899 terminatur,
736 836 761 885 in
774 844 891 901 qnantum
900 842 966 907 jndi-

153 918 231 955 camus
243 919 284 969 per
298 905 410 970 principia
419 920 460 970 per
473 919 497 957 se
513 906 645 959 naturaliter
656 914 722 971 nota,
733 909 761 958 de
780 909 818 959 liis
833 926 888 975 quae
897 918 968 967 ratio

153 975 250 1026 einardo
260 976 523 1036 inr·eniuntur.‚Coustat
531 981 607 1029 autem
617 979 677 1041 quod
688 978 745 1029 sicut
753 980 812 1031 ratio
819 988 970 1046 speculativa

154 1046 300 1099 ratiocinatur
314 1049 341 1098 dc
357 1048 518 1114 speculativis,
530 1049 563 1099 ita
576 1049 634 1101 ratio
651 1049 749 1115 practica
765 1052 926 1109 ratiocinatur
942 1060 968 1109 de

153 1119 315 1183 operahilibus.
330 1121 424 1183 Oportet
434 1120 506 1183 igitur
520 1120 652 1170 naturaiiter
664 1121 729 1171 uobis
739 1135 789 1173 esse
802 1123 901 1193 indita,
911 1131 969 1181 sicut

154 1189 266 1254 principia
285 1190 472 1255 speculabilimn,
485 1192 515 1241 ila
530 1196 553 1255 el
568 1192 683 1257 principia
701 1194 863 1263 operauilium.
886 1204 966 1255 Primo

153 1265 228 1311 autem
251 1262 363 1327 principia
380 1264 552 1327 speculabilinm
572 1264 637 1316 uoltis
654 1266 789 1317 naturaliter
806 1269 907 1339 indita,
923 1291 968 1327 nou

154 1333 270 1396 pertinent
281 1336 311 1385 ad
325 1335 425 1402 adquam
441 1334 563 1399 specialem
577 1337 715 1402 potentiam,
735 1340 776 1389 sed
794 1343 824 1391 ad
839 1350 967 1407 quemdam

154 1405 276 1468 specialem
290 1406 401 1469 habitum,
416 1407 455 1471 qui
468 1407 550 1457 dicitur
565 1408 706 1479 z'nielieetus
717 1415 920 1477 principiorum
927 1460 936 1485 ,
948 1426 970 1471 ut

155 1481 218 1539 patet
230 1477 254 1526 in
268 1479 306 1528 Vl.
323 1477 406 1531 Erdie.
418 1479 426 1542 (
437 1492 489 1541 cap.
507 1478 548 1542 6).
564 1479 628 1530 Unde
642 1484 664 1531 et
677 1480 792 1547 principia
807 1492 967 1550 operabifium

155 1549 223 1599 notu
239 1550 371 1602 naturaliter
394 1548 478 1614 indita,
492 1562 539 1600 non
558 1551 674 1615 pertinent
692 1555 720 1604 ad
736 1555 865 1619 specialem
888 1571 972 1627 poten-

157 1621 225 1684 tian,
248 1622 289 1672 sed
307 1622 335 1671 ad
354 1619 477 1683 specialem
496 1622 600 1679 hairicum
617 1624 757 1690 naturalem,
773 1642 846 1691 quem
871 1634 971 1687 dicimus

155 1692 322 1752 coniecerim.
335 1692 398 1742 Unde
407 1695 431 1742 et
444 1693 573 1756 synderesis
582 1694 665 1746 dicitur
676 1713 690 1744 n
702 1696 811 1761 instigare
822 1704 856 1754 ad
872 1707 971 1769 bonum,

157 1767 180 1813 et
199 1778 338 1827 murmurare
354 1766 382 1815 de
400 1764 471 1827 malo;
490 1782 504 1811 a
523 1766 673 1831 inquantum
693 1784 735 1835 per
754 1772 830 1835 prima
853 1780 972 1847 principia

157 1834 301 1899 procedimus
313 1838 341 1885 ad
355 1834 531 1899 inveniendum,
542 1843 565 1889 et
571 1840 699 1903 judicamus
713 1842 816 1895 inventa.
832 1849 909 1903 Patet
918 1868 972 1917 ergo

158 1905 218 1967 quod
233 1906 361 1971 synderesis
375 1920 422 1957 uon
436 1912 471 1958 est
484 1911 603 1975 putentia,
618 1913 657 1961 sed
671 1914 763 1964 habitus
775 1920 906 1975 naturalis,

189 1974 222 2025 dd
235 1976 333 2040 primum
344 1992 398 2042 ergo
412 1978 547 2046 dicendum,
560 1980 619 2046 qudd
630 1984 669 2033 illa
681 1984 762 2037 divisio
775 1987 922 2058 Hieronymi
940 1997 975 2062 (d)

158 2048 283 2105 attenditur
295 2052 421 2101 secundum
437 2052 592 2105 diversitatem
607 2060 697 2107 actuum
705 2093 713 2121 ,
727 2071 775 2127 non
785 2066 925 2117 secundum
943 2068 976 2119 di-

158 2121 287 2171 versitatem
297 2122 460 2187 potentiarum.
468 2126 558 2177 diversi
567 2130 643 2180 autem
652 2132 718 2179 actus
729 2137 825 2195 possunt
835 2148 894 2191 esse
908 2142 976 2192 unius

189 2191 276 2243 tentiae.
797 2240 808 2249 ,.

158 2206 222 2314 podd
235 2266 360 2315 secuudum
371 2265 501 2331 dicendum,
512 2268 573 2333 qudd
584 2269 695 2335 oppositio
707 2276 868 2331 sensualitatis
879 2289 908 2335 et
921 2299 975 2349 syn·

159 2332 243 2385 deresis
258 2336 379 2386 attenditur
395 2340 520 2389 secuudum
535 2341 702 2405 oppositionem
718 2350 825 2410 actuum,
841 2365 896 2404 non
918 2357 976 2407 sient

159 2405 297 2455 diuersarum
312 2402 439 2470 specierum
451 2412 519 2462 nnius
533 2415 630 2477 generis.

191 2478 223 2527 nd
242 2478 333 2529 tertium
347 2480 482 2546 dicendum,
497 2484 558 2547 qndd
568 2486 701 2549 hujusmodi
715 2488 926 2551 incommutabiles
940 2512 975 2551 ra·

160 2546 234 2598 tiones
242 2553 294 2598 sunl
303 2551 376 2613 prima
383 2552 495 2619 principia
502 2556 659 2621 operabilinm,
667 2558 727 2609 circa
736 2574 786 2623 qua
793 2573 973 2635 noncontingit

160 2629 234 2671 errare
245 2660 252 2684 ‚
263 2627 286 2680 et
299 2623 454 2697 altribuuntnr
468 2629 569 2679 rationi
582 2628 640 2679 sicut
653 2633 775 2695 polentiae,
789 2638 812 2685 et
833 2644 975 2703 syndonem·

196 2774 226 2837 (1)
237 2780 281 2824 Vel
289 2790 367 2823 eorum
378 2794 406 2825 ex
416 2795 512 2838 quornm
521 2796 589 2829 sensu
600 2785 662 2831 illam
674 2789 757 2842 relert;
769 2791 811 2835 etsi
826 2800 878 2843 tres
890 2804 973 2859 prima

159 2847 238 2897 partes
251 2841 369 2887 divisionis
387 2842 477 2904 (nempe
493 2847 630 2899 rationale,
645 2854 870 2910 concupiscitivum
884 2897 895 2913 ,
910 2868 974 2911 cm.

162 2902 271 2965 eitioum)
290 2906 397 2961 potentiae
410 2908 463 2953 sint.
