1984 3309
144 134 191 181 ηδ
280 142 356 181 ram
372 140 499 190 amnon,
514 138 607 184 onan.
624 139 699 188 nur,
713 140 770 177 aar.
788 142 806 177 a.

175 220 220 271 Sed
235 219 483 283 contra,rlirersarnn1
500 217 655 280 potenbarun
671 220 737 266 actus
750 221 806 267 sunt
822 217 896 281 spade
912 219 943 266 di·
974 241 976 284 3

144 293 222 355 uersi,
233 292 293 343 sicut
309 292 384 342 nidero
403 294 427 340 et
444 289 529 340 audire
542 289 588 339 Sco
601 287 721 339 irascibilis
732 293 756 338 el
768 290 944 354 wncupiscibil'n

145 366 200 414 sunl
224 364 275 414 due
291 362 398 426 potentie
418 360 546 411 dividentes
562 359 688 424 appetitum
708 359 864 423 sensitivam,
882 366 907 409 nt
922 363 944 410 in

145 434 219 499 primo
232 434 317 485 baum
329 437 364 483 est
378 434 436 496 (qu.
453 435 493 493 ill,
507 435 549 481 nrt.
559 431 599 495 2).
614 432 684 493 Ergo,
700 444 755 479 cnm
769 432 890 495 passiones
903 434 946 482 sint
974 427 976 480 i

147 512 223 559 motus
231 507 345 572 appetitus
355 505 471 568 sensitiri,
484 509 510 553 ut
519 516 588 568 snpra
599 504 687 553 aliatum
695 507 732 553 ost
743 504 794 567 (qu.
806 508 848 565 aa,
857 510 901 555 art
914 507 936 569 a)
974 527 976 586 i

147 579 264 642 passiones
276 591 326 640 qne
336 580 390 626 sunt
402 577 427 626 in
436 575 558 638 irascibili,
569 577 636 625 erunt
646 574 698 625 aliae
707 576 836 625 aecnndurn
850 578 945 641 speeiem
974 591 976 606 ·

146 649 160 699 l
174 648 379 713 passionibusque
396 650 449 697 sunt
463 648 487 696 in
501 645 679 710 concupiscibili.
974 667 976 712 i

177 720 336 783 (Concwsm.
355 746 385 757 -
402 720 465 769 Sicut
485 718 605 768 irascibilis
620 717 725 781 menia
738 721 762 767 et
781 721 888 782 potentis
899 736 947 771 con·
974 715 976 816 i

146 790 284 855 arpisoibilis
296 790 374 855 specie
386 790 504 852 differunt,
513 789 545 838 ita
556 801 637 839 ournes
644 789 765 852 passiones
775 790 805 838 ad
815 790 947 842 bascibilen
974 821 976 826 ·

147 862 272 943 attinentes
281 862 388 913 dillerunt
399 861 473 925 specie
486 860 652 924 lpasaionibus
663 870 715 924 qne
726 865 784 910 snut
792 860 818 911 in
832 865 948 927 eoncupis-
974 849 976 972 l

180 1005 315 1070 {lemniae
328 1004 460 1061 dicendum,
471 1003 531 1067 qnod
542 1003 662 1066 passiones
673 1016 726 1065 qne
739 1009 796 1053 sunt
809 1006 835 1054 in
845 1006 947 1057 irascibili
974 999 976 1044 ἓ

149 1081 173 1127 et
185 1077 208 1127 in
224 1075 409 1141 concupiscibili,
422 1075 530 1125 differunt
541 1073 625 1139 specie.
646 1076 705 1125 cum
717 1074 782 1125 enim
797 1077 895 1128 diversa
911 1092 947 1141 po·

148 1148 226 1198 tentie
236 1146 334 1198 babeant
344 1146 434 1198 diversa
445 1146 550 1209 objecta,
560 1145 618 1194 utin
625 1144 702 1208 primo
708 1146 797 1195 uicum
808 1152 845 1198 est
853 1149 902 1213 (qn.
912 1153 945 1206 ii,
974 1183 976 1216 Ι

149 1220 192 1269 art.
206 1218 241 1283 a),
251 1232 346 1269 maesse
356 1221 394 1269 est
404 1218 463 1282 qnod
473 1216 590 1281 passiones
604 1216 747 1267 diversam
756 1221 914 1282 potaremur
925 1223 947 1268 ai
974 1219 976 1266 l

149 1290 238 1341 diversa
252 1292 340 1355 objecta
349 1290 473 1341 relerantur
486 1304 492 1338 :
505 1288 566 1338 unde
576 1287 647 1337 multo
657 1288 733 1351 magis
741 1290 868 1352 passiones
881 1293 947 1341 direr-
974 1275 976 1358 ξ

149 1374 225 1412 aarum
233 1362 385 1427 mennatum
397 1360 472 1425 speeie
483 1361 599 1411 diliemnt.
612 1359 684 1423 Major
694 1360 760 1409 eninr
770 1362 900 1413 differentia
910 1364 947 1411 ob
974 1361 976 1406 ἑ

149 1432 205 1497 jacti
216 1433 337 1497 requiritur
345 1434 374 1485 acl
385 1432 581 1484 biersiiicnnlam
593 1431 694 1495 speciem
705 1434 865 1495 potentiarum
874 1474 881 1497 ,
890 1448 947 1498 quan
974 1447 976 1450 ·

151 1506 180 1555 acl
194 1505 388 1557 diversificandam
399 1504 496 1569 speciem
508 1504 641 1567 passionum
652 1503 691 1553 vel
700 1507 804 1554 nemum.
815 1506 881 1555 Sicut
894 1507 947 1555 enin

151 1576 177 1625 in
191 1577 331 1628 natnalibus
344 1576 463 1627 diuersitas
474 1575 566 1638 generis
579 1574 724 1637 consopitur
742 1574 901 1628 &venialem
915 1590 949 1640 po
974 1593 976 1596 ·

151 1647 230 1697 tenlie
243 1646 359 1709 materie,
372 1647 490 1697 diversitas
506 1649 582 1697 autern
598 1644 685 1709 speciei
699 1646 861 1699 diversitatem
880 1651 948 1700 forne
974 1631 976 1682 ἶ

153 1716 177 1767 in
186 1718 265 1767 eadem
276 1718 384 1783 materia3
396 1718 429 1769 ite
442 1718 468 1767 in
482 1717 570 1767 aclibus
579 1716 672 1779 wirne,
682 1721 749 1767 actus
761 1719 791 1768 ad
803 1720 948 1785 diuersaspo
974 1717 976 1778 f

153 1788 237 1839 tentius
250 1788 391 1852 perb'nentes
397 1827 406 1853 ,
416 1792 469 1841 sunt
482 1803 530 1839 uon
540 1789 614 1841 solnm
626 1787 718 1851 specie,
727 1790 770 1839 secl
783 1791 855 1840 etiarn
875 1805 948 1854 genere
974 1789 976 1846 i

152 1859 245 1911 diversi.
260 1864 329 1911 belus
339 1866 414 1913 onero
424 1862 462 1912 vel
473 1860 592 1925 passiones
607 1860 757 1923 respicientes
768 1862 947 1928 bremobjecla
974 1855 976 1886 ³

47 1988 54 1997 ,
153 1931 260 1997 specialia
276 1934 439 1996 comprehensa
452 1932 494 1983 snb
506 1945 552 1982 uno
569 1932 684 1982 wmmnni
695 1932 788 1996 objecto
799 1935 869 1986 unios
878 1941 949 2000 poten-
974 1983 976 1990 ,

155 2003 207 2067 iia,
220 2002 328 2055 diilernnt
345 2004 403 2054 sient
423 2005 512 2067 speeies
528 2004 590 2054 illius
604 2003 704 2067 generis.
720 2004 756 2053 bil
772 2008 947 2069 cognoscendum
974 2011 976 2064 l

154 2087 209 2138 ergo
222 2088 272 2139 qne
286 2074 405 2139 passiones
415 2074 495 2125 sintin
505 2073 628 2135 irascibili,
641 2077 665 2123 et
675 2088 727 2137 qne
739 2075 766 2123 in
775 2077 946 2140 concupiscibili,
974 2075 976 2100 ²

155 2148 243 2210 oportet
264 2158 378 2197 assumere
401 2146 516 2211 objectum
535 2145 652 2209 utriusque
669 2144 790 2209 potentie.
818 2148 907 2198 Dictum
921 2153 948 2197 es
974 2185 976 2198 .

155 2220 232 2267 autern
246 2218 287 2283 (in
300 2218 319 2282 1,
334 2232 373 2282 qn,
388 2221 427 2281 ol,
440 2220 482 2267 art.
496 2216 536 2281 1),
549 2218 609 2280 qnod
619 2216 735 2279 obiectum
745 2220 862 2281 potentie
876 2234 947 2271 concn-
974 2221 976 2282 ξ

156 2287 266 2352 piscibilis
281 2293 316 2339 est
334 2288 425 2339 bonam
440 2280 478 2340 vel
496 2288 595 2338 molum
609 2287 719 2339 sensibile
730 2288 869 2353 simpliciter
882 2306 948 2353 accep
974 2289 976 2324 ἕ

155 2362 202 2411 tuin
209 2398 216 2424 ,
229 2362 288 2423 quod
298 2364 333 2411 est
347 2361 481 2412 delectabile
491 2362 529 2411 rel
544 2359 680 2411 dolorosum.
695 2360 739 2411 Sed
749 2363 805 2425 qnia
817 2378 909 2415 neeesse
920 2368 946 2413 esi

155 2431 215 2496 quod
234 2431 347 2483 interdum
364 2432 440 2483 anima
462 2432 620 2482 difficultatem
633 2431 671 2481 iel
691 2446 795 2496 pugnarn
817 2436 913 2499 patiatur
928 2436 945 2482 in
974 2463 976 2478 2

154 2501 300 2567 adipiscendo
317 2504 407 2567 albuco
425 2502 557 2569 hujusmodi
573 2504 673 2566 bonnm,
689 2504 728 2553 nel
745 2504 859 2569 fugiendo
872 2507 946 2569 abquoi
974 2483 976 2548 i

156 2573 286 2637 hujusmodi
298 2573 395 2637 malurn,
408 2574 431 2623 in
446 2577 556 2637 qnantum
569 2575 613 2623 hoc
624 2578 658 2625 est
668 2577 839 2637 quodammodo
847 2580 946 2629 elevatnn
974 2573 976 2628 !

156 2658 225 2708 supra
238 2644 327 2694 facilem
338 2649 472 2708 potestatem
482 2645 598 2710 animalis3
609 2646 661 2696 ideo
669 2647 745 2711 ipsum
755 2648 849 2700 bonum
859 2651 895 2701 rel
906 2665 947 2697 ilin-
974 2647 976 2698 i

157 2714 229 2777 luni,
244 2715 366 2765 secundum
382 2718 442 2779 qnod
459 2719 528 2769 babet
539 2717 650 2769 rationem
665 2720 731 2768 ardui
745 2721 784 2771 vel
797 2722 909 2784 difficilis,
920 2726 946 2770 est
974 2715 976 2782 i

158 2785 270 2845 objectum
293 2784 418 2835 irascibilis.
440 2788 594 2853 Quacumque
615 2803 668 2853 ergo
692 2790 816 2853 passiones
838 2793 947 2859 respiciunt
974 2805 976 2808 ·

160 2853 261 2904 absolute
275 2854 366 2905 bonum
381 2858 418 2907 vel
430 2858 544 2921 malum,
559 2862 676 2925 peninon
693 2863 723 2914 ud
740 2866 945 2931 concupiscibilia,
