1984 3309
200 211 232 250 D!
247 209 351 250 mimi!
365 209 514 250 monitis
529 210 671 250 mrim.
789 203 835 250 601

34 286 140 339 intentos.
155 287 300 338 Manifestum
313 291 435 340 celantem
450 287 510 354 quiid
523 288 638 340 cerebrum
654 287 837 340 humidissimnm

34 364 67 408 est
84 359 190 410 omniurn
203 359 308 424 *partiam
326 359 439 423 corporis,
460 363 486 409 ut
505 360 635 410 adstotdes
652 358 715 410 dicit.
737 360 765 410 lit
786 359 838 410 ideo

35 429 132 481 maxime
139 430 261 496 subjicitur
271 431 397 496 operationi
405 432 571 496 lnnae,qncex
580 431 617 482 sui
625 431 762 498 proprietate
769 431 839 482 habet

34 516 123 554 movere
142 504 273 553 lrurnorem.
293 504 319 552 ln
336 503 429 554 cerebro
445 507 522 556 autem
544 502 691 568 perficiuntur
709 503 770 554 vires
790 503 838 554 ani-

35 575 117 636 males3
137 577 161 624 et
180 573 232 624 ideo
253 575 381 636 demones,
395 574 519 625 secundium
539 578 601 626 certa
623 579 744 640 augmenta
759 575 836 640 lunae,

34 645 168 707 perturbant·
177 645 278 696 hominis
288 645 442 710 phantasiam,
455 646 545 710 quando
558 646 703 698 considerant
715 646 835 697 cerebrum

35 719 59 766 ad
73 719 118 768 hoc
128 717 336 782 csse'dispositum.

63 789 97 838 ald
111 790 240 840 secundnm
254 789 389 850 dicendum,
406 788 466 854 qndd
480 791 596 842 demones
611 789 713 843 aduocati
730 789 754 840 in
771 790 840 853 certis

35 861 245 912 consulationitrs
258 865 350 926 propter
368 859 411 912 duo
425 863 530 912 ueniunt.
543 861 621 912 Pdmd
634 861 740 926 quidem,
755 866 781 911 nt
795 863 838 912 ho·

34 935 105 985 mines
115 933 142 984 in
153 935 216 984 hunc
225 946 324 984 errorem
337 931 457 996 inducant,
467 933 529 1000 quod
543 935 636 985 credant
649 933 740 998 aliqrmd
751 947 838 985 numen

34 1018 81 1056 esse
102 1005 128 1055 in
142 1004 227 1056 stellis.
246 1003 366 1066 Secundo,
381 1006 433 1068 qnia
451 1005 594 1056 considerant
608 1003 731 1056 secundnm
751 1006 838 1072 aliquas

34 1081 104 1128 certas
116 1076 304 1128 constellationes
319 1077 435 1128 materiam
449 1078 589 1142 corporalem
601 1077 674 1142 magis
693 1090 743 1129 esse
758 1078 837 1144 dispo-

34 1148 98 1198 sitam
111 1149 144 1198 ad
156 1147 251 1200 effectus
265 1161 306 1214 pro
322 1147 402 1212 quibus
415 1149 562 1200 advocantur,
741 1211 744 1218 Ι

63 1220 97 1270 ld
106 1219 200 1270 terium
211 1217 342 1281 dicendum,
355 1219 416 1286 qnod
429 1218 487 1269 sicum
499 1219 638 1284 angustinus
649 1219 713 1281 dicit,
724 1219 785 1276 xxi.
799 1219 838 1271 De

35 1292 110 1342 Civit.
123 1291 173 1340 Dei
185 1291 252 1356 (cap.
270 1289 315 1355 6),
332 1289 469 1342 «demones
484 1289 614 1342 alliciuntur
623 1305 665 1355 per
678 1290 742 1340 varia
753 1303 838 1354 genera

35 1363 133 1426 lapidum
141 1401 148 1424 ‚
157 1362 294 1425 herbarum,
307 1361 434 1427 lignorum,
445 1361 590 1425 animalium,
598 1361 733 1423 carminum,
742 1362 836 1425 rituum,

36 1449 78 1486 uon
94 1441 122 1488 ut
136 1433 245 1487 animalia
262 1435 332 1496 cilis,
353 1437 393 1486 sed
407 1438 433 1484 ut
449 1435 541 1502 spiritus
556 1433 641 1498 signis3
658 1449 672 1481 a
686 1433 711 1482 iu
728 1437 839 1498 quantum

36 1508 118 1560 scilicet
138 1509 189 1558 linc
207 1504 241 1558 eis
262 1505 396 1558 uhihentur
414 1507 544 1572 insignum
562 1504 634 1557 divini
648 1504 754 1569 honoris,
772 1506 839 1569 cnjus

38 1580 76 1642 ipsi
93 1583 151 1632 sunt
163 1577 251 1644 cupidi.
832 1577 836 1584 “

331 1695 492 1748 saliculos
505 1696 545 1746 vl.

63 1823 151 1872 Utrum
167 1834 267 1885 corporo
281 1821 384 1868 caelestia
398 1821 523 1878 imponant
534 1820 695 1869 amasinum
709 1820 747 1866 tuta
760 1831 812 1878 quo

267 1897 349 1930 eoram
363 1885 450 1928 actioni
468 1881 611 1930 enodantur.

67 2015 99 2065 dd
109 2017 203 2066 sextum
214 2011 248 2064 sic
256 2011 384 2077 proceditur
398 2009 438 2076 (l).
453 2009 547 2060 Videtur
557 2007 617 2073 qnod
630 2020 726 2072 corpora
736 2006 839 2059 coelestia

38 2087 155 2150 imponant
167 2083 327 2136 necessitatem
339 2082 367 2132 iis
377 2096 426 2146 quaa
437 2094 515 2132 eorum
524 2079 608 2130 actioni
617 2079 753 2128 subduntur.
764 2077 839 2127 Causa

39 2159 95 2207 erim
105 2154 232 2208 snidcienti
244 2155 330 2222 posita,
343 2167 436 2206 neeesse
448 2155 483 2202 est
496 2151 603 2202 ellectum
614 2149 677 2217 poni.
688 2148 732 2198 Sed
745 2159 839 2212 corpora

39 2229 137 2280 colestia
156 2231 212 2278 sunt
226 2227 342 2278 sufficiens
358 2234 425 2275 causa
442 2236 535 2274 suorum
550 2221 680 2272 effectuum.
700 2219 757 2270 Cium
769 2217 841 2282 igitur

40 2313 130 2364 corpora
144 2297 246 2350 ecelesia
260 2312 312 2348 curn
325 2297 373 2348 suis
384 2295 485 2346 motibus
499 2295 523 2344 et
534 2291 720 2356 dispositionibus
727 2294 842 2356 ponantur

41 2370 94 2421 sicot
106 2385 138 2422 ex
147 2370 285 2422 necessitate
300 2369 370 2434 entia,
382 2367 473 2419 ridetur
487 2364 547 2431 quod
559 2365 653 2416 edoctus
666 2375 744 2414 eornm
757 2375 787 2412 ex
800 2375 841 2414 ne

42 2444 145 2494 cessitate
161 2446 338 2505 consequantur.

68 2519 90 2562 a.
106 2515 235 2574 studeam,
248 2511 442 2575 coronamentis
454 2523 482 2560 ex
499 2508 634 2562 necessitate
649 2505 782 2571 sequitnrin
793 2517 842 2565 ma-

42 2585 101 2648 teria,
112 2585 207 2652 quraado
219 2584 387 2648 acusagorus
401 2586 463 2633 lanta
475 2581 559 2647 luerit,
572 2579 632 2645 quod
648 2578 723 2644 possit
734 2577 777 2628 sibi
787 2578 841 2627 sub-

42 2657 108 2717 jicere
122 2661 196 2710 totam
210 2657 337 2708 materiam.
348 2657 392 2708 Sed
404 2659 451 2706 tota
468 2653 562 2705 materia
576 2651 709 2703 inleriorum
722 2663 841 2716 corporum

72 2821 102 2886 (l)
118 2823 200 2872 Dehis
213 2823 284 2870 etiam
299 2821 389 2870 Contra
400 2821 480 2870 Geat,
493 2819 537 2866 lib.
547 2819 595 2878 111,
604 2828 657 2874 cap.
668 2815 712 2872 863
726 2820 750 2861 et
761 2827 801 2870 qn.
816 2810 841 2872 d,

46 2885 69 2929 de
83 2890 166 2948 verit,
180 2892 226 2936 art,
243 2885 272 2932 lt
287 2885 315 2931 ud
330 2885 358 2939 ³;
373 2889 397 2930 et
409 2898 449 2944 qu.
462 2883 486 2942 5,
502 2886 546 2928 art.
562 2879 617 2927 5ad
631 2879 642 2926 i
651 2898 658 2936 ;
671 2885 695 2925 et
707 2891 747 2935 qu.
761 2874 802 2937 16,
813 2873 843 2924 dta

47 2950 198 3012 maiman-'1
214 2949 242 2996 ad
258 2947 297 2994 lt.

690 3035 733 3083 lt'
