1984 3309
131 147 177 196 ret
318 153 378 188 runs
395 151 416 198 1,
433 146 527 193 ooosr.
544 144 630 189 nxrrx,
646 145 701 183 nur.
720 147 744 185 v.

131 238 245 298 agmen.
259 232 318 292 Ergo
334 226 478 277 conueniunt
497 234 577 273 omnes
598 222 623 271 in
642 234 689 272 nno
708 222 828 273 intellectu
848 228 944 289 ugente.

162 305 206 355 Sed
219 306 297 354 contra
313 303 362 361 est,
377 298 438 362 qnod
452 296 605 360 Philosophus
618 294 675 345 dicit
686 294 710 343 in
724 294 764 345 ΠΙ.
783 298 820 345 De
836 298 943 357 auimo,

132 377 193 441 qnod
209 393 224 423 u
239 373 368 423 intettectns
385 382 456 433 egens
470 371 508 417 cst
527 366 585 417 sicot
605 368 692 416 innuen.
707 382 721 412 o
739 366 790 415 Non
808 372 889 419 nutem
910 375 945 420 est

133 449 194 499 idem
210 447 287 495 lumen
300 444 326 493 iu
339 440 435 492 corsis
447 438 589 489 ittominntis.
606 438 665 499 Ergo
682 450 728 487 uon
741 440 777 487 est
791 436 856 489 idem
868 439 944 491 intet-

133 521 206 569 lectns
218 517 289 581 agens
300 516 325 566 in
337 512 434 565 breuis
448 510 592 562 bominibus.

166 592 318 656 (Couccusro.
328 585 423 636 -Cbm
434 584 566 634 intellectus
580 594 651 645 agens
658 583 689 631 sit
703 581 776 631 virtus
788 582 891 648 anino,
906 598 948 635 no-

135 676 198 715 cesse
210 668 246 713 est
259 674 306 711 non
316 674 387 709 unum
397 658 422 707 in
432 657 537 707 omnibns
549 668 613 715 esse,
625 654 665 705 sed
678 654 829 718 multiplicari
842 658 872 706 ad
888 658 948 707 mni·

135 727 467 801 tipbcetionemaninnornm.)
660 762 661 770 ,

167 806 302 870 Respondeo
309 803 441 863 dicendum,
449 799 510 863 qubd
519 796 679 861 veritesbujns
688 796 820 859 questionis
829 798 950 863 dependet

138 892 167 929 en
182 876 303 942 premissis
318 875 376 940 (nrt.
401 872 437 937 t).
457 871 482 921 Si
502 869 563 921 enim
583 868 712 919 inteitectns
730 882 801 930 agens
821 882 868 920 non
886 879 949 923 esset

137 950 221 1015 aliquid
239 948 338 1009 enimc,
353 945 394 996 sed
409 948 470 993 esset
488 943 590 1006 onednnr
612 940 740 990 substantio
751 946 872 1003 separatu,
888 960 951 995 unns

138 1026 200 1074 esset
216 1021 345 1071 inteltectus
359 1029 431 1079 agens
448 1015 550 1066 omnium
564 1013 691 1063 bominum.
709 1013 738 1061 ct
751 1013 794 1061 boc
812 1012 953 1080 intelligunt

138 1096 178 1161 qni
196 1097 285 1159 ponunt
298 1092 407 1140 unitatem
421 1088 552 1138 intellectus
566 1085 662 1149 agentis.
677 1083 702 1133 Si
720 1088 796 1133 nutem
814 1085 952 1139 intellectus

139 1180 210 1230 agens
222 1165 252 1216 sit
264 1162 349 1227 aliquio
360 1161 455 1219 animo,
465 1163 492 1209 nt
503 1160 606 1223 quedem
615 1157 689 1207 virtus
699 1156 786 1220 ipsius,
799 1168 902 1211 neccsse
917 1166 951 1211 est

138 1239 223 1301 dicere,
233 1236 294 1301 qnod
306 1234 353 1283 sint
362 1234 440 1297 ptores
452 1232 583 1280 intellectus
593 1232 699 1291 agentes,
710 1228 841 1278 secundnm
853 1232 951 1294 plurali·

138 1316 211 1361 tutem
232 1309 374 1369 animorum,
394 1318 446 1368 quoe
464 1302 641 1366 multiplicantur
661 1301 785 1351 secundnm
804 1302 952 1368 multiplicu-

54 1375 59 1384 ’
140 1383 225 1433 tionem
238 1380 402 1439 bominum,nt
417 1389 486 1439 snpra
505 1374 589 1424 dictum
602 1376 638 1422 est
654 1373 706 1437 (qn.
722 1376 752 1421 '16
758 1408 766 1435 ,
777 1376 822 1421 ort.
839 1373 884 1439 Ξ).
902 1378 953 1427 Nou

139 1456 201 1505 enim
213 1457 289 1519 potest
302 1464 353 1501 esse
363 1448 425 1513 qnbd
436 1461 482 1497 nna
495 1450 519 1497 et
532 1446 612 1497 eodem
626 1444 700 1494 virtus
714 1456 810 1495 numero
824 1446 858 1495 sit
871 1448 954 1499 direr-

140 1540 217 1578 sornm
230 1525 392 1588 subjectorum.
613 1554 614 1557 η

172 1598 205 1647 ud
219 1596 316 1660 primum
334 1605 387 1654 ergo
405 1590 527 1641 dicendum
540 1628 546 1650 ,
561 1587 622 1653 qnbd
639 1587 794 1651 Philosophus
813 1589 903 1651 probat
919 1594 955 1642 in-

140 1670 256 1719 tellectum
269 1668 374 1729 agentem
390 1674 441 1713 esse
451 1665 597 1726 soporatum,
607 1672 648 1724 por
657 1660 702 1708 hoc
711 1659 771 1723 qnod
785 1660 911 1721 possibilis
921 1674 956 1714 est

140 1743 267 1804 sepornns,
278 1737 332 1799 quia
344 1739 370 1783 ut
379 1735 429 1797 ipse
443 1733 498 1782 dicit
509 1733 575 1797 (text.
589 1732 638 1796 19),
650 1749 663 1778 u
672 1731 712 1783 sed
724 1743 795 1795 egens
803 1734 841 1781 est
850 1732 955 1785 honora·

142 1809 210 1861 bilius
220 1809 331 1873 potiente.
343 1822 357 1852 o
369 1805 501 1864 intellectus
515 1808 589 1855 nutem
600 1802 714 1867 possibilis
727 1800 809 1850 dicitur
819 1810 956 1869 separatus,

143 1880 195 1944 quin
213 1883 311 1936 nonest
328 1881 391 1927 nctus
412 1875 508 1940 alicujus
529 1875 608 1939 organi
622 1874 753 1939 corporalis.
774 1874 803 1923 Et
821 1878 956 1927 secundnm

143 1956 205 2006 bunc
219 1955 309 2004 niodum
326 1951 394 2002 etiarn
413 1950 544 2001 intellectus
562 1960 633 2012 egens
654 1946 737 1997 dicitur
752 1951 890 2011 separatus,
909 1964 958 2001 non
986 1974 987 2015 t

142 2026 210 2091 quasi
227 2026 257 2077 sit
269 2024 344 2088 aliqua
356 2022 483 2075 substantia
494 2026 608 2085 separato.

176 2099 209 2150 bd
224 2097 347 2149 secundnm
360 2094 494 2158 dicendum,
507 2093 566 2158 qubd
578 2093 708 2143 intellectos
722 2103 792 2155 agens
803 2097 885 2143 conset
901 2096 958 2146 nni·
986 2124 987 2145 u

144 2172 231 2223 versute
249 2167 401 2220 abstrahendo
415 2166 428 2216 i
444 2166 547 2218 materia.
563 2165 597 2215 bd
610 2166 653 2215 boc
668 2168 744 2214 antem
762 2177 809 2215 non
826 2166 960 2229 requiritur

143 2244 205 2308 qnod
219 2242 248 2292 sit
269 2255 329 2291 unns
341 2240 368 2288 in
381 2238 486 2289 omnibus
507 2238 644 2288 habentibus
659 2227 813 2297 intellectum,
831 2238 876 2288 sed
892 2242 959 2304 qnod

144 2316 174 2365 sit
185 2329 243 2363 nnus
256 2315 281 2362 in
291 2312 396 2361 omnibus
409 2312 533 2362 aecundunn
548 2308 703 2359 habitudinem
715 2309 743 2358 ad
756 2308 832 2358 omnia
844 2312 858 2358 b
869 2311 959 2374 quibus
986 2310 987 2369 ἶ

143 2385 255 2437 nbstrrbit
270 2384 413 2447 universate,
427 2386 532 2447 respectu
548 2394 642 2445 quornm
660 2382 788 2431 universale
805 2385 842 2432 ost
861 2398 959 2435 onorio

145 2460 175 2509 Et
183 2460 227 2507 boc
238 2455 347 2519 competit
357 2456 481 2507 intellectui
494 2453 572 2517 agenti
583 2453 606 2502 in
616 2456 725 2515 quonium
735 2456 770 2503 est
782 2452 958 2508 immaterialis.

178 2526 314 2579 intertium
328 2525 462 2590 dicendum,
476 2524 536 2589 quon
550 2523 626 2575 omnio
637 2537 688 2587 qnae
699 2526 752 2573 snut
765 2523 834 2573 nnius
848 2527 958 2594 speciei,

146 2600 315 2651 communicant
327 2597 352 2646 in
366 2597 454 2647 actione
468 2600 622 2659 consequente
636 2600 740 2645 naturam
753 2594 855 2659 speciei,
874 2602 900 2647 ει
915 2614 962 2663 per
986 2588 987 2591 ’

146 2684 289 2735 comeqnens
300 2670 325 2718 in
337 2668 497 2732 uirtute‚·qne
510 2672 545 2717 est
559 2664 654 2715 notionis
664 2664 815 2729 pumturum
829 2680 877 2716 non
890 2671 960 2732 quod
986 2724 987 2727 ,

147 2744 269 2795 sibenden
282 2752 377 2791 nurnero
392 2740 416 2788 in
425 2740 539 2790 omnibus.
552 2738 694 2799 Cognoscere
706 2742 781 2787 autern
795 2736 869 2801 priun
885 2739 963 2793 intel-

150 2815 258 2878 iioibilia,
268 2818 304 2865 est
315 2812 375 2862 actio
385 2824 527 2876 consooreus
536 2808 635 2874 speciem
643 2810 766 2859 burconem
776 2822 781 2857 :
792 2810 853 2859 unde
862 2819 962 2875 oportet
986 2804 987 2809 '

151 2889 211 2952 quod
225 2900 305 2936 onnnes
320 2883 424 2933 homines
439 2880 606 2934 communicent
622 2878 647 2929 in
658 2880 742 2931 uincto
755 2893 805 2943 qnae
823 2886 858 2931 est
870 2880 963 2945 princi-
