1984 3309
149 162 196 210 ets
358 170 418 208 ears
433 172 459 219 r,
475 169 566 215 onnes.
584 169 634 219 ou,
651 167 706 206 ens.
723 169 741 205 ι.

147 249 262 313 Scriptura
275 248 396 310 dieantur,
409 259 451 311 per
467 246 559 296 modum
574 243 841 300 narrationis'bistorieae
860 259 937 314 propo·

148 325 241 370 uantur.
256 321 282 370 ln
300 318 406 370 omnibus
423 323 499 369 autem
518 331 568 380 qun
582 317 616 367 sio
630 317 747 383 Scriptura
762 320 845 382 tradit,
857 325 892 372 est
907 334 941 386 pro
979 335 980 382 ι

148 393 296 442 fundamento
309 391 408 442 tenenda
424 389 509 440 ueritas
525 389 641 453 historia,
656 393 679 438 et
700 391 798 455 desuper
819 392 942 457 spirituales
979 405 980 446 3

148 463 299 529 expositiones
311 463 455 513 fabricandae.
471 463 512 511 list
525 475 578 524 ergo
594 460 722 524 paradisus,
738 466 764 512 nt
779 463 881 514 ludorus
894 464 944 514 diuit
979 461 980 526 l

148 534 173 586 in
188 534 228 585 lib.
243 527 389 599 EtpmotopI
404 534 457 599 (rel
469 535 586 598 oripa'n„
596 533 637 583 lib.
650 533 699 583 lllV
709 572 716 594 ‚
727 545 779 598 cap.
793 539 823 584 30
833 533 852 600 i,
864 553 878 584 ιι
886 537 943 588 loeus

148 607 173 657 in
186 607 285 659 Orientis
296 606 400 671 partibus
414 605 567 668 constitutus,
582 605 647 669 eujus
661 605 798 657 vocabulum
808 605 826 656 i·
836 607 945 670 granceio
979 667 980 676 ἵ

148 679 244 728 latinum
252 678 348 729 vertitur
360 677 456 727 borlas.
468 693 483 724 n
495 677 663 739 conuenienter
674 680 749 726 antem
759 677 784 728 in
797 682 863 742 parte
874 680 944 730 orien-
979 677 980 708 ι

149 749 190 799 tali
198 749 280 799 dieitru
292 749 362 810 situs,
375 749 430 813 quia
438 749 575 799 eredendum
584 751 620 799 est
635 745 694 811 qndd
707 747 733 796 in
746 747 890 800 nobilissimo
900 750 943 800 loco
979 811 980 814 Ἴ

150 822 220 872 botius
233 825 298 871 terra
309 821 340 870 sit
348 821 495 871 constitutus.
509 819 565 871 Cirm
577 823 652 870 auitem
662 818 742 870 Oriens
753 819 784 869 sit
794 821 874 872 dextra
885 823 944 885 nuli,
979 817 980 892 l

149 895 175 943 nt
189 895 252 956 patet
270 907 312 956 per
324 893 487 956 Philosophum
501 889 523 940 in
538 891 566 941 il.
585 892 621 940 Da
637 891 696 940 celo
707 889 778 955 (text.
797 893 861 956 ab),
874 895 946 945 doxtm
979 901 980 924 ²

149 966 226 1014 anum
240 967 276 1015 est
289 964 387 1016 nobilior
394 962 465 1027 quim
478 963 583 1026 sinislra,
594 961 732 1012 conueniens
746 963 790 1012 luit
804 967 831 1014 nt
842 964 867 1014 in
878 967 946 1017 orien
979 967 980 1032 j

149 1035 189 1085 tali
199 1041 263 1099 parte
276 1036 394 1101 paradisus
403 1038 507 1085 terrenus
519 1033 696 1084 instituereturb
710 1035 764 1085 lieo.
979 1041 980 1106 3

181 1108 213 1156 bd
233 1107 330 1172 primum
350 1119 404 1169 erpo
425 1105 714 1168 immemorabilium
734 1106 832 1158 verbnm
849 1123 896 1160 non
918 1112 949 1160 est
979 1109 980 1156 ἶ

149 1191 228 1229 serum
240 1180 390 1230 sisenundnm
398 1177 466 1228 situm
475 1177 620 1228 manifestum
629 1176 776 1240 intelligatur.
784 1180 866 1230 Potest
876 1187 949 1232 umen
979 1173 980 1241 l

149 1249 246 1314 exponi,
261 1252 320 1314 quod
335 1263 407 1313 usque
421 1249 450 1299 ad
463 1247 538 1299 locum
550 1247 637 1299 lunaris
651 1248 711 1312 globi
722 1251 841 1316 aseendit,
856 1265 904 1304 uon
917 1265 949 1304 se-

149 1323 247 1372 cundum
264 1323 322 1372 situs
334 1321 497 1381 eminentiam,
510 1321 550 1371 sed
562 1319 686 1370 seeundum
696 1319 886 1390 similitudinem
901 1323 950 1389 quia

151 1397 186 1444 est
199 1394 230 1445 ibi
246 1398 355 1459 perpetua
368 1393 427 1444 aeris
437 1393 573 1456 temperies,
588 1395 613 1442 nt
622 1392 720 1444 Isidorus
728 1393 785 1444 dioit
801 1393 859 1458 (ubi
870 1411 922 1462 sup.
932 1396 946 1457 l.

150 1465 179 1515 st
189 1467 233 1516 boc
243 1466 378 1517 asnmiiatur
386 1464 517 1530 corporibus
525 1463 664 1526 emlestibns,
675 1477 726 1528 qua
737 1469 791 1515 suut
801 1463 890 1531 absque
900 1481 951 1520 eon-

150 1539 273 1589 trarietate.
289 1537 359 1602 lingis
375 1541 451 1586 tamen
466 1536 493 1584 lit
507 1535 591 1586 mentio
605 1537 632 1586 de
648 1535 721 1584 lunari
739 1537 820 1598 globo,
836 1551 908 1602 qnam
926 1540 950 1590 de

150 1608 201 1660 aliis
214 1609 324 1674 spheris3
337 1608 391 1672 qnia
401 1607 486 1659 lunaris
495 1607 575 1672 globus
588 1611 623 1657 est
633 1607 743 1658 terminus
755 1607 888 1661 antestium
904 1623 950 1662 eor·

150 1694 231 1744 porum
247 1693 326 1731 vmsns
342 1682 493 1744 rosellana
505 1679 574 1730 etiam
587 1683 623 1730 esi
636 1677 707 1742 magis
721 1683 787 1732 terra
800 1680 880 1732 affinis
894 1683 950 1732 inter

151 1752 227 1802 omnia
242 1765 337 1817 corpora
346 1752 457 1802 ooelestia.
467 1753 532 1803 Unde
551 1753 574 1802 et
586 1751 693 1816 quasdam
708 1751 816 1802 tenebras
829 1753 951 1806 nebulosas

152 1823 220 1874 babet
238 1824 302 1886 qnasi
319 1826 430 1875 amedeus
444 1825 474 1874 ad
489 1823 635 1888 opacitatem.
652 1823 746 1882 Quidam
762 1827 837 1880 antem
857 1825 952 1890 dieunt,

150 1897 211 1958 quod
228 1895 344 1959 paradisus
355 1896 499 1960 pertingebat
512 1909 583 1960 usqne
597 1895 626 1945 ad
636 1895 738 1945 lunarem
752 1895 854 1958 globum,
869 1896 952 1961 idest,

151 1979 224 2031 usqne
235 1968 264 2017 ad
273 1967 373 2018 medinm
382 1968 441 2018 aeris
450 1967 608 2031 interstitium,
619 1967 642 2017 in
650 1977 694 2031 quo
706 1969 844 2030 generantur
854 1969 951 2032 pluvia,

151 2043 175 2090 et
184 2039 261 2103 venti,
272 2043 296 2090 et
305 2040 450 2104 hujusmodi3
462 2039 516 2104 quia
530 2039 654 2090 dominium
667 2041 734 2102 super
750 2039 885 2102 hujusmodi
900 2055 952 2092 eva·

150 2111 279 2175 perationes
293 2110 392 2161 maximi
408 2111 538 2162 attribuitur
551 2111 622 2161 luna.
636 2111 681 2160 Sed
694 2111 817 2161 amandum
831 2111 878 2161 hoo
890 2112 952 2164 loeus

150 2183 188 2234 ille
200 2197 247 2234 non
264 2186 327 2235 esset
340 2184 480 2235 conueniens
495 2182 630 2234 habitationi
647 2183 766 2244 hnmanae3
781 2185 829 2231 inni
845 2183 902 2246 qnia
922 2184 953 2233 ibi

151 2259 185 2305 est
197 2255 297 2306 maxima
311 2255 472 2320 intemperies,
485 2257 536 2304 tum
549 2253 602 2317 qnia
621 2265 667 2304 non
680 2257 716 2304 est
729 2257 871 2316 temperatus
891 2269 952 2306 oom-

120 2371 124 2388 ,
151 2327 253 2390 plenioni
265 2329 383 2391 hnmana,
396 2328 456 2378 sicut
468 2340 507 2377 aer
520 2325 615 2377 inferior
624 2325 695 2390 magis
703 2329 770 2376 terrm
783 2325 885 2378 moinus.

182 2399 216 2447 rid
229 2398 354 2450 seeundum
371 2399 506 2463 dicendum,
518 2397 579 2462 qudd
594 2397 653 2448 mont
669 2396 808 2460 Anpnsbnns
821 2397 878 2448 dicit
894 2399 954 2450 illl,

152 2471 233 2530 Super
243 2477 299 2521 den.
315 2471 350 2520 ud
368 2471 410 2521 tir.
428 2472 469 2535 [ui
481 2469 566 2535 sup),
585 2486 598 2516 ιι
611 2469 746 2520 eredendum
763 2469 873 2532 estquod
889 2471 954 2522 loeus

151 2542 250 2607 paradisi
264 2542 277 2592 a
292 2542 551 2606 coguitionabominunr
564 2544 600 2592 est
609 2539 773 2596 remotissimus
782 2557 788 2603 ;
798 2540 897 2591 flumina
911 2555 954 2592 au·
979 2565 980 2588 ι

151 2619 198 2665 tem
208 2653 214 2676 ‚
223 2628 318 2678 quorum
328 2614 405 2664 fontes
417 2615 465 2665 noti
476 2628 526 2665 esse
538 2615 650 2677 dicuntur,
660 2611 742 2662 alicubi
753 2623 803 2662 essa
813 2612 857 2662 snb
866 2616 954 2676 tomas,
979 2671 980 2678 ἵ

151 2691 176 2737 et
188 2691 240 2751 post
250 2690 333 2736 tractus
344 2687 481 2750 prolixarum
492 2686 612 2750 regionum
624 2684 681 2736 loeis
693 2683 745 2734 aliis
761 2682 862 2748 erupisse
872 2701 880 2748 3
898 2699 953 2736 nam
979 2683 980 2736 l

152 2761 195 2809 boo
210 2760 281 2808 solere
292 2757 412 2807 nonnullas
426 2772 497 2821 aquas
509 2758 584 2808 lacere
598 2757 648 2820 quis
661 2755 766 2820 ignorat?
778 2771 792 2802 ιι
979 2761 980 2768 ’

183 2830 217 2878 bd
229 2827 320 2877 tertium
337 2826 470 2890 dicendum,
482 2828 543 2892 qndd
555 2829 619 2879 loeus
631 2828 670 2878 illa
688 2828 788 2878 seclusus
801 2828 835 2878 est
849 2826 956 2880 innostra

152 2898 291 2948 habitatione
303 2896 415 2959 aliquibus
424 2898 599 2964 impedimentis,
613 2899 651 2950 vel
660 2898 780 2960 mondum,
791 2897 828 2950 uel
839 2898 954 2962 marium,
979 2923 980 2997 p

979 3017 980 3056 ι
