1984 3309
241 223 273 261 BR
287 223 448 264 onmium
463 223 617 266 anemonen.
784 217 830 264 525

68 296 100 346 dd
109 298 199 351 tertium
209 299 331 352 diceudmn
336 338 345 365 ,
358 302 418 366 qudd
428 304 487 353 siout
495 303 564 368 sopri
575 305 659 354 tinum
670 307 719 367 est,
730 303 830 368 cognitio

42 372 71 415 est
84 369 205 421 secundirru
214 371 273 436 qubd
286 373 377 436 cognita
391 378 445 424 suut
460 375 485 424 iu
499 379 664 439 cognoscent03
677 388 740 424 amor
754 379 830 426 autern

42 441 155 492 nebridium
176 443 237 508 qubd
253 457 333 495 amens
353 446 433 496 unitur
450 446 485 496 rei
505 451 593 498 aurata.
614 447 735 512 Superiora
753 450 828 498 autern

43 511 136 563 nobiliori
149 516 217 566 modo
231 519 286 566 sunt
301 516 327 566 iu
337 515 420 582 seipsis
430 517 498 581 quim
513 518 537 566 in
550 518 709 579 interioribns;
723 517 830 568 inferiora

42 584 87 659 nord
99 587 203 652 nobiliori
214 589 282 638 modo
299 592 352 638 sunt
366 589 391 638 lu
401 590 554 653 superioribus
571 589 639 656 quim
654 590 679 640 in
694 589 783 656 seipsis.
802 589 831 640 Et

40 656 83 704 rnloo
95 657 227 709 inferiorum
242 659 335 723 quidem
342 661 452 722 cognitio
467 661 602 725 praeeminet
618 661 748 722 dilectioni,
762 675 830 725 supe-

42 726 114 778 riorum
128 735 205 780 autem
214 729 318 794 eductio,
329 735 352 781 et
362 729 480 796 praeeipnd
487 733 541 796 liei,
552 733 686 798 praeeminet
695 732 829 796 cognitioni.

66 801 95 849 ll
109 805 213 864 quartum
233 802 368 866 dicendum,
383 803 442 867 qubd
461 803 481 854 si
502 805 553 867 quis
570 805 689 868 diligenter
703 803 831 854 consideret

40 869 189 934 dispositiones
210 873 314 924 ordinum
333 874 458 924 secuudirm
482 875 616 940 Dionysium
638 879 660 926 et
680 874 830 939 Gregoriun,

41 947 155 1003 purumuel
166 947 227 996 nibil
237 945 360 1008 differunt,
375 947 396 996 si
408 948 496 998 adrem
510 949 645 998 referantur.
656 949 757 1012 Exponit
769 948 829 998 eninr

41 1016 149 1077 tjregoriur
164 1019 362 1082 Principntunm
371 1030 456 1068 nomen
465 1033 493 1069 ex
504 1021 548 1070 boe
562 1018 623 1082 qndnl
636 1019 702 1069 bouis
713 1019 831 1083 rpiritibus

39 1093 144 1152 pnrosunt3
156 1091 236 1140 elbon
246 1088 356 1143 conuenit
366 1089 490 1140 Virtutibus
500 1090 622 1141 secunlum
632 1089 692 1155 qubd
701 1091 725 1140 iu
737 1089 831 1141 nurnine

40 1157 142 1210 l'irtutum
157 1160 292 1223 intelligitur
304 1161 408 1224 quadam
424 1161 549 1224 fortitudo,
564 1162 621 1212 dans
633 1161 757 1212 bibentium
769 1160 830 1212 inle-

40 1228 127 1282 rioribus
145 1231 269 1296 spiritibus
291 1234 321 1282 ed
332 1230 472 1296 exequenda
493 1233 571 1282 dimna
589 1233 726 1283 ministeria.
745 1234 831 1282 Rursus

39 1299 141 1367 l'irtulee,
150 1303 277 1354 mundum
286 1304 431 1367 Gregorinm,
444 1303 550 1355 ridentur
558 1317 608 1354 eene
620 1303 681 1354 idem
687 1303 755 1368 quod
766 1303 831 1353 Priu-

40 1371 119 1432 cipalun
131 1375 260 1426 secundini
270 1375 412 1440 dionysium.
429 1377 486 1425 Nam
496 1377 540 1426 boc
552 1380 588 1426 est
600 1376 699 1441 primurn
711 1375 737 1425 in
748 1375 832 1425 diuinis

41 1444 162 1498 nruiniuteriin
175 1446 285 1499 miracula
297 1447 385 1512 lacere3
401 1444 447 1512 per
457 1449 503 1499 boc
513 1448 573 1498 eubn
586 1447 726 1511 paraturum
744 1459 832 1497 annun·

41 1515 120 1568 tiatioui
132 1519 320 1582 archangelorum
332 1523 358 1569 et
370 1519 509 1582 augelorum.

319 1665 479 1716 remeans
494 1665 543 1714 vll.

125 1770 211 1815 Uirium
223 1744 319 1816 ordiner
333 1772 490 1815 remanebunt
502 1773 553 1827 pout
566 1769 628 1814 diem
638 1768 734 1826 judicii.

69 1880 99 1927 bd
115 1880 238 1944 septimum
252 1880 288 1930 eie
301 1879 477 1944 pmeediturtn).
494 1879 588 1928 Videtur
602 1878 661 1942 qudd
681 1878 771 1929 ordines
787 1890 833 1927 non

41 1951 180 2001 remanebant
196 1957 249 2016 post
265 1952 326 2003 diem
339 1951 427 2014 indicii.
449 1951 508 2000 llicit
527 1951 587 2000 enirn
607 1951 742 2013 Apostolus,
760 1949 778 1996 l.
798 1947 834 1998 ud

41 2023 103 2076 con„
118 2024 174 2087 XV,
187 2024 249 2086 qubd
260 2041 275 2071 n
287 2023 391 2075 Christus
406 2023 527 2073 evacuabit
539 2035 630 2072 omnern
643 2020 795 2084 principatum
811 2023 834 2067 et

41 2097 184 2158 punientem,
201 2095 255 2144 ebra
266 2095 384 2144 indiderit
393 2108 488 2158 reguum
503 2095 549 2145 Deo
563 2097 587 2143 et
600 2092 671 2142 Patri.
686 2107 700 2138 n
716 2091 779 2148 Quod
792 2089 835 2139 erit

42 2163 62 2209 in
72 2165 148 2215 ultima
157 2166 361 2221 consummatione.
373 2165 424 2218 eari
432 2180 486 2229 ergo
496 2166 585 2216 ratione
596 2165 621 2212 in
631 2163 670 2213 illo
682 2165 743 2211 etam
754 2173 834 2211 omnes

41 2236 76 2284 olii
87 2239 178 2289 ordines
188 2239 365 2289 evacuabuntur.

68 2313 91 2356 t.
114 2311 240 2372 Fretum,
258 2311 287 2360 ad
309 2309 410 2360 officium
436 2309 588 2371 angelicorum
610 2306 713 2357 ordinent
736 2304 835 2369 pertinet

42 2391 145 2445 lugam,
159 2382 286 2433 dlumiuare
300 2386 324 2432 el
339 2382 456 2446 perlicere.
474 2381 519 2430 Sed
535 2383 588 2443 pust
603 2377 663 2428 diem
680 2377 761 2440 judieii
776 2391 835 2427 unns

43 2453 131 2512 angelus
144 2467 192 2503 nou
212 2454 330 2518 purgabit,
345 2458 385 2503 aut
403 2451 551 2512 illuminabit,
572 2454 611 2499 aut
631 2449 733 2514 perliniti
749 2449 830 2512 alicui,

44 2523 89 2580 ¹pria
105 2536 153 2573 non
170 2525 286 2588 prolicient
299 2523 397 2588 amplibs
409 2523 433 2572 iu
451 2523 554 2573 scientia.
570 2522 628 2584 Ergo
642 2521 726 2571 trustra
745 2520 835 2572 ordines

43 2594 135 2655 anigelici
147 2600 297 2648 rennuerent.
692 2621 695 2630 ·

72 2670 93 2716 t.
109 2666 234 2732 Preterea,
245 2667 367 2732 Apostolus
379 2666 435 2718 dicit
447 2667 483 2716 cd
496 2665 581 2723 Heln„
593 2666 612 2728 l,
625 2665 652 2714 de
664 2663 764 2728 nugulis,
775 2661 836 2724 qood

74 2829 108 2893 tl)
120 2835 153 2878 Ite
168 2833 282 2879 bisetium
297 2833 321 2878 iu
338 2835 377 2892 ll,
390 2832 468 2881 Scor„
482 2831 536 2877 dist.
552 2829 692 2888 11,qu.n,
708 2831 751 2872 nrt.
767 2825 795 2876 63
811 2825 836 2864 ut

46 2901 65 2935 lt
75 2895 124 2955 IV,
142 2896 280 2947 Sent.,dirt.
292 2895 337 2954 tr,
350 2909 390 2954 qu.
402 2895 432 2954 1,
444 2900 488 2941 nrt.
501 2896 531 2952 b,
545 2893 681 2950 quaesduue.
696 2889 724 2942 t;
738 2889 794 2932 etl.
806 2881 837 2927 ud

46 2956 114 3008 Cim,
126 2958 177 3019 IV,
188 2961 243 3006 lect.
254 2961 287 3021 3,
303 2960 350 3005 cel.
361 2959 385 3004 8.
637 2965 639 2970 ’
