1984 3309
141 176 171 225 18
312 186 317 192 ·
334 182 394 221 rous
410 182 432 229 1,
449 181 541 226 ounsr.
556 180 630 229 narr,
645 181 700 219 m.
717 182 745 220 ιι.

141 264 221 316 nionen
239 259 437 322 Philosopuornn.
455 256 519 307 Plato
531 257 593 308 onim
604 261 629 308 et
642 270 721 311 onnes
735 259 869 326 Philosophi
886 267 946 315 ants

143 332 283 385 lnswtrlenr
300 330 514 396 posueruutouruia
530 344 625 395 wspora
638 344 690 381 esso
705 332 734 383 do
749 335 830 383 natura
842 338 947 399 quatuor

142 408 312 459 elomentorum.
322 404 385 453 Unde
394 416 445 453 cunr
454 405 549 467 quatum
557 402 671 455 demonia
679 403 847 455 sommunioonl
857 406 883 457 in
893 421 947 459 una

142 477 250 538 manna,
267 480 292 525 ui
305 478 383 525 mutua
398 473 512 537 gerontio
524 477 548 525 el
560 474 672 539 corruptio
683 475 710 525 in
720 476 757 527 eis
766 478 885 541 solenni,
899 492 946 543 per

142 541 282 613 consequens
291 546 491 611 sequebaturqulld
501 548 604 597 omniurn
612 561 734 612 oorpornnr
743 548 876 600 sitrsateria
884 564 944 602 nna.

143 622 206 682 Quod
217 624 292 672 autern
302 618 403 682 quaedam
415 632 509 681 corpora
521 620 567 669 sint
577 618 765 683 metropolita,
778 621 844 673 Plelo
854 622 946 677 adsui-

142 694 209 744 uelat
221 704 267 742 noo
280 689 403 741 munitioni
420 691 532 754 materia,
551 691 592 740 sed
608 691 720 741 voluntati
733 693 840 755 artificis,
854 693 947 747 seilicet

143 765 197 825 liei,
205 776 272 829 quent
282 760 402 812 introducit
411 762 679 825 responsusornlsstibns
689 762 842 828 ‹liuentemlll
853 781 885 813 :o
896 768 946 817 Na-

143 841 194 886 tura
207 838 283 885 restra
297 833 352 885 estis
368 832 521 896 dissolubilia,
530 834 645 884 uoluntate
658 837 734 885 aulem
750 848 801 887 moa
815 836 946 895 indissolu-

144 908 212 966 iilia,
223 904 276 969 quia
286 905 389 955 voluutas
399 918 448 955 ntea
460 904 532 970 major
546 909 583 956 est
595 919 656 955 nexu
665 909 750 957 vostro.
764 923 778 953 »
791 908 854 957 liano
864 914 946 961 auteur

144 977 279 1043 positionem
292 974 423 1025 lrlstotm
439 976 485 1039 llilr.
501 978 520 1026 l.
534 977 572 1025 Do
582 975 650 1033 eolo,
667 980 727 1026 text.
740 980 755 1026 tl
768 991 841 1041 usque
855 979 884 1027 ad
900 983 945 1045 lit)

145 1048 248 1113 reprobat
260 1060 301 1111 por
309 1047 507 1099 motus-naturales
518 1060 643 1111 sorporunr.
656 1046 716 1097 cum
725 1049 788 1099 eninr
798 1062 883 1113 eorpus
893 1064 946 1103 οω-

145 1121 202 1171 lesle
214 1119 296 1171 lrabeat
312 1119 436 1169 naturalem
449 1123 535 1169 motam
549 1119 662 1169 dinem
678 1119 799 1169 turmali
813 1124 875 1172 motu
888 1124 946 1173 sle·

146 1194 289 1252 menwrurn,
310 1190 412 1253 sequitur
424 1190 485 1255 quod
503 1191 554 1253 eins
567 1193 647 1239 natura
659 1191 690 1241 sit
702 1190 745 1241 alia
760 1192 774 1242 l
791 1196 871 1243 natura
883 1206 946 1259 qoa-

145 1267 196 1313 tuor
209 1263 381 1313 elementorum.
394 1262 423 1312 Et
438 1261 499 1313 sieut
514 1266 589 1311 nrotus
600 1262 729 1325 circularis,
739 1264 780 1327 qni
791 1268 828 1315 est
836 1266 948 1329 proprius

146 1334 245 1399 eorporis
261 1334 375 1394 colestia,
390 1338 450 1383 earet
469 1334 641 1392 contrarietate,
656 1338 731 1384 mus
748 1340 824 1386 anum
838 1337 946 1388 elemen-

147 1411 219 1455 torum
239 1409 292 1455 sunt
311 1406 410 1455 inviesru
426 1404 532 1455 contrarii
546 1405 586 1468 (ut
597 1404 637 1469 qui
652 1410 689 1455 est
702 1420 806 1470 sursum,
821 1407 843 1458 ei
855 1408 896 1471 qui
910 1415 948 1460 sni

145 1478 250 1529 deorsum
265 1476 290 1539 r)
306 1476 338 1526 ila
351 1490 432 1539 eorpus
451 1476 543 1527 eoeleto
555 1480 591 1525 est
604 1476 689 1540 absque
701 1478 874 1542 oontmriotate3
893 1494 947 1531 our-

147 1562 200 1613 pora
212 1548 265 1599 verli
275 1547 421 1599 elementaria
429 1551 484 1597 suut
492 1560 545 1597 curn
555 1548 721 1598 mnuanetate.
732 1550 761 1601 Et
768 1549 822 1613 quia
829 1552 948 1615 corruptio

148 1626 172 1673 st
184 1621 298 1686 generatio
312 1626 366 1671 sunt
376 1633 405 1669 ex
415 1618 549 1670 contrariis:
560 1620 662 1682 wquitur
672 1619 732 1684 quiri
742 1622 866 1672 munuum
879 1636 949 1675 suam

148 1697 250 1743 natrrram
264 1704 345 1755 eorpus
358 1690 449 1739 ooaleste
463 1688 492 1739 sit
506 1689 692 1755 insumptilrile,
705 1691 817 1742 elementa
829 1692 884 1742 ueri
898 1694 951 1745 sint

148 1763 307 1827 corruptibilia.
322 1763 366 1813 Sed
380 1775 426 1811 nou
442 1762 547 1811 orsurte
557 1762 601 1811 irae
612 1762 740 1814 &strenua
751 1763 950 1827 sumptibilitatis

148 1839 172 1887 et
187 1832 404 1898 incorurptibiiitalls
423 1832 544 1893 rainois,
559 1832 684 1884 tvioelrron
699 1834 777 1898 posuit
791 1846 859 1885 unam
873 1841 950 1887 mato-

149 1908 205 1957 riaur
221 1906 321 1957 omniurn
334 1918 468 1968 corporeum,
482 1906 601 1955 atunlens
612 1906 641 1955 arl
653 1906 764 1956 mitatem
777 1907 856 1957 lormae
866 1920 951 1972 eorpo-

149 1979 211 2029 ralis.
222 1978 266 2027 Setl
281 1976 301 2027 si
312 1975 467 2040 corporeitatis
480 1980 540 2027 esset
548 1990 594 2025 una
604 1975 676 2027 forma
686 1991 728 2041 per
737 1991 771 2040 ss,
785 1978 822 2027 oui
837 1991 951 2043 superue-

149 2050 225 2101 nirent
237 2048 287 2099 aliae
300 2048 392 2111 lounae,
406 2048 487 2113 quihus
500 2062 592 2112 oorpora
603 2048 785 2112 distinguuntur,
797 2050 892 2101 nsunt
905 2066 950 2102 ne-

150 2122 277 2171 cessitatem
288 2120 349 2185 quorl
358 2120 453 2182 dioitur3
464 2120 566 2184 quiailla
578 2119 651 2171 torma
663 2120 833 2172 immutabiliter
843 2124 949 2175 materiae

149 2192 284 2252 inhaereret,
299 2196 322 2241 et
340 2195 447 2255 quantuni
461 2193 489 2242 ad
502 2191 564 2242 illam
578 2196 641 2242 esset
651 2204 720 2247 omne
733 2205 816 2256 eorpus
829 2192 951 2258 inoorrop-

151 2263 213 2315 tilrile
223 2303 229 2328 ‚
241 2266 281 2315 sed
293 2263 404 2329 corruptio
414 2264 524 2315 arrideret
538 2278 579 2327 per
589 2265 734 2315 remotionem
744 2264 888 2327 sequentium
902 2267 951 2316 for-

151 2349 249 2399 urar-unq
267 2350 317 2399 quae
337 2349 383 2387 uon
396 2338 456 2386 osset
472 2336 585 2400 corruptio
601 2335 747 2399 sinpliciter,
764 2336 804 2386 seri
822 2337 951 2387 secundiani

150 2408 218 2471 quid,
233 2408 287 2471 quia
306 2406 428 2471 privationi
442 2408 622 2458 substerneretur
639 2406 729 2471 aliquod
746 2420 788 2457 ens
808 2411 873 2464 aaut
890 2408 953 2459 siout

152 2479 219 2531 etiarn
236 2477 351 2529 arridebat
368 2479 466 2543 antiquis
480 2478 623 2529 Naturalilrus
636 2482 675 2543 qui
689 2479 805 2540 ponebant
819 2479 951 2544 sulrjeoturn

152 2557 269 2615 oorporurn
283 2552 371 2615 aliquod
387 2564 428 2601 ons
441 2556 506 2614 aetn;
522 2549 578 2614 pull
593 2550 686 2614 ignem,
700 2552 740 2599 ant
751 2562 841 2614 sorem,
855 2554 896 2600 aot
908 2552 963 2609 ali-,

152 2621 205 2687 qn'ul
222 2622 359 2687 huJ'usmodi.
378 2622 501 2687 supposito
518 2624 594 2673 autern
607 2620 667 2686 qullrl
683 2621 744 2671 nulla
759 2622 832 2672 lorma
853 2631 905 2684 que
921 2623 954 2673 sit

187 2790 217 2855 (l)
233 2794 295 2839 Sicut
308 2793 397 2850 plenius
406 2791 476 2837 nolent
488 2790 531 2837 lib.
541 2793 561 2848 Ι,
573 2791 608 2835 Do
623 2790 698 2851 Ciuit-
708 2790 768 2839 net,
777 2803 829 2847 rap.
846 2790 890 2849 16,
901 2790 952 2837 Au·

153 2858 256 2915 guttinus
266 2870 294 2903 ex
307 2856 366 2901 libro
383 2853 521 2911 quodannis
533 2851 680 2898 universitate
695 2853 736 2912 qui
750 2853 835 2901 Timoer'
846 2855 952 2902 Platonis

153 2933 206 2978 pars
216 2925 265 2977 sst;
277 2918 336 2965 unde
350 2916 429 2963 relerri
443 2916 502 2961 solet
512 2928 540 2960 ox
554 2916 648 2961 ntotoo.
