1984 3309
131 149 177 196 tet
327 158 389 196 runs
405 159 428 208 r,
444 157 536 204 ouum.
554 155 611 208 cru,
628 155 682 196 rur.
700 155 735 194 vr.

129 233 229 286 cundum
241 235 356 286 rationem
365 234 546 298 gubernationis,
555 235 630 298 quoad
641 233 800 286 executionem
810 234 865 288 send
878 247 935 300 qne·

131 306 184 356 duur
200 306 356 358 mediantibus
368 306 420 356 aliis
431 305 609 370 gubernantur.)

164 378 300 441 Respondeo
313 378 451 438 dicendum,
465 376 528 440 quod
540 376 564 427 in
579 376 744 440 gubernamine
758 378 804 428 duo
817 381 873 428 sunt
886 391 937 429 con·

133 449 268 512 siderauda,
284 450 373 500 scilieet
391 449 449 500 ratio
468 447 654 513 gubernationis,
669 461 720 512 que
738 453 775 500 est
791 449 842 514 ipse
863 450 938 515 provi-

134 521 224 583 dentia,
240 525 264 572 et
273 522 386 572 executio.
399 523 514 581 Quantum
524 521 593 585 igitur
604 521 633 572 ad
643 519 755 572 rationem
766 521 938 584 gubernationis

133 592 249 656 pertinet,
266 594 326 643 Deus
346 591 476 643 immediate
495 592 572 643 onnia
593 593 712 656 gubernat.
727 593 845 650 Quantum
864 599 938 644 auteur

134 663 234 728 pertinet
244 666 273 715 ad
283 665 440 715 executionem
449 663 619 727 gubernationis
624 665 703 727 ,Deus
712 663 826 727 gubernat
834 666 938 728 quadam
968 689 970 694 ·

133 735 286 786 mediantibus
293 735 352 787 aliis.
363 736 434 800 cuius
441 733 499 785 ratio
504 739 547 794 eet.
554 735 607 799 pria
616 733 667 785 eim
675 735 734 786 Deus
743 734 774 786 sit
779 734 831 799 ipsa
841 736 938 786 essentia

133 807 256 871 bonitatis,
270 808 450 878 unumquodque
463 805 632 857 attribuendum
649 811 684 857 est
694 807 750 869 Deo,
763 806 892 858 secuudbm
905 808 938 858 sui

134 877 254 944 optimum.
270 879 386 944 Optimum
399 882 476 929 autem
490 879 515 928 iu
528 877 591 929 omui
605 891 688 942 genere
703 877 740 928 rel
759 879 850 930 ratione
867 883 890 930 et
903 894 938 930 co

135 950 236 1014 guitione
254 951 353 1016 practica
369 950 457 1015 (qualis
467 953 503 1001 est
516 949 573 1002 ratio
583 949 777 1016 gubernationis),
786 951 812 1002 iu
825 953 870 1002 hoe
886 965 939 1002 eou-

136 1021 210 1087 sistit,
221 1023 281 1088 quod
288 1023 433 1089 particularia
443 1028 618 1088 cognoscantur,
626 1023 651 1074 iu
659 1023 740 1088 quibus
746 1027 783 1075 est
789 1027 866 1075 aetus.
875 1026 939 1076 sicut

135 1095 235 1160 optimus
245 1097 346 1147 medicus
360 1098 411 1156 est,
424 1096 465 1160 qui
477 1109 524 1146 uon
536 1095 664 1149 considerat
675 1097 723 1146 sota
734 1095 890 1162 universalia,
901 1098 938 1148 sed

135 1167 175 1232 qui
183 1170 261 1232 potest
269 1169 337 1218 etiam
346 1168 489 1220 considerare
499 1163 593 1218 minima
601 1167 755 1234 particularia.
767 1169 796 1218 nt
807 1169 868 1220 idem
878 1172 939 1234 patet

136 1241 161 1290 in
171 1241 268 1292 caeoeris
282 1242 347 1292 Unde
360 1245 449 1306 oportet
464 1241 539 1292 dicere
551 1240 612 1305 quod
623 1243 683 1292 Deris
695 1241 800 1291 omnium
812 1243 881 1293 etiam
895 1244 938 1293 nri-

137 1313 250 1364 nimorum
269 1313 438 1379 particularium
461 1313 572 1364 rationem
593 1313 766 1382 gubernationis
781 1315 874 1366 imeae.
894 1317 939 1365 Sed

137 1383 189 1436 cium
203 1399 245 1450 per
255 1385 442 1450 gubernationem
452 1400 489 1436 ree
503 1398 553 1450 que
570 1383 725 1448 gubernantur
741 1385 789 1436 sint
804 1387 835 1436 ad
850 1387 939 1451 periec-

137 1457 224 1508 tiouem
247 1460 416 1523 perducendo,
434 1457 497 1508 tanti
523 1458 567 1508 erit
585 1458 665 1508 melior
686 1457 836 1521 gubernatio,
855 1458 939 1522 quanti

138 1531 212 1594 major
221 1531 332 1595 perfectio
344 1531 509 1595 igrrberuante
522 1532 590 1582 rebus
602 1529 732 1594 gubernatis
745 1531 937 1582 communicetur.

139 1601 211 1666 biajor
228 1606 303 1652 autem
323 1602 433 1667 periectio
452 1607 487 1654 est
501 1602 560 1668 qubd
574 1601 659 1666 aliquid
676 1601 702 1650 in
716 1613 741 1651 se
760 1601 791 1650 sit
806 1602 907 1666 bonum,
920 1611 941 1656 et

139 1672 209 1723 etiam
219 1673 249 1722 sit
259 1673 310 1723 aliis
320 1685 389 1723 eausa
401 1674 523 1738 bonitatis,
537 1673 603 1738 quim
616 1672 636 1724 si
653 1675 713 1723 esset
727 1671 869 1724 solummodo
882 1673 907 1724 iu
919 1690 940 1726 se

139 1745 233 1795 bonum.
247 1745 276 1794 Et
291 1745 342 1796 ideo
353 1744 386 1796 sic
397 1747 456 1797 Deus
467 1747 578 1810 gubernat
588 1758 639 1808 res,
651 1748 677 1796 ut
686 1744 794 1810 quasdam
809 1746 907 1796 altarium
919 1747 941 1797 iu

139 1815 286 1880 gubernando
295 1830 375 1867 causas
384 1817 497 1868 instituat.
510 1815 599 1868 Sicutsi
609 1815 690 1881 aliquis
699 1816 808 1880 magister
820 1817 941 1882 discipulos

138 1902 208 1952 suos,
219 1902 265 1939 uon
279 1889 352 1941 solium
364 1889 462 1940 scientes
472 1890 573 1952 iaceret,
586 1889 707 1940 sedetiam
721 1888 818 1938 aborurn
830 1890 940 1942 doemres.

172 1962 206 2013 rid
216 1961 314 2026 primum
324 1975 378 2025 ergo
389 1962 509 2013 dicendum
516 1999 524 2025 ‚
536 1961 596 2025 qubd
609 1961 687 2027 opinio
699 1961 802 2010 Platonis
820 1963 942 2026 repreben-

141 2033 214 2098 ditnr,
230 2033 284 2097 quia
298 2033 366 2084 etiam
379 2037 489 2098 quantum
501 2033 530 2084 ad
542 2034 654 2085 rationem
667 2033 853 2098 gubernationis,
867 2034 942 2098 posuit

140 2105 213 2155 neum
232 2119 278 2156 non
295 2104 424 2155 immediate
438 2105 513 2155 omnia
530 2105 664 2167 gubernare.
679 2105 744 2164 Quod
763 2107 827 2168 patet
847 2119 888 2170 per
899 2107 942 2156 boc

141 2177 200 2242 qubd
210 2176 287 2228 diuisit
299 2177 324 2226 in
334 2175 378 2226 tria
391 2175 631 2241 providentiamque
643 2179 678 2228 est
692 2177 750 2228 ratio
761 2176 940 2240 gubernationis.

173 2250 208 2299 rid
225 2250 349 2300 seeundum
365 2247 500 2313 dicendum,
515 2248 575 2312 qudd
594 2248 614 2298 si
632 2249 693 2301 solus
713 2250 774 2298 Deus
790 2249 939 2313 gubernaret,

140 2320 309 2371 subtraheretur
322 2319 432 2384 perfectio
450 2319 546 2370 causatis
559 2319 573 2370 b
585 2320 662 2370 rebus.
676 2320 741 2370 Unde
751 2332 797 2370 nou
806 2323 881 2372 totum
892 2335 939 2372 me·

140 2391 185 2442 liius
198 2392 262 2442 deret
270 2406 312 2457 per
324 2406 409 2451 unum,
418 2391 478 2455 quod
492 2391 518 2441 iit
526 2405 567 2456 per
578 2393 658 2442 multa.

172 2465 206 2514 rid
223 2462 315 2514 tertium
331 2465 467 2527 dicendum,
478 2464 539 2528 qubd
550 2478 596 2515 nou
605 2464 685 2516 ,solum
698 2466 798 2530 pertinet
814 2468 843 2518 ad
856 2467 941 2531 periec-

140 2535 228 2586 tionem
246 2535 307 2598 regis
327 2535 425 2600 terreni,
443 2535 504 2600 quod
522 2541 656 2589 executores
671 2538 753 2588 babeat
770 2551 816 2588 suae
832 2539 940 2602 guberua-

142 2607 223 2668 tionis,
241 2607 364 2657 sedetiam
378 2610 406 2658 ad
419 2609 479 2672 regis
490 2608 639 2673 dignitatem
656 2609 709 2672 quia
724 2623 753 2660 ex
769 2609 849 2662 ordine
862 2611 941 2662 minis·

143 2683 230 2732 trorum
241 2683 344 2744 potestas
354 2681 418 2744 regia
430 2681 560 2746 preclarior
568 2681 678 2732 redditur.
