1984 3309
127 151 157 199 lo
322 160 382 199 rurs
398 160 420 209 r,
437 159 528 205 oum.
543 160 605 209 oxu,
621 159 678 197 arr.
693 158 728 198 rr.

127 239 151 285 rt
161 236 175 285 b
185 236 317 298 compositis
328 236 446 299 agentibus
454 235 620 299 corporalibus,
628 238 654 285 ut
663 233 932 299 pupsnpunureuubus

126 305 274 356 educentibus
287 307 337 356 illas
349 308 377 356 de
391 306 491 356 materie
503 306 627 371 potentia.)

158 378 291 441 Respondeo
310 378 441 439 dicendum,
459 375 517 440 qrrbd
536 377 612 441 opinio
629 377 672 427 luit
690 378 848 440 quommdam,
863 378 931 440 quod

126 462 204 499 omnes
217 448 295 499 lorium
309 448 434 512 corporales
450 447 603 497 derivanturd
615 446 748 498 substantiis
759 447 930 515 spiritualibus,

125 534 182 585 quas
197 520 288 583 angelos
302 520 405 569 dieirnns.
419 521 447 569 lii
460 521 504 569 boo
519 518 610 583 quidem
622 519 741 583 dupliciter
756 519 824 583 aliqui
838 532 932 583 posue·

126 596 186 641 runt.
202 592 266 641 Plato
276 591 336 642 enim
350 591 425 655 posuit
436 592 521 646 formas
535 605 586 654 que
600 595 654 641 sunt
664 591 689 640 iu
699 590 791 641 matula
802 594 929 655 corporali,

126 662 224 713 deriuari
235 662 248 712 i
261 662 339 713 lornris
349 663 398 712 sine
412 663 506 713 irruimiu
517 662 704 722 subsistentibus,
713 676 754 727 per
765 663 856 712 modurn
871 678 931 729 par-

126 734 266 798 ticipationis
275 734 405 799 curjusdamp
415 736 514 799 ponebat
525 736 584 785 enirn
593 735 708 785 bominem
716 734 834 798 quemdam
843 735 934 788 imma-

127 806 237 857 taruiiter
251 807 425 866 subsistentem,¹
438 809 461 856 et
475 805 580 857 similiter
593 819 685 871 equom,
699 809 723 855 et
735 806 768 855 sic
781 806 809 855 de
818 806 877 868 aliis,
893 822 929 861 ex

128 876 209 940 quibos
219 879 386 928 mustituuntnu
396 879 445 929 baee
456 878 577 942 singularia
588 878 704 928 sensibilia
714 915 720 937 ,
732 875 854 927 secundun
864 879 930 942 quood

129 949 155 999 iu
166 948 259 999 rnaterm
270 950 380 1012 corporali
394 954 494 999 remanet
504 951 606 1013 quaedam
620 950 738 1013 impressio
749 949 776 998 ab
787 948 831 998 illis
844 950 931 1019 lprrrris

129 1020 254 1084 separatis,
270 1034 311 1084 per
322 1020 413 1069 modurn
429 1020 598 1071 assimilationis
612 1020 744 1086 cujusdam,
759 1033 826 1083 quarn
839 1027 933 1084 porti-

128 1092 281 1155 cipoiz'onem
289 1092 389 1142 uocabat.
402 1094 430 1143 ot
440 1092 560 1142 seeundum
569 1091 670 1143 ordinem
682 1092 802 1142 formarum
810 1094 934 1155 ponebant

130 1163 240 1213 Platonici
254 1163 353 1213 ordinem
365 1164 541 1219 substantiarum
555 1168 722 1228 separatarum
735 1163 789 1227 puld
805 1162 864 1225 quod
879 1164 933 1219 uua

129 1235 255 1285 substantio
269 1239 417 1299 superstaret
430 1250 480 1299 quae
494 1240 530 1287 est
539 1249 618 1299 equus,
632 1248 683 1299 quas
694 1240 730 1286 est
741 1247 811 1284 causa
823 1236 931 1289 omniurn

128 1320 246 1371 equorum,
254 1321 320 1371 supra
331 1320 398 1372 quam
409 1312 444 1359 est
454 1309 556 1371 quedam
565 1306 612 1357 rita
622 1311 734 1371 separata,
743 1318 811 1370 qnam
820 1307 933 1361 dicebant

125 1394 174 1442 per
184 1393 210 1427 se
221 1379 301 1428 vitam
319 1384 342 1429 et
354 1394 456 1429 consumo
470 1381 554 1429 omnin
567 1381 643 1443 vitoe,
653 1381 677 1429 et
689 1378 784 1429 ulterius
794 1380 930 1446 qnamdam,

128 1462 195 1513 qurum
208 1450 353 1501 nominabunt
367 1452 441 1515 ipsum
450 1466 502 1501 esne
516 1455 538 1502 et
548 1461 638 1501 causam
652 1450 728 1500 omnis
739 1464 798 1499 esse.
810 1448 931 1506 lucerna

129 1520 182 1571 verb
197 1524 219 1570 et
231 1520 321 1584 quidam
335 1522 371 1572 alii
387 1535 432 1574 uon
448 1526 574 1587 posuemnt
588 1522 672 1572 formas
687 1536 760 1572 rerum
773 1522 930 1585 corporalium

128 1592 153 1643 in
165 1592 257 1643 mamria
270 1606 310 1656 per
319 1606 344 1643 se
357 1593 493 1657 subsistere,
506 1593 546 1643 sed
556 1592 630 1645 solum
641 1592 801 1657 inintellecta.
817 1592 932 1647 blormis

128 1677 182 1727 ergo
194 1664 218 1713 in
231 1664 344 1714 intellectu
358 1668 508 1715 creaturarum
521 1664 672 1729 spiritualium
689 1664 849 1728 existentibus,
868 1677 932 1729 quas

129 1734 220 1800 qrridam
240 1734 434 1799 intellipenlion,
443 1750 485 1786 nos
498 1741 573 1786 autem
586 1737 689 1801 onpelor
702 1735 806 1796 (liumus,
820 1736 934 1790 dicebant

129 1808 249 1871 procedere
263 1820 341 1857 omncs
354 1809 437 1857 formas
448 1822 500 1871 qum
511 1813 565 1858 sunt
578 1808 601 1858 iu
618 1808 710 1859 materia
723 1808 848 1873 corporali3
864 1809 934 1859 sicut

129 1879 143 1930 l
156 1878 247 1941 formis,
264 1889 315 1942 qum
329 1878 415 1929 suntin
429 1885 505 1931 menie
517 1879 617 1944 unibus,
629 1881 754 1945 procedunt
764 1880 843 1931 forme
855 1882 936 1934 anib-

130 1950 248 2001 ciatomm.
259 1952 287 1999 Et
300 1950 322 2000 in
334 1952 394 2000 idern
403 1951 492 2003 uidebor
501 1953 576 2003 redire
588 1952 649 2016 qood
662 1951 752 2015 quidum
763 1951 863 2001 moderni
877 1953 932 2007 lrae.

130 2021 194 2073 ratini
206 2024 305 2085 ponunt,
321 2021 423 2073 dicentes
434 2024 526 2086 quidem
534 2024 605 2075 mum
619 2026 741 2074 creatorem
754 2022 869 2083 omnium,
885 2028 932 2077 sod

130 2092 244 2143 maurium
259 2093 395 2157 corporalem
407 2093 420 2143 l
430 2095 518 2147 diabolo
528 2096 660 2159 turmulam,
671 2098 743 2159 etpar
751 2094 826 2144 uarias
836 2095 934 2158 species

130 2164 268 2214 distinctam.
286 2164 367 2215 Omnes
381 2170 455 2216 autom
469 2169 505 2219 bn
518 2167 637 2232 opiniones
645 2179 678 2217 ex
689 2179 736 2216 una
749 2166 822 2216 radice
833 2180 932 2229 proces-

131 2236 188 2287 sisse
200 2236 314 2287 nidentur.
329 2236 463 2295 eraerebant
473 2240 536 2289 enim
549 2251 640 2289 causam
650 2240 786 2301 formarum,
796 2251 823 2288 ao
832 2240 853 2289 si
866 2238 929 2305 ipson

129 2306 208 2359 lormar
223 2308 303 2357 tierent
322 2310 444 2361 seorrndino
459 2312 554 2374 seipsas.
569 2311 614 2360 Sed
630 2310 689 2361 siem
701 2312 782 2375 probat
794 2310 932 2364 Aristoteles

128 2377 153 2427 in
167 2380 214 2429 llll.
230 2379 339 2444 Menapi.
354 2381 421 2445 (tert.
437 2387 476 2447 26,
488 2387 518 2431 dl
530 2386 554 2433 ct
564 2382 620 2445 28),
630 2383 655 2433 id
666 2383 726 2447 qood
734 2381 824 2448 proprie
837 2384 875 2447 lit,
890 2389 933 2437 cst

128 2450 286 2513 compositum.
301 2452 387 2503 Formae
410 2457 483 2505 autem
498 2454 684 2519 ¹corruptibilium
704 2467 779 2505 rerum
800 2454 886 2506 babent
902 2461 932 2510 ut

130 2522 250 2585 aliquando
264 2522 318 2585 sint,
332 2524 449 2589 aliquando
462 2538 508 2575 non
522 2524 580 2586 sint,
594 2526 679 2589 absque
689 2528 734 2576 boc
746 2525 807 2589 quod
819 2526 876 2591 ipsae
887 2542 930 2591 gc·

129 2598 235 2643 nerentur
251 2599 289 2644 aut
305 2602 485 2661 corrumpantur,
504 2599 543 2648 sed
556 2598 686 2663 compositis
699 2599 812 2663 generatis
826 2603 866 2651 arnt
878 2616 930 2651 cor·

128 2664 213 2729 ruptis,
228 2667 281 2729 qnia
293 2667 362 2717 etiam
375 2670 453 2721 lormae
468 2682 513 2719 noo
528 2670 614 2721 babent
623 2684 686 2731 esse,
695 2672 737 2721 sed
748 2672 873 2735 composita
887 2674 935 2725 ba·

128 2736 182 2787 boui
193 2752 243 2787 ense
255 2752 293 2801 per
306 2752 352 2790 eas.
365 2740 403 2790 Sic
412 2741 472 2791 enim
487 2740 555 2789 aliem
565 2743 673 2805 competit
689 2743 752 2804 lieri,
766 2744 824 2793 sicut
833 2748 928 2797 etesse.

129 2808 157 2857 lit
173 2810 223 2861 ideo
237 2810 288 2861 cim
302 2812 377 2862 simile
388 2812 427 2861 liat
439 2811 455 2862 i*
465 2826 507 2863 sno
516 2812 600 2873 simili,
614 2827 661 2863 non
675 2817 711 2865 est
720 2816 841 2879 quaerenda
858 2829 929 2868 causa

130 2878 252 2932 formarum
268 2883 416 2947 corporalium
435 2883 510 2947 aliqua
523 2884 594 2938 larana
607 2884 772 2950 immaterialis,
787 2886 828 2937 sed
839 2888 933 2953 aliquod
