1984 3309
138 201 185 250 252
324 211 385 249 rans
397 213 416 260 1,
430 210 523 257 onnes.
537 210 638 261 imm,
652 210 708 249 aar.
723 210 749 249 v.

169 293 193 338 Ξ.
208 288 320 338 Preterea
327 324 336 351 ,
349 288 430 347 llum„
443 288 462 336 l.
478 286 572 349 dicitur,
587 286 645 350 qndd
659 304 672 333 u
686 285 817 339 inuisibilia
833 288 912 357 Dei,
927 308 976 358 per

137 372 166 409 ea
180 372 231 422 qnae
246 360 306 408 lacta
320 361 385 414 suut,
400 358 517 409 intellecta
531 357 709 423 conspiciuntur.
721 356 793 409 »Sed
804 359 878 413 inter
898 367 974 415 inni-

137 430 223 479 sibib'u
234 430 281 479 Dei
289 434 436 481 numerantur
444 429 544 480 rationes
554 434 656 481 aenne.
668 431 727 492 Ergo
737 430 847 483 rationes
858 440 972 489 aeternae

138 516 180 567 per
194 507 309 553 creaturas
319 501 447 552 materiales
459 504 638 566 cognoscuntur,
652 508 676 553 et
686 515 732 553 non
746 514 758 551 e
772 516 914 561 converso.

171 580 194 625 3.
207 578 334 637 Praeterea,
348 574 447 624 rationes
464 578 556 624 aeterne
572 573 629 623 nibil
644 573 769 625 aliudsunl
785 589 863 637 quam
882 579 970 646 ideam

140 646 194 698 dicit
207 646 270 697 enim
277 645 419 709 Augustinus
430 646 457 695 in
468 645 509 695 lib.
524 645 643 696 Llllllllll.
660 646 706 708 (qu.
723 646 772 709 to),
783 646 852 710 qudd
870 668 889 699 rr
904 652 970 706 ideae

141 724 194 769 sunt
215 720 315 770 rationes
328 718 419 769 stabiles
431 731 507 772 rerum
520 718 630 769 inruente
648 717 725 767 diviua
741 717 890 773 existentes.
910 743 927 773 n
945 729 971 777 Si

141 804 195 854 ergo
207 791 295 841 dicatur
304 788 365 853 qubd
378 788 454 846 anima
465 788 603 841 intellectiva
618 789 734 852 cognoscit
750 789 832 840 omnia
844 791 873 843 in
887 798 969 848 ratio-

141 862 209 913 nibus
228 861 335 925 eternis,
358 859 442 910 redibit
469 860 547 925 opinio
569 856 671 911 Platonis
692 860 734 925 uui
750 860 834 925 posuit
860 877 968 920 omnem

141 933 263 984 scientiam
282 934 310 982 ab
326 931 384 983 ideis
398 932 504 983 densari.

172 1006 217 1056 Sed
230 1009 309 1057 contra
317 1008 353 1055 est
360 1042 368 1068 ,
378 1005 439 1069 quod
448 1004 503 1055 dicit
511 1005 651 1069 Augustinus
660 1006 709 1059 llll.
722 1006 796 1068 Coos.
812 1008 885 1074 (cap.
900 1016 967 1079 alp:

143 1094 157 1125 u
170 1077 195 1126 Si
207 1078 272 1127 ambo
285 1076 389 1127 videmus
402 1090 481 1127 verum
494 1090 544 1127 esse
558 1078 619 1141 quod
632 1076 690 1141 dicis
696 1114 705 1141 ,
713 1082 744 1131 ec
757 1078 825 1130 ambo
843 1082 968 1138 uidemus

141 1162 221 1199 rerum
233 1162 285 1199 esse
298 1149 359 1212 quod
371 1148 436 1209 dieo,
451 1149 491 1198 ubi
501 1162 580 1213 queso
591 1148 614 1199 id
625 1148 744 1201 videmus?
759 1162 803 1201 uec
813 1164 863 1215 ego
873 1157 967 1223 utique

140 1221 166 1271 in
178 1225 213 1285 te,
224 1234 267 1272 uec
277 1226 302 1271 tu
315 1220 340 1271 in
351 1236 396 1285 me,
409 1222 450 1273 sed
459 1222 526 1273 ambo
536 1223 561 1271 in
570 1222 632 1287 ipsa,
645 1236 694 1287 qna
703 1236 770 1287 supra
781 1230 882 1277 mentes
899 1244 966 1282 nos·

140 1297 186 1343 tras
202 1296 250 1354 est,
265 1292 443 1344 incommutabili
456 1294 560 1345 semme.
573 1310 586 1341 u
599 1296 688 1345 Veritas
701 1300 777 1345 autem
787 1296 960 1355 incommuta-

138 1364 192 1415 bilis
204 1366 227 1415 iu
244 1365 332 1416 eternis
344 1364 467 1416 rationibus
482 1366 619 1417 continetur.
634 1368 692 1430 Ergo
711 1366 787 1418 anima
800 1367 960 1425 intellectiva

139 1437 217 1488 omniu
232 1450 287 1488 vera
302 1436 418 1500 cognoscit
429 1436 454 1487 in
469 1436 594 1489 rationibus
608 1438 710 1491 eternis.

174 1510 329 1573 (Cousuusro.
344 1536 375 1546 —
385 1508 412 1559 ln
426 1508 552 1561 rationibus
570 1512 662 1561 eternis
675 1510 751 1561 anima
765 1524 813 1562 non
829 1520 966 1577 cognoscin

143 1583 223 1635 omnia
237 1577 349 1647 objectiui
368 1581 512 1645 inpraesenti
527 1585 603 1645 statu,
619 1583 660 1633 sed
675 1582 820 1647 causaliter.)

173 1654 311 1719 Respondeo
321 1652 456 1716 *dicendum
470 1652 531 1715 qnod
543 1654 601 1703 sicut
610 1654 750 1717 Augustinus
763 1653 820 1706 dicit
831 1658 860 1709 in
870 1661 906 1711 ll.
925 1666 966 1713 De

142 1727 210 1777 doct.
225 1725 313 1775 ebriet.
322 1726 352 1790 (c.
364 1727 402 1789 to)
420 1724 505 1784 :uQui
518 1724 651 1791 Philosophi
659 1731 778 1791 uocantur,
789 1728 810 1779 si
820 1742 878 1793 quae
897 1736 964 1787 forle

144 1812 198 1850 vera
215 1800 240 1849 et
255 1797 309 1849 lidei
324 1800 407 1849 nostre
418 1799 566 1849 accommoda
582 1799 699 1863 diremit,
710 1800 737 1849 ab
753 1799 786 1849 eis
801 1804 922 1867 unquam
934 1810 964 1859 ab

144 1869 235 1935 injustis
253 1869 426 1934 possessoribus
438 1870 464 1920 in
479 1884 548 1921 usum
561 1874 662 1922 nostrum
675 1870 816 1922 vendicanda
830 1880 890 1925 sunt
910 1879 961 1943 (1);

144 1944 229 1995 babent
239 1943 299 1994 enim
316 1942 425 1994 doctrine
438 1941 561 1993 Gentilium
572 1944 675 2007 quedam
691 1942 812 2007 simulata,
829 1950 856 1995 et
869 1962 960 2013 snper.

144 2016 233 2067 stiliosa
242 2014 366 2078 figmenta,
377 2028 428 2078 que
441 2014 597 2079 unusquisque
610 2018 711 2065 nostrum
722 2016 749 2065 de
764 2014 878 2073 societate
889 2021 961 2073 Gerr-

143 2087 217 2138 tilium
228 2088 316 2148 exiens,
327 2087 394 2137 debet
404 2086 499 2137 euitare.
506 2102 520 2135 n
530 2088 558 2138 llt
568 2087 620 2137 ideo
629 2088 769 2150 Augustinus
779 2088 820 2151 qui
837 2090 960 2145 doctrinis

146 2161 313 2212 Platonicorum
325 2159 426 2211 imbutus
441 2160 528 2221 fuerat,
543 2160 562 2209 si
576 2173 620 2223 qua
633 2158 722 2209 invenit
733 2158 787 2210 fidei
800 2169 957 2218 accommoda

145 2233 170 2284 in
185 2246 263 2284 corum
281 2233 366 2295 dictis,
384 2233 522 2297 assumpsit3
539 2245 589 2296 que
609 2230 664 2283 verd
682 2230 769 2283 inuenit
788 2230 843 2283 fidei
865 2243 958 2291 nostre

145 2306 249 2370 adversa,
257 2306 283 2355 ln
293 2306 374 2356 melius
385 2304 539 2355 commutauit.
550 2303 629 2355 Posuit
638 2306 715 2353 aulem
723 2302 796 2368 Plato,
809 2304 872 2357 sicut
882 2322 956 2374 supra

146 2378 232 2427 dictum
242 2380 287 2442 cst,
297 2376 381 2442 formas
389 2389 465 2427 rerum
476 2390 518 2441 per
529 2388 555 2427 se
564 2375 686 2427 subsistere
693 2375 706 2425 l
714 2377 809 2427 materia
819 2386 955 2447 separatas,

146 2464 203 2513 guas
216 2450 289 2499 ideas
297 2449 456 2512 uocabat3per
468 2462 563 2513 quarum
574 2447 767 2513 participationem
777 2448 870 2501 dicebat
880 2450 955 2503 intel-

146 2522 229 2571 lectum
243 2523 344 2572 nostrum
357 2520 434 2571 omnia
443 2532 597 2584 cognoscere;
609 2523 635 2569 ut
648 2520 706 2570 sicut
716 2520 811 2571 materia
825 2525 954 2587 corporalis

181 2640 212 2703 (1)
226 2642 363 2697 Exemplum
377 2640 488 2697 interjicit
508 2639 667 2698 AEgppticrum
684 2640 723 2697 qui
741 2654 792 2685 non
809 2640 890 2689 euidens
908 2644 954 2689 bo·

150 2702 232 2750 babent
244 2701 313 2749 idolo
330 2710 352 2749 at
368 2716 443 2747 onera
458 2705 548 2761 gracia
565 2715 617 2759 quae
632 2704 834 2761 populosiorem
851 2706 953 2753 ‹imato-

148 2771 219 2813 rctwr
234 2772 256 2813 ct
268 2767 379 2827 sugeret,
389 2765 430 2810 aad
445 2768 518 2811 etium
531 2778 589 2810 oceo
607 2770 628 2811 ct
643 2770 785 2811 orriomento
804 2768 833 2813 de
847 2781 913 2813 curo
930 2774 951 2815 et

150 2835 249 2889 argento
258 2842 310 2887 paco
325 2831 368 2875 illc
378 2829 581 2887 populosiorem
594 2828 734 2887 dcAEggpte
748 2829 796 2875 cale
804 2834 951 2889 potddcton-

150 2906 222 2958 gesom
236 2892 268 2938 cd
282 2892 405 2939 meliorem
420 2904 492 2936 urum
507 2891 619 2937 clencadd
632 2892 784 2943 ocrcdicooa't,
798 2907 850 2940 aon
864 2896 950 2941 autbo-

151 2958 225 3001 ritotc
232 2958 357 3016 proprio,
371 2952 412 3001 red
427 2967 459 2999 eac
468 2958 589 3013 precepto
602 2954 663 3005 bac,
677 2959 719 3001 etc.
799 3000 803 3009 ,
