<?xml version="1.0" encoding="UTF-8"?>
<!DOCTYPE html PUBLIC "-//W3C//DTD XHTML 1.0 Transitional//EN"
    "http://www.w3.org/TR/xhtml1/DTD/xhtml1-transitional.dtd">
<html xmlns="http://www.w3.org/1999/xhtml" xml:lang="en" lang="en">
 <head>
  <title>
</title>
<meta http-equiv="Content-Type" content="text/html;charset=utf-8" />
  <meta name='ocr-system' content='tesseract 3.04.00' />
  <meta name='ocr-capabilities' content='ocr_page ocr_carea ocr_par ocr_line ocrx_word'/>
</head>
<body>
  <div class='ocr_page' id='page_1' title='image "./summatheologica00nicogoog_0098.png"; bbox 0 0 1984 3309; ppageno 0'>
   <div class='ocr_carea' id='block_1_1' title="bbox 105 183 858 247">
    <p class='ocr_par' dir='ltr' id='par_1_1' title="bbox 105 183 858 247">
     <span class='ocr_line' id='line_1_1' title="bbox 105 183 858 247; baseline -0.004 -10"><span class='ocrx_word' id='word_1_1' title='bbox 105 200 138 237; x_wconf 74' lang='lat' dir='ltr'><strong>m</strong></span> <span class='ocrx_word' id='word_1_2' title='bbox 150 198 255 247; x_wconf 78' lang='lat' dir='ltr'><strong>nonme,</strong></span> <span class='ocrx_word' id='word_1_3' title='bbox 269 197 314 242; x_wconf 81' lang='lat' dir='ltr'><strong>out</strong></span> <span class='ocrx_word' id='word_1_4' title='bbox 326 196 358 234; x_wconf 82' lang='lat' dir='ltr'><strong>nx</strong></span> <span class='ocrx_word' id='word_1_5' title='bbox 373 196 509 236; x_wconf 75' lang='lat' dir='ltr'><strong>smmum</strong></span> <span class='ocrx_word' id='word_1_6' title='bbox 520 196 550 235; x_wconf 80' lang='lat' dir='ltr'><strong>ns</strong></span> <span class='ocrx_word' id='word_1_7' title='bbox 561 193 710 247; x_wconf 70' lang='lat' dir='ltr'><strong>conionum,</strong></span> <span class='ocrx_word' id='word_1_8' title='bbox 723 198 776 237; x_wconf 81' lang='lat' dir='ltr'><strong>nuc.</strong></span> <span class='ocrx_word' id='word_1_9' title='bbox 813 183 858 235; x_wconf 78' lang='lat' dir='ltr'><strong>stt</strong></span> 
     </span>
    </p>
   </div>
   <div class='ocr_carea' id='block_1_2' title="bbox 346 354 537 405">
    <p class='ocr_par' dir='ltr' id='par_1_2' title="bbox 346 354 537 405">
     <span class='ocr_line' id='line_1_2' title="bbox 346 354 537 405; baseline 0 0"><span class='ocrx_word' id='word_1_10' title='bbox 346 354 505 405; x_wconf 70' lang='lat' dir='ltr'><strong>numenius</strong></span> <span class='ocrx_word' id='word_1_11' title='bbox 519 356 537 405; x_wconf 94' lang='lat' dir='ltr'><strong>l.</strong></span> 
     </span>
    </p>
   </div>
   <div class='ocr_carea' id='block_1_3' title="bbox 282 480 607 537">
    <p class='ocr_par' dir='ltr' id='par_1_3' title="bbox 282 480 607 537">
     <span class='ocr_line' id='line_1_3' title="bbox 282 480 607 537; baseline 0 -12"><span class='ocrx_word' id='word_1_12' title='bbox 282 480 371 525; x_wconf 66' lang='lat' dir='ltr'><strong>viria</strong></span> <span class='ocrx_word' id='word_1_13' title='bbox 381 480 466 527; x_wconf 62' lang='lat' dir='ltr'><strong>mm«</strong></span> <span class='ocrx_word' id='word_1_14' title='bbox 472 481 505 524; x_wconf 84' lang='lat' dir='ltr'><strong>sti</strong></span> <span class='ocrx_word' id='word_1_15' title='bbox 514 492 607 537; x_wconf 70' lang='lat' dir='ltr'><strong>eut-pue</strong></span> 
     </span>
    </p>
   </div>
   <div class='ocr_carea' id='block_1_4' title="bbox 44 595 853 2518">
    <p class='ocr_par' dir='ltr' id='par_1_4' title="bbox 44 595 850 1303">
     <span class='ocr_line' id='line_1_4' title="bbox 73 595 844 664; baseline 0.005 -15"><span class='ocrx_word' id='word_1_16' title='bbox 73 598 105 649; x_wconf 76' lang='lat' dir='ltr'><strong>tt</strong></span> <span class='ocrx_word' id='word_1_17' title='bbox 115 596 212 664; x_wconf 79' lang='lat' dir='ltr'><strong>primum</strong></span> <span class='ocrx_word' id='word_1_18' title='bbox 222 597 258 648; x_wconf 86' lang='lat' dir='ltr'><strong>sie</strong></span> <span class='ocrx_word' id='word_1_19' title='bbox 265 595 446 661; x_wconf 62' lang='lat' dir='ltr'><strong>proselitum).</strong></span> <span class='ocrx_word' id='word_1_20' title='bbox 454 596 549 649; x_wconf 77' lang='lat' dir='ltr'><strong>Videtur</strong></span> <span class='ocrx_word' id='word_1_21' title='bbox 560 596 622 661; x_wconf 74' lang='lat' dir='ltr'><strong>quod</strong></span> <span class='ocrx_word' id='word_1_22' title='bbox 630 597 708 649; x_wconf 76' lang='lat' dir='ltr'><strong>auimo</strong></span> <span class='ocrx_word' id='word_1_23' title='bbox 717 598 747 649; x_wconf 88' lang='lat' dir='ltr'><strong>sit</strong></span> <span class='ocrx_word' id='word_1_24' title='bbox 754 612 844 663; x_wconf 81' lang='lat' dir='ltr'><strong>oorpus.</strong></span> 
     </span>
     <span class='ocr_line' id='line_1_5' title="bbox 46 667 847 731; baseline 0.004 -13"><span class='ocrx_word' id='word_1_25' title='bbox 46 670 121 719; x_wconf 82' lang='lat' dir='ltr'><strong>inimo</strong></span> <span class='ocrx_word' id='word_1_26' title='bbox 132 669 196 720; x_wconf 86' lang='lat' dir='ltr'><strong>enim</strong></span> <span class='ocrx_word' id='word_1_27' title='bbox 211 671 249 719; x_wconf 85' lang='lat' dir='ltr'><strong>est</strong></span> <span class='ocrx_word' id='word_1_28' title='bbox 262 671 338 718; x_wconf 86' lang='lat' dir='ltr'><strong>motor</strong></span> <span class='ocrx_word' id='word_1_29' title='bbox 354 667 464 731; x_wconf 83' lang='lat' dir='ltr'><strong>eorporis.</strong></span> <span class='ocrx_word' id='word_1_30' title='bbox 480 669 532 719; x_wconf 86' lang='lat' dir='ltr'><strong>Nun</strong></span> <span class='ocrx_word' id='word_1_31' title='bbox 548 673 623 720; x_wconf 67' lang='lat' dir='ltr'><strong>auum</strong></span> <span class='ocrx_word' id='word_1_32' title='bbox 640 672 676 721; x_wconf 87' lang='lat' dir='ltr'><strong>est</strong></span> <span class='ocrx_word' id='word_1_33' title='bbox 685 683 788 721; x_wconf 84' lang='lat' dir='ltr'><strong>movens</strong></span> <span class='ocrx_word' id='word_1_34' title='bbox 800 685 847 721; x_wconf 89' lang='lat' dir='ltr'><strong>uon</strong></span> 
     </span>
     <span class='ocr_line' id='line_1_6' title="bbox 44 737 848 805; baseline 0.004 -14"><span class='ocrx_word' id='word_1_35' title='bbox 44 747 138 804; x_wconf 84' lang='lat' dir='ltr'><strong>motum;</strong></span> <span class='ocrx_word' id='word_1_36' title='bbox 152 746 203 791; x_wconf 89' lang='lat' dir='ltr'><strong>tum</strong></span> <span class='ocrx_word' id='word_1_37' title='bbox 216 740 274 805; x_wconf 81' lang='lat' dir='ltr'><strong>quio</strong></span> <span class='ocrx_word' id='word_1_38' title='bbox 290 737 382 790; x_wconf 82' lang='lat' dir='ltr'><strong>uidetur</strong></span> <span class='ocrx_word' id='word_1_39' title='bbox 392 738 454 803; x_wconf 77' lang='lat' dir='ltr'><strong>quod</strong></span> <span class='ocrx_word' id='word_1_40' title='bbox 466 739 526 789; x_wconf 87' lang='lat' dir='ltr'><strong>nihil</strong></span> <span class='ocrx_word' id='word_1_41' title='bbox 539 739 610 803; x_wconf 76' lang='lat' dir='ltr'><strong>possit</strong></span> <span class='ocrx_word' id='word_1_42' title='bbox 624 753 716 791; x_wconf 82' lang='lat' dir='ltr'><strong>mouere</strong></span> <span class='ocrx_word' id='word_1_43' title='bbox 733 740 778 793; x_wconf 88' lang='lat' dir='ltr'><strong>nisi</strong></span> <span class='ocrx_word' id='word_1_44' title='bbox 791 756 848 795; x_wconf 89' lang='lat' dir='ltr'><strong>mo-</strong></span> 
     </span>
     <span class='ocr_line' id='line_1_7' title="bbox 44 810 847 879; baseline 0.007 -20"><span class='ocrx_word' id='word_1_45' title='bbox 44 818 126 877; x_wconf 76' lang='lat' dir='ltr'><strong>ueatur,</strong></span> <span class='ocrx_word' id='word_1_46' title='bbox 137 812 194 877; x_wconf 84' lang='lat' dir='ltr'><strong>quia</strong></span> <span class='ocrx_word' id='word_1_47' title='bbox 202 810 265 863; x_wconf 86' lang='lat' dir='ltr'>nihil</span> <span class='ocrx_word' id='word_1_48' title='bbox 277 812 317 862; x_wconf 83' lang='lat' dir='ltr'><strong>dut</strong></span> <span class='ocrx_word' id='word_1_49' title='bbox 327 810 395 862; x_wconf 86' lang='lat' dir='ltr'><strong>alteri</strong></span> <span class='ocrx_word' id='word_1_50' title='bbox 403 813 462 875; x_wconf 84' lang='lat' dir='ltr'><strong>quod</strong></span> <span class='ocrx_word' id='word_1_51' title='bbox 471 826 518 862; x_wconf 89' lang='lat' dir='ltr'><strong>non</strong></span> <span class='ocrx_word' id='word_1_52' title='bbox 527 814 606 876; x_wconf 83' lang='lat' dir='ltr'><strong>habet,</strong></span> <span class='ocrx_word' id='word_1_53' title='bbox 615 812 673 863; x_wconf 87' lang='lat' dir='ltr'><strong>siout</strong></span> <span class='ocrx_word' id='word_1_54' title='bbox 683 815 742 879; x_wconf 84' lang='lat' dir='ltr'><strong>quod</strong></span> <span class='ocrx_word' id='word_1_55' title='bbox 755 827 801 865; x_wconf 87' lang='lat' dir='ltr'><strong>nou</strong></span> <span class='ocrx_word' id='word_1_56' title='bbox 811 816 847 865; x_wconf 85' lang='lat' dir='ltr'><strong>est</strong></span> 
     </span>
     <span class='ocr_line' id='line_1_8' title="bbox 44 875 849 947; baseline 0.004 -15"><span class='ocrx_word' id='word_1_57' title='bbox 44 884 134 935; x_wconf 68' lang='lat' dir='ltr'><strong>olidum</strong></span> <span class='ocrx_word' id='word_1_58' title='bbox 151 898 202 935; x_wconf 88' lang='lat' dir='ltr'><strong>nun</strong></span> <span class='ocrx_word' id='word_1_59' title='bbox 221 875 344 941; x_wconf 77' lang='lat' dir='ltr'><strong>ealefacit,</strong></span> <span class='ocrx_word' id='word_1_60' title='bbox 359 885 411 932; x_wconf 91' lang='lat' dir='ltr'><strong>tum</strong></span> <span class='ocrx_word' id='word_1_61' title='bbox 428 882 481 946; x_wconf 80' lang='lat' dir='ltr'><strong>quin</strong></span> <span class='ocrx_word' id='word_1_62' title='bbox 493 882 515 933; x_wconf 93' lang='lat' dir='ltr'><strong>si</strong></span> <span class='ocrx_word' id='word_1_63' title='bbox 531 882 618 947; x_wconf 79' lang='lat' dir='ltr'><strong>aliquid</strong></span> <span class='ocrx_word' id='word_1_64' title='bbox 635 888 670 934; x_wconf 80' lang='lat' dir='ltr'><strong>ost</strong></span> <span class='ocrx_word' id='word_1_65' title='bbox 687 899 785 935; x_wconf 81' lang='lat' dir='ltr'><strong>movens</strong></span> <span class='ocrx_word' id='word_1_66' title='bbox 798 899 849 935; x_wconf 80' lang='lat' dir='ltr'><strong>uon</strong></span> 
     </span>
     <span class='ocr_line' id='line_1_9' title="bbox 47 954 847 1017; baseline 0.009 -17"><span class='ocrx_word' id='word_1_67' title='bbox 47 961 151 1011; x_wconf 86' lang='lat' dir='ltr'><strong>mutum,</strong></span> <span class='ocrx_word' id='word_1_68' title='bbox 168 958 252 1005; x_wconf 80' lang='lat' dir='ltr'><strong>causat</strong></span> <span class='ocrx_word' id='word_1_69' title='bbox 264 957 354 1004; x_wconf 90' lang='lat' dir='ltr'><strong>motum</strong></span> <span class='ocrx_word' id='word_1_70' title='bbox 366 954 530 1017; x_wconf 82' lang='lat' dir='ltr'><strong>sempiternum</strong></span> <span class='ocrx_word' id='word_1_71' title='bbox 543 955 661 1006; x_wconf 77' lang='lat' dir='ltr'><strong>eteoclem</strong></span> <span class='ocrx_word' id='word_1_72' title='bbox 679 956 746 1007; x_wconf 87' lang='lat' dir='ltr'><strong>modu</strong></span> <span class='ocrx_word' id='word_1_73' title='bbox 763 971 787 1007; x_wconf 83' lang='lat' dir='ltr'><strong>se</strong></span> <span class='ocrx_word' id='word_1_74' title='bbox 806 958 847 1007; x_wconf 81' lang='lat' dir='ltr'><strong>hu·</strong></span> 
     </span>
     <span class='ocr_line' id='line_1_10' title="bbox 47 1024 848 1091; baseline 0.006 -18"><span class='ocrx_word' id='word_1_75' title='bbox 47 1024 143 1089; x_wconf 66' lang='lat' dir='ltr'><strong>moun,</strong></span> <span class='ocrx_word' id='word_1_76' title='bbox 157 1030 185 1077; x_wconf 94' lang='lat' dir='ltr'><strong>ut</strong></span> <span class='ocrx_word' id='word_1_77' title='bbox 198 1025 311 1091; x_wconf 83' lang='lat' dir='ltr'><strong>probatur</strong></span> <span class='ocrx_word' id='word_1_78' title='bbox 321 1024 347 1075; x_wconf 89' lang='lat' dir='ltr'><strong>in</strong></span> <span class='ocrx_word' id='word_1_79' title='bbox 361 1025 643 1091; x_wconf 72' lang='lat' dir='ltr'><strong>tul.1&gt;tys.(s);quot</strong></span> <span class='ocrx_word' id='word_1_80' title='bbox 657 1038 703 1076; x_wconf 89' lang='lat' dir='ltr'><strong>non</strong></span> <span class='ocrx_word' id='word_1_81' title='bbox 714 1031 812 1091; x_wconf 73' lang='lat' dir='ltr'><strong>tuomet</strong></span> <span class='ocrx_word' id='word_1_82' title='bbox 822 1026 848 1079; x_wconf 87' lang='lat' dir='ltr'><strong>in</strong></span> 
     </span>
     <span class='ocr_line' id='line_1_11' title="bbox 47 1094 850 1161; baseline 0.005 -16"><span class='ocrx_word' id='word_1_83' title='bbox 47 1096 220 1147; x_wconf 80' lang='lat' dir='ltr'><strong>moiumimslis</strong></span> <span class='ocrx_word' id='word_1_84' title='bbox 227 1094 331 1161; x_wconf 81' lang='lat' dir='ltr'><strong>,quiesi</strong></span> <span class='ocrx_word' id='word_1_85' title='bbox 342 1096 371 1147; x_wconf 87' lang='lat' dir='ltr'><strong>ab</strong></span> <span class='ocrx_word' id='word_1_86' title='bbox 386 1096 471 1148; x_wconf 75' lang='lat' dir='ltr'><strong>enims.</strong></span> <span class='ocrx_word' id='word_1_87' title='bbox 481 1098 541 1159; x_wconf 78' lang='lat' dir='ltr'><strong>Ergo</strong></span> <span class='ocrx_word' id='word_1_88' title='bbox 554 1096 630 1147; x_wconf 79' lang='lat' dir='ltr'><strong>anina</strong></span> <span class='ocrx_word' id='word_1_89' title='bbox 640 1102 675 1148; x_wconf 86' lang='lat' dir='ltr'><strong>est</strong></span> <span class='ocrx_word' id='word_1_90' title='bbox 684 1113 782 1148; x_wconf 81' lang='lat' dir='ltr'><strong>movens</strong></span> <span class='ocrx_word' id='word_1_91' title='bbox 796 1114 850 1149; x_wconf 87' lang='lat' dir='ltr'><strong>mo-</strong></span> 
     </span>
     <span class='ocr_line' id='line_1_12' title="bbox 47 1168 850 1233; baseline 0.009 -19"><span class='ocrx_word' id='word_1_92' title='bbox 47 1171 107 1219; x_wconf 85' lang='lat' dir='ltr'><strong>tum.</strong></span> <span class='ocrx_word' id='word_1_93' title='bbox 121 1169 169 1220; x_wconf 83' lang='lat' dir='ltr'><strong>Sed</strong></span> <span class='ocrx_word' id='word_1_94' title='bbox 189 1181 261 1219; x_wconf 87' lang='lat' dir='ltr'><strong>omne</strong></span> <span class='ocrx_word' id='word_1_95' title='bbox 275 1181 373 1219; x_wconf 81' lang='lat' dir='ltr'><strong>mouens</strong></span> <span class='ocrx_word' id='word_1_96' title='bbox 388 1172 475 1219; x_wconf 89' lang='lat' dir='ltr'><strong>motum</strong></span> <span class='ocrx_word' id='word_1_97' title='bbox 489 1172 526 1219; x_wconf 86' lang='lat' dir='ltr'><strong>ost</strong></span> <span class='ocrx_word' id='word_1_98' title='bbox 539 1182 630 1233; x_wconf 78' lang='lat' dir='ltr'><strong>eorpus.</strong></span> <span class='ocrx_word' id='word_1_99' title='bbox 647 1170 706 1233; x_wconf 72' lang='lat' dir='ltr'><strong>Ergo</strong></span> <span class='ocrx_word' id='word_1_100' title='bbox 722 1168 799 1221; x_wconf 81' lang='lat' dir='ltr'><strong>enims</strong></span> <span class='ocrx_word' id='word_1_101' title='bbox 814 1174 850 1221; x_wconf 86' lang='lat' dir='ltr'><strong>est</strong></span> 
     </span>
     <span class='ocr_line' id='line_1_13' title="bbox 46 1253 133 1303; baseline 0.046 -16"><span class='ocrx_word' id='word_1_102' title='bbox 46 1253 133 1303; x_wconf 76' lang='lat' dir='ltr'><strong>eorpus.</strong></span> 
     </span>
    </p>

    <p class='ocr_par' dir='ltr' id='par_1_5' title="bbox 44 1310 853 1809">
     <span class='ocr_line' id='line_1_14' title="bbox 73 1310 848 1380; baseline 0.006 -19"><span class='ocrx_word' id='word_1_103' title='bbox 73 1316 97 1361; x_wconf 72' lang='lat' dir='ltr'><strong>t.</strong></span> <span class='ocrx_word' id='word_1_104' title='bbox 105 1315 237 1376; x_wconf 63' lang='lat' dir='ltr'><strong>mione,</strong></span> <span class='ocrx_word' id='word_1_105' title='bbox 242 1310 320 1362; x_wconf 88' lang='lat' dir='ltr'><strong>omnis</strong></span> <span class='ocrx_word' id='word_1_106' title='bbox 328 1310 461 1374; x_wconf 79' lang='lat' dir='ltr'><strong>cognitioit</strong></span> <span class='ocrx_word' id='word_1_107' title='bbox 468 1312 617 1377; x_wconf 77' lang='lat' dir='ltr'><strong>perationem</strong></span> <span class='ocrx_word' id='word_1_108' title='bbox 625 1312 848 1380; x_wconf 79' lang='lat' dir='ltr'><strong>similitudinem(³).</strong></span> 
     </span>
     <span class='ocr_line' id='line_1_15' title="bbox 44 1380 846 1449; baseline 0.009 -19"><span class='ocrx_word' id='word_1_109' title='bbox 44 1382 93 1431; x_wconf 88' lang='lat' dir='ltr'><strong>Non</strong></span> <span class='ocrx_word' id='word_1_110' title='bbox 104 1388 182 1447; x_wconf 78' lang='lat' dir='ltr'><strong>potest</strong></span> <span class='ocrx_word' id='word_1_111' title='bbox 189 1388 269 1433; x_wconf 81' lang='lat' dir='ltr'><strong>autem</strong></span> <span class='ocrx_word' id='word_1_112' title='bbox 279 1395 331 1433; x_wconf 83' lang='lat' dir='ltr'><strong>esse</strong></span> <span class='ocrx_word' id='word_1_113' title='bbox 340 1380 465 1433; x_wconf 79' lang='lat' dir='ltr'><strong>similitudo</strong></span> <span class='ocrx_word' id='word_1_114' title='bbox 472 1383 575 1448; x_wconf 76' lang='lat' dir='ltr'><strong>eorporis</strong></span> <span class='ocrx_word' id='word_1_115' title='bbox 584 1384 613 1435; x_wconf 78' lang='lat' dir='ltr'><strong>ud</strong></span> <span class='ocrx_word' id='word_1_116' title='bbox 621 1397 670 1435; x_wconf 82' lang='lat' dir='ltr'><strong>rom</strong></span> <span class='ocrx_word' id='word_1_117' title='bbox 679 1385 846 1449; x_wconf 73' lang='lat' dir='ltr'><strong>incorporeum.</strong></span> 
     </span>
     <span class='ocr_line' id='line_1_16' title="bbox 46 1454 850 1519; baseline 0.011 -17"><span class='ocrx_word' id='word_1_118' title='bbox 46 1454 71 1503; x_wconf 83' lang='lat' dir='ltr'><strong>Si</strong></span> <span class='ocrx_word' id='word_1_119' title='bbox 84 1454 152 1518; x_wconf 67' lang='lat' dir='ltr'><strong>igitur</strong></span> <span class='ocrx_word' id='word_1_120' title='bbox 165 1456 247 1507; x_wconf 85' lang='lat' dir='ltr'><strong>anima</strong></span> <span class='ocrx_word' id='word_1_121' title='bbox 259 1468 307 1507; x_wconf 89' lang='lat' dir='ltr'><strong>nou</strong></span> <span class='ocrx_word' id='word_1_122' title='bbox 320 1457 384 1505; x_wconf 83' lang='lat' dir='ltr'><strong>esset</strong></span> <span class='ocrx_word' id='word_1_123' title='bbox 397 1468 493 1519; x_wconf 79' lang='lat' dir='ltr'><strong>eorpus,</strong></span> <span class='ocrx_word' id='word_1_124' title='bbox 506 1468 553 1507; x_wconf 86' lang='lat' dir='ltr'><strong>uon</strong></span> <span class='ocrx_word' id='word_1_125' title='bbox 566 1461 644 1519; x_wconf 82' lang='lat' dir='ltr'><strong>posset</strong></span> <span class='ocrx_word' id='word_1_126' title='bbox 660 1469 797 1519; x_wconf 75' lang='lat' dir='ltr'><strong>cognoscere</strong></span> <span class='ocrx_word' id='word_1_127' title='bbox 812 1471 850 1511; x_wconf 79' lang='lat' dir='ltr'><strong>ses</strong></span> 
     </span>
     <span class='ocr_line' id='line_1_17' title="bbox 78 1597 849 1665; baseline 0.008 -18"><span class='ocrx_word' id='word_1_128' title='bbox 78 1602 101 1650; x_wconf 73' lang='lat' dir='ltr'><strong>t.</strong></span> <span class='ocrx_word' id='word_1_129' title='bbox 114 1600 244 1663; x_wconf 69' lang='lat' dir='ltr'><strong>Pmtereu,</strong></span> <span class='ocrx_word' id='word_1_130' title='bbox 254 1597 371 1649; x_wconf 82' lang='lat' dir='ltr'><strong>mouentis</strong></span> <span class='ocrx_word' id='word_1_131' title='bbox 383 1598 413 1651; x_wconf 83' lang='lat' dir='ltr'><strong>ui</strong></span> <span class='ocrx_word' id='word_1_132' title='bbox 422 1603 508 1650; x_wconf 79' lang='lat' dir='ltr'><strong>motum</strong></span> <span class='ocrx_word' id='word_1_133' title='bbox 519 1603 610 1664; x_wconf 78' lang='lat' dir='ltr'>oportet</span> <span class='ocrx_word' id='word_1_134' title='bbox 619 1614 669 1653; x_wconf 85' lang='lat' dir='ltr'><strong>esse</strong></span> <span class='ocrx_word' id='word_1_135' title='bbox 680 1600 779 1665; x_wconf 78' lang='lat' dir='ltr'><strong>aliquem</strong></span> <span class='ocrx_word' id='word_1_136' title='bbox 793 1615 849 1653; x_wconf 89' lang='lat' dir='ltr'><strong>eou-</strong></span> 
     </span>
     <span class='ocr_line' id='line_1_18' title="bbox 46 1670 853 1736; baseline 0.007 -18"><span class='ocrx_word' id='word_1_137' title='bbox 46 1672 135 1721; x_wconf 76' lang='lat' dir='ltr'><strong>istium.</strong></span> <span class='ocrx_word' id='word_1_138' title='bbox 150 1672 279 1722; x_wconf 78' lang='lat' dir='ltr'><strong>coniuctus</strong></span> <span class='ocrx_word' id='word_1_139' title='bbox 293 1673 373 1719; x_wconf 80' lang='lat' dir='ltr'><strong>autem</strong></span> <span class='ocrx_word' id='word_1_140' title='bbox 391 1682 438 1720; x_wconf 83' lang='lat' dir='ltr'><strong>non</strong></span> <span class='ocrx_word' id='word_1_141' title='bbox 450 1673 487 1722; x_wconf 83' lang='lat' dir='ltr'><strong>est</strong></span> <span class='ocrx_word' id='word_1_142' title='bbox 501 1670 547 1721; x_wconf 90' lang='lat' dir='ltr'><strong>nisi</strong></span> <span class='ocrx_word' id='word_1_143' title='bbox 563 1684 693 1736; x_wconf 75' lang='lat' dir='ltr'><strong>corporum.</strong></span> <span class='ocrx_word' id='word_1_144' title='bbox 708 1671 765 1723; x_wconf 80' lang='lat' dir='ltr'><strong>Cim</strong></span> <span class='ocrx_word' id='word_1_145' title='bbox 782 1671 853 1735; x_wconf 70' lang='lat' dir='ltr'><strong>luitur</strong></span> 
     </span>
     <span class='ocr_line' id='line_1_19' title="bbox 44 1740 751 1809; baseline 0.007 -20"><span class='ocrx_word' id='word_1_146' title='bbox 44 1740 118 1791; x_wconf 77' lang='lat' dir='ltr'><strong>anime</strong></span> <span class='ocrx_word' id='word_1_147' title='bbox 130 1745 227 1792; x_wconf 83' lang='lat' dir='ltr'><strong>moueat</strong></span> <span class='ocrx_word' id='word_1_148' title='bbox 240 1754 337 1805; x_wconf 82' lang='lat' dir='ltr'><strong>eorpus,</strong></span> <span class='ocrx_word' id='word_1_149' title='bbox 351 1740 443 1791; x_wconf 77' lang='lat' dir='ltr'><strong>uidetur</strong></span> <span class='ocrx_word' id='word_1_150' title='bbox 455 1740 516 1805; x_wconf 71' lang='lat' dir='ltr'><strong>quito</strong></span> <span class='ocrx_word' id='word_1_151' title='bbox 529 1742 607 1793; x_wconf 80' lang='lat' dir='ltr'><strong>enims</strong></span> <span class='ocrx_word' id='word_1_152' title='bbox 618 1741 648 1793; x_wconf 87' lang='lat' dir='ltr'><strong>sit</strong></span> <span class='ocrx_word' id='word_1_153' title='bbox 660 1757 751 1809; x_wconf 80' lang='lat' dir='ltr'><strong>corpus.</strong></span> 
     </span>
    </p>

    <p class='ocr_par' dir='ltr' id='par_1_6' title="bbox 45 1812 851 2020">
     <span class='ocr_line' id='line_1_20' title="bbox 73 1812 851 1878; baseline 0.003 -16"><span class='ocrx_word' id='word_1_154' title='bbox 73 1812 120 1862; x_wconf 78' lang='lat' dir='ltr'><strong>sod</strong></span> <span class='ocrx_word' id='word_1_155' title='bbox 131 1816 215 1863; x_wconf 80' lang='lat' dir='ltr'><strong>oontm</strong></span> <span class='ocrx_word' id='word_1_156' title='bbox 225 1814 277 1875; x_wconf 87' lang='lat' dir='ltr'><strong>est,</strong></span> <span class='ocrx_word' id='word_1_157' title='bbox 288 1812 350 1875; x_wconf 82' lang='lat' dir='ltr'><strong>quod</strong></span> <span class='ocrx_word' id='word_1_158' title='bbox 366 1812 505 1874; x_wconf 69' lang='lat' dir='ltr'><strong>Augustinus</strong></span> <span class='ocrx_word' id='word_1_159' title='bbox 517 1814 572 1864; x_wconf 80' lang='lat' dir='ltr'><strong>dicit</strong></span> <span class='ocrx_word' id='word_1_160' title='bbox 584 1815 631 1878; x_wconf 80' lang='lat' dir='ltr'><strong>Vl,</strong></span> <span class='ocrx_word' id='word_1_161' title='bbox 646 1814 678 1865; x_wconf 78' lang='lat' dir='ltr'><strong>de</strong></span> <span class='ocrx_word' id='word_1_162' title='bbox 691 1814 759 1864; x_wconf 78' lang='lat' dir='ltr'><strong>Trio.</strong></span> <span class='ocrx_word' id='word_1_163' title='bbox 769 1852 777 1877; x_wconf 89' lang='lat'>,</span> <span class='ocrx_word' id='word_1_164' title='bbox 789 1814 851 1878; x_wconf 71' lang='lat' dir='ltr'><strong>qnid</strong></span> 
     </span>
     <span class='ocr_line' id='line_1_21' title="bbox 45 1882 851 1951; baseline 0.012 -22"><span class='ocrx_word' id='word_1_165' title='bbox 45 1900 59 1929; x_wconf 79' lang='lat' dir='ltr'><strong>u</strong></span> <span class='ocrx_word' id='word_1_166' title='bbox 73 1882 151 1935; x_wconf 80' lang='lat' dir='ltr'><strong>anime</strong></span> <span class='ocrx_word' id='word_1_167' title='bbox 163 1883 301 1947; x_wconf 65' lang='lat' dir='ltr'><strong>nmnliuler</strong></span> <span class='ocrx_word' id='word_1_168' title='bbox 314 1882 399 1933; x_wconf 74' lang='lat' dir='ltr'><strong>dicitu</strong></span> <span class='ocrx_word' id='word_1_169' title='bbox 407 1889 513 1949; x_wconf 65' lang='lat' dir='ltr'><strong>resoeau</strong></span> <span class='ocrx_word' id='word_1_170' title='bbox 524 1885 641 1950; x_wconf 75' lang='lat' dir='ltr'><strong>muueris,</strong></span> <span class='ocrx_word' id='word_1_171' title='bbox 652 1886 707 1951; x_wconf 78' lang='lat' dir='ltr'><strong>quia</strong></span> <span class='ocrx_word' id='word_1_172' title='bbox 727 1887 786 1941; x_wconf 79' lang='lat' dir='ltr'><strong>mole</strong></span> <span class='ocrx_word' id='word_1_173' title='bbox 804 1900 851 1939; x_wconf 85' lang='lat' dir='ltr'><strong>uon</strong></span> 
     </span>
     <span class='ocr_line' id='line_1_22' title="bbox 45 1953 444 2020; baseline 0.005 -19"><span class='ocrx_word' id='word_1_174' title='bbox 45 1953 181 2005; x_wconf 73' lang='lat' dir='ltr'><strong>diffunditur</strong></span> <span class='ocrx_word' id='word_1_175' title='bbox 195 1968 239 2018; x_wconf 82' lang='lat' dir='ltr'><strong>per</strong></span> <span class='ocrx_word' id='word_1_176' title='bbox 248 1954 350 2020; x_wconf 79' lang='lat' dir='ltr'><strong>spatium</strong></span> <span class='ocrx_word' id='word_1_177' title='bbox 361 1954 414 2005; x_wconf 82' lang='lat' dir='ltr'><strong>loci.</strong></span> <span class='ocrx_word' id='word_1_178' title='bbox 429 1971 444 2003; x_wconf 81' lang='lat' dir='ltr'><strong>u</strong></span> 
     </span>
    </p>

    <p class='ocr_par' dir='ltr' id='par_1_7' title="bbox 46 2024 851 2235">
     <span class='ocr_line' id='line_1_23' title="bbox 74 2024 850 2091; baseline 0.003 -14"><span class='ocrx_word' id='word_1_179' title='bbox 74 2024 361 2090; x_wconf 66' lang='lat' dir='ltr'><strong>(concussio-Anime</strong></span> <span class='ocrx_word' id='word_1_180' title='bbox 374 2024 427 2075; x_wconf 83' lang='lat' dir='ltr'><strong>eim</strong></span> <span class='ocrx_word' id='word_1_181' title='bbox 439 2026 470 2077; x_wconf 85' lang='lat' dir='ltr'><strong>sit</strong></span> <span class='ocrx_word' id='word_1_182' title='bbox 478 2026 577 2090; x_wconf 83' lang='lat' dir='ltr'><strong>primum</strong></span> <span class='ocrx_word' id='word_1_183' title='bbox 595 2026 732 2091; x_wconf 73' lang='lat' dir='ltr'><strong>plincipium</strong></span> <span class='ocrx_word' id='word_1_184' title='bbox 744 2027 797 2079; x_wconf 77' lang='lat' dir='ltr'><strong>vito</strong></span> <span class='ocrx_word' id='word_1_185' title='bbox 806 2065 815 2091; x_wconf 87' lang='lat'><strong><em>,</em></strong></span> <span class='ocrx_word' id='word_1_186' title='bbox 825 2028 850 2079; x_wconf 88' lang='lat' dir='ltr'><strong>in</strong></span> 
     </span>
     <span class='ocr_line' id='line_1_24' title="bbox 46 2095 851 2163; baseline 0.006 -18"><span class='ocrx_word' id='word_1_187' title='bbox 46 2096 79 2145; x_wconf 80' lang='lat' dir='ltr'><strong>tis</strong></span> <span class='ocrx_word' id='word_1_188' title='bbox 95 2111 147 2161; x_wconf 74' lang='lat' dir='ltr'><strong>que</strong></span> <span class='ocrx_word' id='word_1_189' title='bbox 160 2096 224 2161; x_wconf 77' lang='lat' dir='ltr'><strong>apud</strong></span> <span class='ocrx_word' id='word_1_190' title='bbox 237 2109 282 2147; x_wconf 85' lang='lat' dir='ltr'><strong>uos</strong></span> <span class='ocrx_word' id='word_1_191' title='bbox 298 2095 394 2154; x_wconf 82' lang='lat' dir='ltr'><strong>visunt,</strong></span> <span class='ocrx_word' id='word_1_192' title='bbox 408 2096 549 2161; x_wconf 77' lang='lat' dir='ltr'><strong>impossibile</strong></span> <span class='ocrx_word' id='word_1_193' title='bbox 561 2102 597 2149; x_wconf 85' lang='lat' dir='ltr'><strong>est</strong></span> <span class='ocrx_word' id='word_1_194' title='bbox 607 2098 680 2162; x_wconf 80' lang='lat' dir='ltr'><strong>ipsam</strong></span> <span class='ocrx_word' id='word_1_195' title='bbox 695 2112 745 2151; x_wconf 80' lang='lat' dir='ltr'><strong>esse</strong></span> <span class='ocrx_word' id='word_1_196' title='bbox 755 2112 851 2163; x_wconf 76' lang='lat' dir='ltr'><strong>turpem,</strong></span> 
     </span>
     <span class='ocr_line' id='line_1_25' title="bbox 46 2167 761 2235; baseline 0.006 -17"><span class='ocrx_word' id='word_1_197' title='bbox 46 2171 82 2218; x_wconf 85' lang='lat' dir='ltr'><strong>sed</strong></span> <span class='ocrx_word' id='word_1_198' title='bbox 100 2168 206 2235; x_wconf 80' lang='lat' dir='ltr'><strong>eorporis</strong></span> <span class='ocrx_word' id='word_1_199' title='bbox 221 2167 328 2233; x_wconf 86' lang='lat' dir='ltr'><strong>uotum.)</strong></span> <span class='ocrx_word' id='word_1_200' title='bbox 757 2205 761 2214; x_wconf 84' lang='lat'><strong>·</strong></span> 
     </span>
    </p>

    <p class='ocr_par' dir='ltr' id='par_1_8' title="bbox 49 2237 851 2518">
     <span class='ocr_line' id='line_1_26' title="bbox 75 2237 848 2306; baseline 0.008 -17"><span class='ocrx_word' id='word_1_201' title='bbox 75 2237 659 2305; x_wconf 78' lang='lat' dir='ltr'><strong>Respondeotliuendum,quidadiuquirendumde</strong></span> <span class='ocrx_word' id='word_1_202' title='bbox 668 2244 749 2295; x_wconf 83' lang='lat' dir='ltr'><strong>nutura</strong></span> <span class='ocrx_word' id='word_1_203' title='bbox 756 2241 848 2306; x_wconf 80' lang='lat' dir='ltr'><strong>anime,</strong></span> 
     </span>
     <span class='ocr_line' id='line_1_27' title="bbox 49 2308 851 2379; baseline 0.01 -22"><span class='ocrx_word' id='word_1_204' title='bbox 49 2314 131 2371; x_wconf 76' lang='lat' dir='ltr'><strong>oportet</strong></span> <span class='ocrx_word' id='word_1_205' title='bbox 143 2324 327 2375; x_wconf 78' lang='lat' dir='ltr'><strong>praesupuouere</strong></span> <span class='ocrx_word' id='word_1_206' title='bbox 341 2308 403 2375; x_wconf 77' lang='lat' dir='ltr'><strong>quod</strong></span> <span class='ocrx_word' id='word_1_207' title='bbox 413 2309 490 2361; x_wconf 77' lang='lat' dir='ltr'><strong>auimo</strong></span> <span class='ocrx_word' id='word_1_208' title='bbox 499 2310 580 2361; x_wconf 86' lang='lat' dir='ltr'><strong>dicitur</strong></span> <span class='ocrx_word' id='word_1_209' title='bbox 589 2326 638 2363; x_wconf 85' lang='lat' dir='ltr'><strong>esse</strong></span> <span class='ocrx_word' id='word_1_210' title='bbox 653 2312 750 2377; x_wconf 79' lang='lat' dir='ltr'><strong>primum</strong></span> <span class='ocrx_word' id='word_1_211' title='bbox 763 2314 851 2379; x_wconf 80' lang='lat' dir='ltr'><strong>priuci-</strong></span> 
     </span>
     <span class='ocr_line' id='line_1_28' title="bbox 49 2381 850 2447; baseline 0.011 -19"><span class='ocrx_word' id='word_1_212' title='bbox 49 2381 105 2443; x_wconf 81' lang='lat' dir='ltr'><strong>pium</strong></span> <span class='ocrx_word' id='word_1_213' title='bbox 113 2384 182 2446; x_wconf 76' lang='lat' dir='ltr'><strong>vitu,</strong></span> <span class='ocrx_word' id='word_1_214' title='bbox 190 2382 216 2432; x_wconf 90' lang='lat' dir='ltr'><strong>iu</strong></span> <span class='ocrx_word' id='word_1_215' title='bbox 227 2382 265 2433; x_wconf 84' lang='lat' dir='ltr'><strong>nis</strong></span> <span class='ocrx_word' id='word_1_216' title='bbox 274 2397 326 2447; x_wconf 71' lang='lat' dir='ltr'><strong>quse</strong></span> <span class='ocrx_word' id='word_1_217' title='bbox 335 2382 398 2446; x_wconf 80' lang='lat' dir='ltr'><strong>apud</strong></span> <span class='ocrx_word' id='word_1_218' title='bbox 406 2396 449 2432; x_wconf 91' lang='lat' dir='ltr'><strong>nos</strong></span> <span class='ocrx_word' id='word_1_219' title='bbox 456 2382 657 2447; x_wconf 75' lang='lat' dir='ltr'><strong>eivuut;auimuta</strong></span> <span class='ocrx_word' id='word_1_220' title='bbox 668 2385 730 2435; x_wconf 88' lang='lat' dir='ltr'><strong>enim</strong></span> <span class='ocrx_word' id='word_1_221' title='bbox 740 2386 850 2437; x_wconf 80' lang='lat' dir='ltr'><strong>viventia</strong></span> 
     </span>
     <span class='ocr_line' id='line_1_29' title="bbox 49 2452 851 2518; baseline 0.01 -17"><span class='ocrx_word' id='word_1_222' title='bbox 49 2452 148 2518; x_wconf 76' lang='lat' dir='ltr'><strong>dicimus,</strong></span> <span class='ocrx_word' id='word_1_223' title='bbox 156 2468 196 2507; x_wconf 81' lang='lat' dir='ltr'><strong>res</strong></span> <span class='ocrx_word' id='word_1_224' title='bbox 204 2452 261 2505; x_wconf 78' lang='lat' dir='ltr'><strong>verb</strong></span> <span class='ocrx_word' id='word_1_225' title='bbox 266 2452 476 2517; x_wconf 79' lang='lat' dir='ltr'><strong>inanimatus,oitu</strong></span> <span class='ocrx_word' id='word_1_226' title='bbox 483 2456 742 2511; x_wconf 70' lang='lat' dir='ltr'><strong>carenteslliiuauiom</strong></span> <span class='ocrx_word' id='word_1_227' title='bbox 753 2456 851 2509; x_wconf 80' lang='lat' dir='ltr'><strong>maximi</strong></span> 
     </span>
    </p>
   </div>
   <div class='ocr_carea' id='block_1_5' title="bbox 46 2586 850 2709">
    <p class='ocr_par' dir='ltr' id='par_1_9' title="bbox 46 2586 850 2709">
     <span class='ocr_line' id='line_1_30' title="bbox 78 2586 850 2652; baseline 0.008 -17"><span class='ocrx_word' id='word_1_228' title='bbox 78 2586 108 2651; x_wconf 72' lang='lat' dir='ltr'><strong>{il</strong></span> <span class='ocrx_word' id='word_1_229' title='bbox 123 2592 158 2637; x_wconf 83' lang='lat' dir='ltr'><strong>lte</strong></span> <span class='ocrx_word' id='word_1_230' title='bbox 168 2589 208 2637; x_wconf 83' lang='lat' dir='ltr'><strong>his</strong></span> <span class='ocrx_word' id='word_1_231' title='bbox 221 2591 292 2636; x_wconf 82' lang='lat' dir='ltr'><strong>etium</strong></span> <span class='ocrx_word' id='word_1_232' title='bbox 304 2590 397 2636; x_wconf 78' lang='lat' dir='ltr'><strong>Cootru</strong></span> <span class='ocrx_word' id='word_1_233' title='bbox 410 2591 491 2641; x_wconf 70' lang='lat' dir='ltr'><strong>Geel„</strong></span> <span class='ocrx_word' id='word_1_234' title='bbox 501 2592 544 2637; x_wconf 88' lang='lat' dir='ltr'><strong>lib.</strong></span> <span class='ocrx_word' id='word_1_235' title='bbox 559 2592 583 2652; x_wconf 75' lang='lat'><strong>2,</strong></span> <span class='ocrx_word' id='word_1_236' title='bbox 593 2604 645 2651; x_wconf 85' lang='lat' dir='ltr'><strong>cup.</strong></span> <span class='ocrx_word' id='word_1_237' title='bbox 660 2592 691 2637; x_wconf 74' lang='lat' dir='ltr'><strong>ti</strong></span> <span class='ocrx_word' id='word_1_238' title='bbox 701 2600 725 2639; x_wconf 86' lang='lat' dir='ltr'><strong>et</strong></span> <span class='ocrx_word' id='word_1_239' title='bbox 736 2606 787 2651; x_wconf 84' lang='lat' dir='ltr'><strong>unp.</strong></span> <span class='ocrx_word' id='word_1_240' title='bbox 805 2594 850 2651; x_wconf 72' lang='lat'><strong>803</strong></span> 
     </span>
     <span class='ocr_line' id='line_1_31' title="bbox 46 2652 564 2709; baseline 0.002 -11"><span class='ocrx_word' id='word_1_241' title='bbox 46 2658 71 2698; x_wconf 86' lang='lat' dir='ltr'><strong>ui</strong></span> <span class='ocrx_word' id='word_1_242' title='bbox 82 2659 107 2698; x_wconf 87' lang='lat' dir='ltr'><strong>et</strong></span> <span class='ocrx_word' id='word_1_243' title='bbox 123 2654 149 2698; x_wconf 87' lang='lat' dir='ltr'><strong>in</strong></span> <span class='ocrx_word' id='word_1_244' title='bbox 167 2666 209 2709; x_wconf 85' lang='lat' dir='ltr'><strong>qu.</strong></span> <span class='ocrx_word' id='word_1_245' title='bbox 227 2653 262 2698; x_wconf 77' lang='lat' dir='ltr'><strong>De</strong></span> <span class='ocrx_word' id='word_1_246' title='bbox 277 2655 373 2703; x_wconf 64' lang='lat' dir='ltr'><strong>maimo,</strong></span> <span class='ocrx_word' id='word_1_247' title='bbox 390 2658 434 2697; x_wconf 79' lang='lat' dir='ltr'><strong>unt.</strong></span> <span class='ocrx_word' id='word_1_248' title='bbox 449 2652 510 2709; x_wconf 86' lang='lat' dir='ltr'><strong>disp.</strong></span> <span class='ocrx_word' id='word_1_249' title='bbox 526 2654 564 2700; x_wconf 82' lang='lat' dir='ltr'><strong>tlt.</strong></span> 
     </span>
    </p>
   </div>
   <div class='ocr_carea' id='block_1_6' title="bbox 48 2720 851 2843">
    <p class='ocr_par' dir='ltr' id='par_1_10' title="bbox 48 2720 851 2843">
     <span class='ocr_line' id='line_1_32' title="bbox 78 2720 851 2786; baseline 0.005 -17"><span class='ocrx_word' id='word_1_250' title='bbox 78 2720 109 2785; x_wconf 72' lang='lat' dir='ltr'><strong>(i)</strong></span> <span class='ocrx_word' id='word_1_251' title='bbox 121 2724 215 2780; x_wconf 76' lang='lat' dir='ltr'><strong>Nempe</strong></span> <span class='ocrx_word' id='word_1_252' title='bbox 227 2722 241 2768; x_wconf 77' lang='lat' dir='ltr'><strong>i</strong></span> <span class='ocrx_word' id='word_1_253' title='bbox 251 2729 316 2769; x_wconf 81' lang='lat' dir='ltr'><strong>textu</strong></span> <span class='ocrx_word' id='word_1_254' title='bbox 327 2722 358 2768; x_wconf 74' lang='lat' dir='ltr'><strong>to</strong></span> <span class='ocrx_word' id='word_1_255' title='bbox 372 2736 446 2781; x_wconf 83' lang='lat' dir='ltr'><strong>usque</strong></span> <span class='ocrx_word' id='word_1_256' title='bbox 456 2724 485 2769; x_wconf 85' lang='lat' dir='ltr'><strong>ud</strong></span> <span class='ocrx_word' id='word_1_257' title='bbox 493 2730 581 2770; x_wconf 85' lang='lat' dir='ltr'><strong>textum</strong></span> <span class='ocrx_word' id='word_1_258' title='bbox 594 2722 637 2786; x_wconf 82' lang='grc'><strong>53,</strong></span> <span class='ocrx_word' id='word_1_259' title='bbox 650 2734 675 2774; x_wconf 88' lang='lat' dir='ltr'><strong>ut</strong></span> <span class='ocrx_word' id='word_1_260' title='bbox 689 2733 712 2775; x_wconf 83' lang='lat' dir='ltr'><strong>et</strong></span> <span class='ocrx_word' id='word_1_261' title='bbox 725 2725 814 2785; x_wconf 80' lang='lat' dir='ltr'><strong>plenius</strong></span> <span class='ocrx_word' id='word_1_262' title='bbox 827 2728 851 2773; x_wconf 89' lang='lat' dir='ltr'><strong>in</strong></span> 
     </span>
     <span class='ocr_line' id='line_1_33' title="bbox 48 2786 308 2843; baseline 0.012 -14"><span class='ocrx_word' id='word_1_263' title='bbox 48 2786 199 2843; x_wconf 71' lang='lat' dir='ltr'><strong>responsione</strong></span> <span class='ocrx_word' id='word_1_264' title='bbox 210 2787 308 2842; x_wconf 73' lang='lat' dir='ltr'><strong>patebit.</strong></span> 
     </span>
    </p>
   </div>
   <div class='ocr_carea' id='block_1_7' title="bbox 51 2852 852 2977">
    <p class='ocr_par' dir='ltr' id='par_1_11' title="bbox 51 2852 852 2977">
     <span class='ocr_line' id='line_1_34' title="bbox 80 2852 852 2918; baseline 0.001 -17"><span class='ocrx_word' id='word_1_265' title='bbox 80 2852 111 2917; x_wconf 75' lang='lat' dir='ltr'><strong>(i)</strong></span> <span class='ocrx_word' id='word_1_266' title='bbox 121 2856 149 2901; x_wconf 81' lang='lat' dir='ltr'><strong>io</strong></span> <span class='ocrx_word' id='word_1_267' title='bbox 163 2862 201 2902; x_wconf 82' lang='lat' dir='ltr'><strong>est</strong></span> <span class='ocrx_word' id='word_1_268' title='bbox 214 2855 407 2903; x_wconf 73' lang='lat' dir='ltr'><strong>assimilationem</strong></span> <span class='ocrx_word' id='word_1_269' title='bbox 424 2856 585 2916; x_wconf 74' lang='lat' dir='ltr'><strong>cognoscentis</strong></span> <span class='ocrx_word' id='word_1_270' title='bbox 597 2870 649 2905; x_wconf 84' lang='lat' dir='ltr'><strong>oum</strong></span> <span class='ocrx_word' id='word_1_271' title='bbox 662 2868 687 2905; x_wconf 86' lang='lat' dir='ltr'><strong>re</strong></span> <span class='ocrx_word' id='word_1_272' title='bbox 707 2860 812 2918; x_wconf 73' lang='lat' dir='ltr'><strong>cognitu3</strong></span> <span class='ocrx_word' id='word_1_273' title='bbox 827 2864 852 2903; x_wconf 90' lang='lat' dir='ltr'><strong>ut</strong></span> 
     </span>
     <span class='ocr_line' id='line_1_35' title="bbox 51 2918 316 2977; baseline 0.004 -12"><span class='ocrx_word' id='word_1_274' title='bbox 51 2920 167 2976; x_wconf 75' lang='lat' dir='ltr'><strong>responsio</strong></span> <span class='ocrx_word' id='word_1_275' title='bbox 178 2918 316 2977; x_wconf 72' lang='lat' dir='ltr'><strong>explicabit.</strong></span> 
     </span>
    </p>
   </div>
   <div class='ocr_carea' id='block_1_8' title="bbox 0 0 996 3309">
    <p class='ocr_par' dir='ltr' id='par_1_12' title="bbox 0 0 996 3309">
     <span class='ocr_line' id='line_1_36' title="bbox 0 0 996 3309; baseline 0 0"><span class='ocrx_word' id='word_1_276' title='bbox 0 0 996 3309; x_wconf 95' lang='lat' dir='ltr'><strong> </strong></span> 
     </span>
    </p>
   </div>
  </div>
 </body>
</html>
