1984 3309
150 124 195 175 tta
343 134 403 175 rusa
418 134 439 185 r,
456 136 548 180 numa.
565 135 636 186 acui,
654 136 709 175 aar.
723 136 765 175 vu.

438 294 602 349 ARTlCULUS
617 298 666 347 vll.

185 411 271 457 ueram
280 413 360 471 iurauit
370 414 414 459 Dei
424 413 562 460 irrveuiatur
570 415 597 460 in
606 415 688 459 namma
697 413 827 459 securatam
836 416 912 459 nctus.

132 544 142 564 -’
179 530 212 580 la
228 532 349 595 septimum
359 531 389 581 sit
398 532 527 595 proceditur
539 531 580 596 (1).
591 532 685 583 Videtur
695 531 838 597 quidimage
848 531 894 584 Dei
903 546 946 582 nun

147 602 274 653 inueniatur
286 602 311 653 in
321 604 396 653 anima
405 603 530 654 seeundum
544 608 616 654 actus.
628 604 688 654 llieit
696 603 758 654 enim
769 605 910 667 Augustinus
918 606 944 653 ll.

149 674 186 723 De
197 674 275 724 Ciatt.
288 676 335 725 Dei
349 674 357 741 (
365 688 387 724 c.
400 674 454 739 26),
470 676 530 739 quud
545 693 559 723 u
569 676 638 726 huma
648 676 721 726 iactus
733 677 769 725 est
782 676 811 725 ad
824 676 945 739 imaginem

147 744 187 795 liei
201 746 323 797 seeundum
338 746 397 811 quot
415 760 509 810 sumus,
518 750 542 796 et
557 760 599 797 nos
610 759 660 797 esse
674 745 792 806 nouimus,
806 750 831 797 et
844 750 945 797 nustmn

148 829 197 867 esse
217 831 243 867 ae
257 829 322 869 nosse
340 818 491 883 driu'ga'mus.
508 835 522 865 a
538 818 583 868 Sed
600 832 651 866 esse
671 831 717 867 non
733 816 849 880 signifieat
862 822 943 868 aetum.

147 888 204 951 Erga
215 889 290 953 imago
299 889 340 940 liei
354 904 400 941 non
414 890 539 941 attenditur
552 889 576 938 in
591 888 666 939 anima
680 888 804 939 mundium
816 893 894 940 aetus.

178 964 201 1009 A.
216 962 344 1024 Praeterea5
357 962 496 1025 Augustinus
510 961 534 1010 iu
547 962 586 1011 lll.
601 964 639 1010 De
653 960 742 1011 Triarii.
761 962 820 1024 (eap.
836 962 863 1025 a)
870 1000 879 1025 ,
893 961 947 1011 assi-

107 1097 110 1100 *
147 1036 200 1097 gnat
218 1030 339 1095 imaginem
359 1032 399 1082 liei
417 1032 442 1083 ln
459 1034 535 1083 anima
548 1031 673 1083 secundam
690 1033 810 1091 bactria,
827 1047 883 1097 quae
897 1036 946 1083 sunt

146 1118 229 1159 mens,
245 1104 338 1153 notitia
353 1108 375 1154 et
389 1118 470 1155 umor.
486 1107 549 1156 llens
567 1107 703 1155 autemnon
720 1104 836 1168 signifieat
850 1111 945 1166 autum,

147 1175 185 1225 sed
198 1175 269 1237 magis
281 1175 421 1239 potentiam,
436 1177 473 1227 vel
485 1176 552 1227 etiam
564 1177 687 1227 essentiam
698 1175 848 1228 intellectiva
856 1177 945 1229 amana.

145 1247 204 1311 Ergo
217 1245 292 1309 imago
305 1247 346 1298 liei
356 1262 401 1298 nun
421 1250 545 1299 attenditur
554 1248 677 1300 secantium
693 1252 763 1300 aetus.

178 1320 200 1367 8.
219 1318 350 1383 Praeterea,
363 1318 505 1383 Augustinus
519 1322 548 1370 ll.
564 1322 602 1369 De
618 1321 709 1370 Triuia.
726 1321 794 1385 (sap.
811 1320 879 1385 11),
894 1320 946 1371 assi-

146 1392 200 1451 gnat
214 1390 336 1455 imaginem
350 1391 467 1442 Trinitatis
480 1393 505 1443 in
518 1391 594 1443 anima
606 1392 732 1444 seeundirm
747 1393 902 1457 memoriam,
913 1394 945 1442 in-

145 1462 293 1526 telligentiam
307 1466 330 1513 et
343 1464 493 1515 volunlatem.
507 1466 552 1515 Sed
566 1466 617 1515 hec
632 1465 675 1513 tria
690 1467 742 1514 sunt
756 1464 816 1515 vires
830 1466 945 1516 naturales

145 1533 242 1597 anima,
258 1538 283 1584 ut
299 1536 404 1598 Magister
421 1536 477 1589 licit
494 1538 538 1600 lll,
549 1537 600 1587 dist.
616 1541 646 1598 1¹,
658 1536 696 1586 liu
714 1537 782 1586 Sent.
798 1538 860 1599 Ergo
875 1538 945 1599 imago

146 1606 268 1656 atuutitur
279 1608 402 1658 secundam
415 1610 546 1673 potentias,
562 1612 585 1659 et
602 1622 648 1659 nun
661 1607 790 1659 secundianiv
799 1612 876 1659 artus.

178 1680 200 1726 t.
215 1679 339 1743 preterea,
355 1679 429 1744 imago
441 1680 559 1732 Trinitatis
572 1694 662 1744 semper·
672 1683 748 1730 manet
761 1679 786 1729 in
800 1680 887 1731 anima.
905 1681 946 1731 Seri

146 1752 213 1819 artus
225 1762 270 1799 narr
287 1764 376 1815 semper
391 1756 475 1803 manet.
493 1754 552 1817 llrgu
569 1753 645 1817 imago
663 1752 704 1803 liei
716 1766 761 1802 rann
779 1754 908 1805 attenditur
924 1752 945 1801 in

146 1820 221 1870 anima
236 1820 359 1873 seuuudirm
374 1828 445 1874 actus.

176 1893 219 1945 Sed
233 1898 309 1945 eontra
322 1898 372 1959 est,
385 1898 445 1961 quud
457 1896 597 1961 Augustinus
607 1897 646 1947 lx.
659 1898 697 1946 De
707 1898 797 1947 Trinit.
815 1897 884 1962 (cap.
900 1896 945 1959 6),

145 1966 245 2029 assignat
257 1966 390 2018 Trinitatem
405 1968 429 2019 iu
444 1968 590 2021 inferioribus
608 1968 688 2019 animae
702 1968 804 2033 partibus
820 1967 945 2020 seeundirm

145 2040 257 2091 actualem
266 2040 379 2091 visionem
391 2042 522 2093 sensibilem
533 2046 557 2091 et
569 2040 734 2105 imaginariam.
744 2042 803 2103 Ergo
815 2044 840 2092 et
850 2041 947 2092 Trinitas

145 2126 194 2175 quar
209 2112 282 2163 estin
298 2116 393 2178 mente,
411 2114 535 2166 seeundum
550 2128 618 2177 quarn
637 2115 706 2165 horno
724 2116 760 2163 est
772 2114 800 2163 arl
822 2114 946 2179 imaginem

144 2184 203 2247 liei,
221 2185 287 2237 debet
299 2186 387 2236 attendi
400 2186 526 2238 seeundirm
539 2185 650 2235 actualem
664 2186 784 2235 visionem.

179 2256 187 2321 l
199 2258 341 2309 Cuneuusru.
353 2259 509 2311 -Trinitatis
523 2260 598 2321 image
616 2258 738 2309 attenditur
751 2257 866 2322 primitia
879 2260 944 2311 ratiu-

145 2327 190 2377 uali
207 2333 309 2379 creatura
329 2330 453 2381 seeundum
473 2336 537 2381 actus
552 2330 621 2381 Verbi
643 2335 667 2381 et
689 2330 787 2394 annuns,
810 2330 945 2383 secundarii

145 2401 220 2449 autem
237 2402 360 2452 seeundirm
375 2402 503 2467 putentia,
515 2406 540 2452 et
553 2401 667 2468 praecipui
680 2403 798 2466 habitus.)
837 2400 841 2404 ’
923 2412 930 2425 ·

176 2471 310 2535 Respondes
322 2472 455 2537 dicendum,
473 2474 534 2539 quid
550 2476 613 2525 sieut
626 2476 778 2541 supradictum
786 2479 823 2526 est
838 2476 895 2540 (art.
907 2475 942 2537 2),

145 2546 172 2593 aa
182 2544 292 2595 rationem
307 2546 412 2611 imaginis
429 2548 530 2612 pertinet
543 2548 648 2613 aliqualis
661 2549 835 2612 representatis
850 2548 942 2615 speciei.

145 2614 174 2665 Si·
185 2628 238 2679 ergo
253 2617 327 2681 image
342 2619 462 2670 Trinitatis
472 2620 555 2671 diviua
566 2621 633 2671 dehet
643 2621 715 2685 arcipi
725 2620 749 2670 in
759 2620 846 2686 anima,
856 2625 943 2687 opertet

145 2687 203 2751 quial
215 2689 338 2739 seeunrlirur
350 2691 404 2741 illud
418 2692 572 2757 principaliter
582 2694 712 2743 attendatur
722 2694 781 2757 quud
795 2694 896 2746 maximia
909 2708 942 2744 ac·

179 2816 209 2881 (l)
224 2822 256 2864 Ile
268 2820 303 2865 tris
316 2820 384 2867 etiam
399 2823 423 2879 1,
434 2816 512 2872 Serti„
524 2822 579 2868 (list.
592 2822 616 2883 3,
627 2835 667 2879 qu.
679 2822 707 2884 t,
721 2825 893 2886 art.1,etqn.
905 2823 939 2881 iil,

145 2882 263 2943 tinuerit,
276 2888 318 2929 art.
331 2882 354 2929 3.
