1984 3309
138 210 171 245 os
187 198 272 245 munii
289 191 434 245 commones
450 206 571 246 ussnscno
587 208 764 247 consonamus.
812 200 859 248 nst

83 285 115 335 bd
129 286 258 335 secundnm
274 284 412 355 licendum,
428 284 489 349 quod
503 285 642 349 Augustinus
655 300 702 337 non
714 286 814 351 loquitur
828 287 857 339 de

52 356 196 407 intellectuali
208 355 350 419 cognitione,
366 356 407 406 sed
421 358 449 407 de
461 352 604 421 imaginaria.
618 358 646 407 nt
657 358 725 421 quia,
736 360 860 409 secundum

53 430 149 479 Platonis
162 428 307 491 opinionem,
318 428 355 477 uis
365 428 497 493 imaginaria
508 429 577 479 babet
589 430 806 493 operationemque
819 434 855 481 est

52 501 128 551 anima
144 500 233 562 solius,
246 500 326 549 eadem
338 498 425 549 ratione
439 514 493 549 usus
507 504 542 551 est
552 500 690 564 Augustinus
697 503 725 551 ad
736 503 859 553 ostenden-

53 574 102 621 donn
118 570 182 636 quod
201 584 298 635 corpora
313 584 361 620 non
378 570 512 635 imprimunt
525 584 579 621 suas
598 572 758 623 similitudines
771 573 795 623 iu
814 573 862 625 uim

52 643 220 707 imaginariam,
233 642 274 691 sed
288 643 334 692 hoo
350 641 404 690 iacit
416 642 468 705 ipsa
478 641 571 703 anima,
585 654 630 708 qua
642 642 713 693 utitur
727 642 862 694 Aristoteles

54 714 238 778 adprobandum
254 712 395 762 intellectum
412 715 517 775 agentem
534 727 584 763 esse
605 713 691 777 aliquid
709 719 853 779 separatum

54 786 102 847 quia
108 785 198 835 scilicet
209 802 223 831 «
231 781 349 847 agensest
359 782 515 833 honorabilius
524 784 633 849 patiente.
646 786 694 835 ulit
703 787 779 849 procui
791 787 862 837 dubio

54 860 163 919 oporteret
172 855 372 906 secuudumbaoc
386 853 524 919 positionem
534 855 559 905 in
570 855 592 904 vi
603 856 751 919 imaginatiuu
761 870 859 922 ponere,

57 938 98 975 nou
107 926 181 975 solnm
194 923 324 988 potentiam
331 922 458 988 passivam,
469 925 509 973 sed
521 925 591 974 etiam
604 926 710 975 activam.
721 926 766 975 Sed
780 926 799 975 si
813 940 858 991 po-

59 1009 144 1060 namus,
161 996 293 1046 seoundum
310 994 439 1059 opinionem
455 995 596 1059 nnistotelis,
612 996 680 1061 qubu'
693 997 751 1047 actio
770 997 861 1049 virtuitis

59 1068 196 1130 maginatiuae
210 1066 243 1117 sit
254 1065 386 1131 conjuncti,
402 1066 462 1116 nulia
471 1068 574 1131 sequitur
587 1067 720 1127 diiiionitas;
738 1068 791 1133 quio
809 1084 858 1119 cor-

58 1154 97 1203 pus
108 1140 218 1192 sensibile
233 1142 270 1189 est
285 1138 384 1189 nobilius
396 1151 480 1201 organo
490 1140 593 1189 animulis
604 1142 727 1190 secundum
742 1142 784 1190 boc
797 1141 860 1205 quod

56 1215 194 1277 onpoatm
208 1210 240 1260 ait
251 1209 342 1273 ipsum,
352 1214 377 1258 ut
387 1224 428 1259 ens
441 1210 466 1259 iu
479 1215 529 1259 actu
544 1212 571 1261 ad
587 1224 627 1261 ens
637 1210 662 1260 in
675 1208 789 1276 potentii,
802 1212 860 1262 sicut

56 1284 175 1333 coloratum
190 1283 216 1331 iu
229 1284 292 1345 actu,
307 1281 337 1331 ad
350 1280 474 1344 pupillam,
484 1296 535 1344 quae
549 1282 645 1331 colorata
658 1285 693 1332 est
706 1282 731 1331 in
744 1284 855 1345 potentia.

57 1357 134 1405 Posset
151 1360 231 1404 tamen
251 1352 310 1413 diei,
328 1351 390 1415 quod
406 1352 511 1415 quamuis
530 1352 604 1416 prima
621 1352 749 1404 immutatio
769 1354 860 1403 virtutis

57 1426 194 1489 imaginaria
211 1424 242 1475 sit
255 1438 298 1488 pen
311 1426 399 1473 motum
413 1422 567 1483 sensibilium,
585 1422 637 1486 quia
657 1426 805 1488 «phantasia
824 1428 859 1475 ost

57 1501 127 1548 motus
140 1498 217 1547 iactus
227 1496 355 1546 secundum
369 1508 460 1543 sensum
468 1532 477 1558 ,
489 1512 503 1541 u
512 1500 538 1543 ut
548 1494 660 1545 dioitbrib
668 1495 709 1546 lib.
720 1496 862 1560 Decetiam·

56 1574 129 1619 lamen
140 1572 177 1618 est
189 1568 296 1631 quedam
306 1566 409 1629 operatio
422 1568 504 1616 anima
521 1568 545 1616 in
559 1567 665 1631 lietuino,
677 1580 728 1631 quae
741 1568 862 1619 dividendo

57 1644 79 1689 et
95 1640 258 1704 componendo
276 1639 362 1687 format
378 1638 481 1688 diversas
499 1651 574 1687 uenum
592 1638 715 1703 imagines,
732 1639 799 1691 etiam
817 1653 867 1703 quuae

59 1726 101 1761 non
109 1716 165 1761 sunt
175 1710 305 1761 isensibus
315 1713 423 1772 acceptae.
436 1711 465 1758 Et
475 1712 584 1773 quantum
595 1710 676 1761 adhoc
688 1712 785 1777 possunt
794 1710 867 1775 accipi

61 1784 125 1833 uerba
139 1782 273 1846 Augustini.

88 1854 227 1905 nitentium
242 1852 380 1908 dicendum,
392 1851 452 1915 qnbd
468 1852 578 1902 sensitiva
591 1852 691 1919 cognitio
706 1867 752 1905 nou
768 1857 803 1903 est
817 1856 864 1903 tola

61 1941 124 1977 cama
133 1926 300 1977 intellectualis
311 1923 460 1987 cognitionis3
470 1927 493 1974 et
504 1925 555 1974 ideo
567 1938 612 1975 non
626 1927 661 1975 est
672 1926 755 1975 minum
768 1925 788 1975 si
798 1924 863 1974 intel-

60 1997 160 2048 lectualis
170 1997 273 2061 cognitio
287 1998 348 2046 ultra
365 1995 498 2045 sensitivam
511 2010 536 2046 se
548 1996 659 2047 extendit.

356 2157 515 2208 nummulus
529 2158 580 2209 Vll.

66 2276 148 2320 Utrolm
165 2276 304 2321 intellectus
318 2274 392 2329 possit
406 2278 462 2318 oete
477 2274 612 2329 intellipere
627 2284 668 2329 poe
679 2274 764 2329 speeies
775 2274 867 2319 iutelli-

87 2340 178 2394 pibiles,
192 2351 254 2395 piens
267 2350 338 2394 penes
353 2349 377 2380 se
391 2336 528 2389 banetacan
541 2337 696 2381 emoventendo
710 2348 734 2380 se
746 2337 777 2381 od
788 2338 867 2395 pboo-

90 2406 201 2447 mamam.

95 2521 125 2569 nd
131 2520 255 2583 septimum
262 2518 297 2568 sic
304 2517 481 2583 prepeditum).
489 2518 583 2568 Videtur
590 2516 650 2580 qubd
657 2516 786 2567 intellectus
799 2517 871 2581 possit

68 2594 115 2640 actu
127 2591 257 2654 intelligere
271 2603 313 2653 per
326 2590 414 2652 species
427 2588 594 2651 intelligibiles,
612 2602 667 2651 quas
683 2601 754 2652 penes
768 2600 792 2637 se
803 2589 871 2645 babet

69 2675 110 2711 oon
126 2664 283 2713 convertendo
299 2676 324 2711 se
340 2663 368 2711 ad
386 2663 556 2726 phantasmata.
574 2661 703 2710 Intellectus
720 2659 781 2709 enim
799 2658 825 2709 iil
845 2660 872 2708 in

70 2737 165 2799 semper
173 2734 276 2799 speciem
284 2731 450 2795 intelligibilem
461 2746 507 2797 qua
518 2732 661 2783 informator.
672 2733 718 2782 Sed
727 2731 867 2782 intellectum

101 2870 131 2933 (tl
145 2876 179 2919 lte
192 2874 230 2919 bie
248 2873 320 2918 etiam
336 2871 409 2932 iniret,
423 2870 524 2932 qu.'8n,
538 2874 583 2916 art.
595 2870 608 2915 1
626 2877 650 2916 et
662 2870 678 2915 Ξ
691 2876 768 2925 teact.;
785 2874 808 2915 et
827 2868 868 2913 llI.

72 2942 140 2996 part,
153 2950 195 2994 qu.
206 2934 252 2995 11,
265 2940 310 2981 ant.
325 2935 348 2981 ἱ.
