1984 3309
172 198 204 238 DE
217 200 385 241 rnonoctlotln
396 202 513 243 coremur
528 203 597 242 mli
611 202 722 243 multra.
803 194 849 241 847

41 291 88 329 ιιοιι
103 276 184 343 potuit
200 290 252 329 esse
264 292 305 343 per
318 279 418 343 aliquam
429 280 538 331 uirtutem
545 284 660 344 meatem,
669 282 711 332 εειΙ
719 280 849 333 immediate

40 351 54 399 i
71 352 130 403 beu.
143 350 274 401 Posnerunt
283 351 395 415 siquidem
405 352 474 418 aliqui
483 353 581 415 turmas,
593 367 644 417 que
654 357 709 404 suut
718 353 743 403 in
753 352 851 404 materia

41 422 172 487 corporali,
193 421 206 472 b
224 423 361 486 quibusdam
377 425 455 476 termis
474 426 661 477 immaterialibus
680 425 787 477 lanum.
803 425 851 476 Sed

41 498 101 545 trane
115 494 252 559 opinionem
266 495 351 549 refellit
365 498 518 563 Philosophus
531 498 555 549 in
566 500 616 550 Vll.
629 496 740 563 metaph.
757 512 798 563 per
808 498 852 549 hoo

40 566 103 631 quod
112 566 197 618 lorrnis
207 581 255 619 non
265 568 375 633 competit
385 582 425 633 per
436 583 462 621 εε
475 569 539 633 fieri,
550 571 591 621 aed
602 570 737 634 composito,
748 573 851 633 utsupra

41 639 177 703 expositum
191 643 235 689 est.
249 640 279 689 Et
291 641 345 704 quia
358 643 448 705 oportet
469 655 539 705 agens
555 655 606 693 esse
621 640 696 692 sinhe
708 640 784 703 laeto,
802 653 851 691 non

42 710 153 761 conuenit
170 711 233 774 quod
251 711 324 762 torma
345 726 414 776 pura,
431 726 482 777 qua
500 718 537 763 est
551 712 601 763 sine
619 712 727 775 materia,
741 712 851 777 protheat

42 782 139 833 formam
151 796 205 846 qum
217 786 253 833 est
265 782 290 832 in
300 784 461 849 materiaque
469 798 517 837 non
528 786 553 836 lit
562 785 607 835 uisi
615 799 656 849 per
666 786 710 835 boe
718 785 778 848 quel
788 796 852 835 oom-

44 854 143 917 pusitum
158 854 200 905 sit.
212 855 242 904 Et
252 854 305 905 ideo
316 860 405 920 oportet
415 856 475 919 quod
485 858 559 908 turma
568 870 620 920 que
632 856 703 908 estin
714 856 809 907 materia
821 854 851 906 sit

47 938 115 975 eausa
127 926 211 977 torma
226 939 278 989 qua
289 929 324 976 est
336 927 360 975 in
372 926 480 989 materia,
495 926 621 979 mumdum
630 929 689 992 quml
701 927 851 991 compositum

45 996 204 1063 immpositu
215 1002 345 1059 generatm.
362 1000 421 1049 Dens
434 1003 512 1049 autem
527 999 631 1063 quamuis
647 999 742 1050 omnino
758 999 789 1049 sit
808 998 853 1047 im·

46 1068 177 1133 materialia,
191 1073 270 1119 tamen
283 1070 345 1121 solus
358 1070 442 1134 estqui
452 1085 493 1121 sna
503 1071 585 1122 uirtute
596 1072 716 1123 materiam
727 1070 851 1136 producere

44 1144 118 1203 potest
134 1142 249 1193 meando.
267 1142 330 1198 Unde
345 1142 419 1207 ipsius
439 1142 510 1193 solius
522 1145 558 1195 εει
570 1143 666 1193 immam
685 1144 808 1207 producere
826 1140 852 1190 in

44 1212 138 1264 materia
158 1214 247 1275 ubsque
263 1212 399 1263 adminiculo
416 1214 566 1277 pomoeriis
581 1214 660 1264 torma
675 1212 808 1263 materialis.
822 1213 852 1262 llt

44 1289 135 1349 propter
145 1286 195 1335 hoo
206 1283 283 1346 angeli
294 1297 341 1333 nun
349 1288 444 1349 possum
452 1288 603 1335 transmmme
614 1297 710 1349 eorpma
719 1286 747 1334 ml
756 1284 853 1334 turmam

43 1355 157 1420 aliquam,
174 1354 224 1405 nisi
239 1354 349 1406 adhibitis
366 1356 491 1407 seminibus
507 1355 658 1419 quibusdam,
672 1357 698 1405 ut
716 1354 854 1417 augustiam

43 1427 129 1477 licitin
139 1428 184 1478 lll.
201 1428 240 1476 De
250 1427 344 1477 Trim't.
358 1428 414 1487 Quia
423 1428 582 1492 igitureorpns
596 1428 721 1477 humanum
734 1438 854 1489 nunquam

44 1501 168 1551 formatum
186 1498 278 1561 tuerat,
292 1500 359 1563 enjus
374 1498 458 1551 uirtute
476 1514 518 1565 per
530 1500 592 1551 uiam
607 1497 776 1561 generationis,
793 1496 854 1546 aliud

42 1572 114 1623 simile
128 1572 155 1621 in
172 1569 254 1635 speeie
268 1571 411 1635 formaretur,
425 1584 519 1623 necesse
532 1569 575 1621 luit
587 1571 648 1634 quod
660 1568 759 1633 primum
770 1580 854 1632 eorpus

43 1643 144 1693 bominis
163 1640 299 1693 immediate
314 1642 448 1695 formaretm
461 1642 475 1694 l
488 1644 544 1695 heu.

72 1717 105 1766 ld
120 1715 227 1779 primum
241 1726 296 1777 ergo
308 1714 438 1778 dicendum,
450 1717 511 1778 quod
523 1714 565 1765 etsi
580 1713 657 1777 angeli
670 1712 760 1776 aliquoi
774 1708 855 1761 minis·

44 1787 123 1837 terium
138 1788 190 1837 lleo
202 1786 328 1836 exhibeant
339 1785 363 1835 iu
375 1786 474 1851 hisquae
486 1787 548 1836 eirea
562 1799 657 1850 corpora
669 1786 801 1849 operantur,
813 1782 854 1832 ali-

45 1872 85 1920 qua
103 1863 187 1909 nmen
201 1860 266 1908 Deus
284 1856 309 1907 in
326 1862 428 1909 ereatura
448 1870 557 1923 corporea
574 1856 692 1920 facitque
710 1853 855 1905 nullomodo

45 1931 117 1992 arugeli
136 1932 216 1981 faeere
237 1932 351 1993 possunt,
365 1929 424 1979 sieut
441 1929 504 1995 qubel
521 1928 615 1979 sumitat
636 1930 752 1988 mortuos,
764 1927 789 1974 ει
803 1924 857 1973 illu·

46 2002 114 2053 minat
128 2005 222 2063 [eaeeos.
242 2000 454 2065 Secundanorum
473 2001 581 2052 uirtutem
599 2000 667 2050 etiam
685 2010 769 2061 eorpus
788 1993 856 2060 primi

46 2072 145 2123 bominis
156 2073 187 2124 de
202 2071 259 2122 limo
272 2075 339 2123 terre
348 2071 463 2123 formauit.
478 2071 556 2122 Poterit
565 2075 642 2121 tamen
653 2067 716 2132 heri,
724 2070 750 2116 ut
763 2064 855 2129 aliquod

46 2144 200 2197 ministerium
212 2144 237 2194 iu
249 2143 385 2195 formatione
397 2144 499 2209 emporis
508 2143 577 2209 primi
586 2141 687 2192 bominis
700 2137 777 2201 angeli
789 2135 856 2187 exhi-

46 2216 143 2281 beraut,
162 2216 227 2268 sicut
248 2215 392 2267 exhibebunt
410 2215 435 2265 in
455 2215 535 2266 ultima
551 2210 733 2274 resurreetione,
752 2208 858 2273 pulveres

47 2290 183 2354 colligendo.

76 2362 108 2411 hul
123 2362 255 2412 mundum
266 2360 403 2420 moenium,
419 2360 478 2423 qnod
491 2357 599 2410 animalia
611 2355 713 2421 perlecta
725 2364 776 2416 qne
787 2362 857 2415 geue-

48 2439 123 2483 rantur
141 2446 170 2483 er
185 2431 291 2497 semine,
309 2446 357 2483 non
370 2435 477 2495 possunt
487 2428 593 2495 generari
609 2440 650 2491 per
662 2426 732 2476 solam
748 2423 856 2472 virtutem

48 2505 147 2556 eoelestis
162 2504 284 2569 emporis,
299 2508 326 2553 ιιι
338 2503 455 2554 tricenna
470 2503 549 2566 fingit,
558 2501 613 2550 lieet
628 2500 656 2549 ad
670 2509 747 2548 eorum
763 2506 859 2558 genem-

49 2576 133 2627 tionem
155 2577 285 2627 naturalem
307 2578 442 2639 cooperetur·
456 2574 528 2623 virtus
546 2570 646 2623 eoeleatis
662 2567 775 2632 mrporis3
789 2568 858 2630 prout

50 2647 204 2713 l‘luilosopbns
214 2648 271 2699 licit
280 2648 305 2697 iu
316 2648 345 2698 ll.
358 2645 432 2710 Plrps.
445 2648 518 2708 (text.
528 2643 580 2706 tt),
590 2641 651 2705 qum
663 2642 756 2690 «bomo
765 2636 859 2717 generat

51 2719 210 2771 hominemex
232 2719 328 2769 materia
342 2722 366 2769 et
383 2719 426 2769 sul.
443 2734 457 2764 u
472 2718 503 2767 Et
520 2715 602 2766 enode
615 2716 663 2774 est,
678 2710 738 2774 quod
760 2708 860 2784 eximior

52 2789 111 2841 lucius
132 2795 276 2857 temperatus
294 2792 323 2841 ad
340 2790 513 2854 generationem
530 2785 648 2838 bominum
661 2786 685 2833 et
699 2781 795 2831 aliorum
809 2789 859 2825 anr-

53 2863 144 2913 malinm
155 2864 322 2928 perlectorum.
334 2860 422 2913 Sufficit
434 2862 512 2911 autem
522 2857 594 2909 uirtus
602 2854 729 2906 caelestium
739 2858 859 2924 corporum

54 2934 79 2983 al
97 2936 256 2997 generantum
275 2934 382 3000 quadam
403 2932 510 2985 animalia
532 2927 701 2995 imperfectiora
717 2936 747 2973 ex
766 2921 863 2970 matera
