1984 3309
150 194 196 243 tot
323 204 384 242 reru
399 205 421 253 r,
438 204 530 249 eomer.
547 203 651 245 numu,
666 200 722 240 nar.
739 202 774 239 tv.

150 281 206 331 hent
217 293 283 343 ergo,
294 280 330 330 vei
342 278 462 343 agitativa
471 281 494 329 et
503 276 663 329 reminiscitiva
671 275 727 341 poni
739 275 790 327 alia
798 275 867 328 vires
879 280 966 342 preter

148 351 306 402 aestimativam
324 354 347 401 et
364 350 545 413 memorativam3
560 349 597 399 vel
615 348 748 401 estimativa
765 350 790 397 et
803 349 966 401 memorativa

148 435 195 473 non
208 422 291 472 dehent
304 422 359 487 poni
372 422 421 473 alia
433 422 493 471 vires
504 424 586 485 prater
599 419 751 484 phantasiam.

180 498 206 542 6.
219 495 330 545 Preterea
339 532 346 554 ,
356 492 495 557 Augustinus
502 493 550 543 ΧΗ.
565 493 648 555 Super·
658 492 716 541 Gen.
733 490 768 539 od
777 489 822 539 tit.
833 492 884 555 (1),
897 493 966 557 ponit

149 563 193 614 tria
207 578 290 625 genera
307 565 435 629 visionum,
449 564 536 614 scilicet
548 561 716 627 corporalem,
727 575 778 625 quse
795 561 822 611 fit
841 576 890 626 per
909 578 964 614 seu-

150 650 214 700 sum3
229 636 436 701 appententem,
452 650 502 699 qua
516 635 540 683 ht
553 648 594 698 per
611 634 797 697 imaginationem
814 632 871 684 sive
888 636 964 699 phau-

151 707 244 771 tesiam,
260 711 283 758 et
302 706 509 769 intellectualem,
521 719 572 769 que
585 705 611 755 fit
624 718 664 769 per
678 704 831 755 intellectum.
853 706 914 757 Nou
930 710 966 757 est

151 791 206 842 ergo
218 779 293 843 aliqua
306 778 342 827 vis
355 778 512 841 interiorque
525 776 550 827 ht
568 776 643 827 media
653 776 712 827 iuter
728 786 825 827 sensum
844 782 872 827 et
892 778 965 829 intel-

150 850 253 913 lectum,
272 849 317 899 nisi
330 849 475 913 imaginativa
488 852 583 899 tantun.

182 922 227 972 Sed
238 927 316 972 contra
329 924 376 984 eet,
385 920 443 985 quhd
454 922 571 971 hvicenua
580 919 605 969 iu
617 930 658 970 suo
669 918 710 967 lih.
723 918 758 966 De
767 918 880 984 animo,
897 922 967 987 ponit

150 993 251 1057 quinque
263 992 376 1057 potentias
387 992 509 1043 sensitivas
521 990 652 1051 interiores,
665 985 753 1039 scilicet
764 1004 777 1035 u
786 998 892 1043 sensum
900 1008 966 1044 com-

152 1078 257 1125 munem,
271 1065 426 1129 phantasiam,
440 1060 624 1127 imaginativam,
638 1058 796 1111 estimativam
803 1096 812 1122 ,
829 1065 857 1113 et
873 1078 967 1115 memo

149 1139 274 1185 nativam.»

184 1207 344 1272 (Coumusro.
360 1206 491 1270 -Recipit
504 1209 527 1256 et
539 1206 657 1255 conservat
671 1202 753 1267 animal
767 1200 863 1265 species
884 1207 965 1258 seusi-

149 1278 207 1329 hites
216 1283 238 1329 et
248 1279 387 1329 intentiones
394 1278 510 1341 quasdam,
518 1289 574 1340 quas
585 1288 630 1325 uon
639 1272 735 1338 percipit
744 1285 827 1322 seusus
836 1278 963 1329 exterior:

149 1363 242 1401 necesse
255 1354 291 1401 est
301 1349 369 1413 igitur
377 1361 461 1413 ponere
474 1352 562 1397 mutum
576 1350 672 1411 quatuor
683 1346 747 1395 vires·
758 1344 889 1399 interiores
906 1364 965 1401 seu·

147 1422 221 1473 sitive
239 1422 311 1487 partis
333 1420 400 1471 dictis
419 1418 502 1470 officiis
519 1414 650 1479 distiu'cta‘s,
674 1429 766 1467 sensum
788 1430 963 1483 communem,

147 1493 344 1558 imaginationem,
359 1491 524 1551 estimativam‚
541 1492 564 1540 et
577 1485 776 1551 memorativum.)

180 1565 315 1628 Respondeo
329 1563 461 1624 dicendum,
474 1560 535 1623 quhd
548 1558 601 1609 cim
615 1562 696 1609 natura
707 1572 751 1631 nou
767 1556 862 1609 deficiat
873 1562 902 1612 iu
921 1578 965 1615 ne-

149 1634 254 1685 cessariis
273 1635 316 1698 (ut
327 1632 376 1697 jam
394 1636 496 1682 notatum
513 1631 599 1697 supra)
611 1669 617 1692 ,
631 1632 719 1693 oportet
737 1641 787 1679 esse
802 1632 836 1679 tot
853 1635 967 1686 actiones

152 1706 233 1755 animae
247 1704 376 1765 sensitivae,
390 1707 446 1768 quot
465 1700 579 1752 sufficiant
592 1703 620 1751 ad
636 1702 705 1751 vitam
720 1700 824 1750 animatis
844 1706 965 1765 perfecti.

152 1775 180 1826 Et
193 1788 339 1838 quecumque
351 1776 431 1824 harum
444 1767 559 1824 actionum
573 1787 618 1823 non
635 1777 729 1838 possunt
741 1770 820 1821 reduci
837 1770 867 1823 in
888 1791 966 1828 uuum

151 1845 302 1911 principium,
317 1844 437 1909 requiritur
453 1846 555 1895 diversas
569 1858 619 1896 esse
637 1844 766 1907 potentiam
782 1840 833 1891 chm
850 1850 967 1909 potentia

152 1916 233 1968 anime
247 1917 305 1967 nihil
318 1917 379 1966 atiud
392 1917 423 1967 sit
435 1930 503 1981 quam
519 1916 647 1981 proximum
658 1914 793 1979 principium
811 1917 967 1977 operationis

152 1988 241 2039 animae.
253 1990 294 2038 Est
304 1992 378 2039 autem
389 1988 586 2049 considerandum,
597 1985 658 2049 qu'od
666 1984 772 2039 advitam
782 1984 893 2038 animatis
904 2004 966 2053 per-

152 2060 207 2111 fecti
216 2060 335 2123 requiritur
343 2058 402 2123 quhd
411 2072 457 2109 nou
467 2058 540 2109 solhm
549 2058 703 2122 apprehendat
712 2070 758 2107 rem
769 2057 797 2105 ad
807 2062 966 2119 praesentiam

151 2132 330 2193 sensibilis,·sed
342 2130 411 2181 etiam
421 2131 446 2181 in
458 2132 509 2193 ejus
523 2129 640 2192 absentia,
654 2126 767 2193 alioquin,
781 2125 832 2176 chm
846 2130 968 2183 auimahs

153 2208 228 2254 motus
246 2208 269 2255 et
287 2203 346 2253 actio
368 2206 490 2268 sequautur
514 2200 731 2265 apprehensionem,
755 2212 800 2249 nou
821 2208 968 2255 moveretur

151 2275 233 2324 animat
246 2274 445 2337 adinquirendum
462 2273 545 2336 ahquid
565 2272 654 2322 ahseus.
674 2270 744 2335 Cujus
760 2271 903 2323 cartherium
920 2290 967 2341 ap

151 2350 231 2410 paret,
245 2344 344 2397 maximi
358 2345 383 2394 iu
402 2344 536 2395 animalibus
551 2342 675 2408 perfectis,
688 2356 738 2406 quae
752 2346 874 2393 moveatur
891 2354 967 2399 motu

152 2416 290 2479 processivo.
310 2416 426 2466 hioreutur
447 2413 507 2465 enim
525 2416 553 2465 ad
571 2413 655 2479 aliquid
671 2414 752 2463 ahseus
772 2415 964 2479 apprehensum.

151 2488 245 2551 Oportet
261 2500 314 2551 ergo
324 2486 384 2550 quhd
402 2488 485 2555 animal
499 2500 541 2551 per
555 2488 653 2535 animam
669 2485 802 2536 sensitivam
815 2499 864 2536 nou
879 2490 965 2542 solum

185 2600 217 2666 (1)
228 2607 258 2651 Ut
269 2606 348 2651 videre
359 2610 399 2655 ,est
413 2617 466 2662 cap.
478 2606 529 2663 Vh,
544 2605 584 2650 uhi
598 2604 630 2649 ait
646 2620 652 2647 ι
667 2604 698 2648 Ire
707 2604 754 2649 teuc
767 2616 818 2649 urio
828 2616 965 2666 precepto

152 2669 233 2725 diliges
245 2668 373 2724 proximum
386 2673 449 2711 tuum
461 2673 570 2723 tanquam
584 2666 692 2724 teipsum,
705 2668 756 2711 trio
769 2680 861 2723 petiero
877 2671 965 2717 oisto-

151 2743 212 2777 Μ
222 2735 358 2775 coconem
370 2748 378 2774 .-
390 2743 469 2775 ttaem
477 2742 524 2788 per
538 2730 619 2775 ocwlor
633 2728 720 2785 quibos
730 2730 790 2787 ipre
808 2729 898 2777 littero
911 2736 965 2779 oe·-

152 2792 257 2846 ‹leotur,·
273 2793 377 2837 atterum
394 2806 441 2850 per
456 2794 574 2851 spiritum
594 2792 761 2849 hominisque
776 2796 914 2848 proximus
936 2803 964 2843 et

153 2855 235 2902 meter
247 2852 395 2916 (idostetiam
405 2852 500 2915 aheeus)
510 2856 640 2912 ceritatem
652 2855 750 2899 tertiom
756 2866 803 2911 per
812 2858 962 2905 contuitum

153 2918 239 2964 mertis
252 2919 362 2977 precipuo
374 2917 473 2969 dileetio
485 2918 608 2965 cervicem
621 2918 779 2977 conspicitur.
