1984 3309
970 7 975 40 l

146 185 192 233 628
331 191 391 231 nune
408 195 429 244 1,
447 193 539 237 eomer.
557 187 646 244 cxviii,
663 191 720 230 sar.
734 193 765 231 m.
968 204 975 318 Ι

145 272 199 322 tiam
217 269 231 320 i
248 270 320 320 forma
332 269 507 334 praeexistente,
526 282 579 333 qno
595 281 640 320 non
657 272 707 319 erat
720 268 862 326 subsistens,
876 266 936 319 etsie

146 342 226 394 redibit
238 341 313 406 opinio
323 340 457 404 ponentium
466 341 545 405 plures
555 340 644 391 animas
654 341 799 406 incorpore3
811 344 852 392 ant
859 344 937 390 nonen

146 413 229 477 abpuiel
241 411 378 474 subsistens,
391 413 431 462 sei
443 414 546 476 quadam
559 412 669 477 perfectio
680 413 764 464 animae
775 410 935 478 praesistente,
973 462 974 465 ,

84 543 91 554 ,
145 488 169 536 et
180 484 212 536 sic
221 498 250 535 ex
262 485 398 536 necessitate
412 485 515 549 sequitur
523 485 584 549 quoi
598 485 675 535 anima
687 486 835 537 intellectiva
846 497 938 536 mnum-
972 472 975 506 ¹

145 560 212 624 pater
229 560 334 621 corrupto
353 570 461 621 corporee
477 558 539 620 quod
556 560 592 608 est
603 556 756 622 impossibiie.
770 559 815 608 list
833 561 907 608 autem
921 557 937 603 et
973 565 975 625 3

146 627 204 679 elius
220 629 300 680 modes
318 627 421 692 (licendi,
437 628 564 679 secundbm
579 641 621 679 eos
632 627 674 692 qni
686 633 776 691 ponunt
789 643 866 680 enom
881 626 938 678 intel·

146 700 229 750 lectum
246 699 270 750 in
283 699 403 762 omnibus,
418 699 478 764 qnod
496 698 563 763 sopri
578 699 731 764 improbatum
744 702 789 750 est.
803 701 834 750 Et
850 701 902 752 ideo
913 697 938 748 ti

147 773 243 822 cendum
259 775 309 834 esi,
327 770 387 835 quoi
404 770 456 821 eim
473 769 589 834 generatio
604 771 674 820 nnius
686 784 777 836 semper
793 772 825 822 sit
839 769 939 835 coneptie

147 843 252 907 alterius,
264 855 355 894 necesse
372 847 408 893 est
416 838 493 892 <licere
507 841 567 906 quoe
580 846 629 895 tam
641 842 771 894 innomine
783 843 857 906 quim
870 844 895 893 in
903 840 939 892 eni·

148 915 244 965 rnaiibus
261 913 325 974 eliis,
343 915 432 977 quando
449 911 571 976 perfectior
585 914 658 964 torma
674 914 782 977 advenit,
797 916 825 979 iit
837 913 939 977 cormplio

148 987 325 1051 primicopiis
342 991 418 1036 tamen
433 985 493 1050 pubi
505 998 604 1048 cennens
619 985 693 1038 forma
707 986 778 1052 babet
791 985 902 1050 quicquit
911 987 940 1034 ba·
973 1024 974 1041 ,

148 1057 215 1108 bebai
225 1057 311 1121 prima,
325 1059 348 1106 et
362 1057 435 1108 adbuc
448 1056 548 1120 emplibs
560 1057 600 1120 (b).
617 1056 693 1108 Etsic
703 1070 745 1120 per
759 1057 847 1107 multas
858 1069 940 1121 genne-
973 1044 975 1103 i

147 1128 222 1179 tiones
234 1132 257 1178 et
266 1128 421 1192 corruptiones
436 1129 568 1192 peruenitur
579 1129 721 1178 adultimam
736 1127 837 1178 formam
847 1131 941 1180 snbmrr
973 1118 974 1205 i

146 1199 237 1264 tialem,
252 1201 337 1250 tamin
354 1200 447 1251 bomine
464 1199 533 1264 quim
552 1201 578 1250 in
597 1199 648 1250 aliis
658 1199 802 1250 animalibus.
818 1201 848 1250 Et
865 1199 940 1252 bocci

147 1284 241 1322 sensum
253 1275 348 1336 apparet
359 1271 384 1321 in
395 1271 531 1326 animalibus
544 1285 574 1322 ex
588 1271 755 1335 putrefactione
771 1274 899 1336 generetis.
911 1272 941 1322 sic

147 1337 216 1409 igitur
226 1345 346 1396 dicendum
359 1349 408 1408 est,
421 1343 481 1408 quid
496 1344 572 1394 anima
584 1343 727 1394 intellectiva
740 1349 834 1394 creatur
844 1345 859 1396 i
869 1345 939 1397 been

147 1417 192 1469 tine
209 1417 361 1482 generationis
378 1419 495 1479 bumana,
513 1430 564 1480 qua
577 1417 645 1466 simei
659 1420 695 1469 est
707 1419 732 1466 et
744 1415 858 1467 sensitiva
871 1422 895 1469 et
906 1432 940 1467 nu-

147 1489 235 1552 tritiva,
250 1489 363 1554 corruptis
375 1487 456 1538 formis
466 1487 672 1552 praeexistentibus.

179 1561 313 1612 Adsstertium
324 1560 457 1623 dicendum,
469 1558 531 1622 pubi
539 1560 596 1612 ratio
605 1560 644 1610 illa
652 1560 728 1610 mem
740 1559 812 1611 babet
822 1560 849 1610 in
857 1560 939 1612 diversi

147 1631 265 1695 agentibus
277 1644 323 1681 non
333 1630 443 1681 ordinatis
455 1631 483 1680 ad
502 1630 613 1694 invicem,
629 1632 668 1681 sed
683 1630 704 1680 si
719 1630 764 1681 sint
777 1631 851 1682 multa
863 1632 940 1698 agentia

147 1701 263 1764 ordinata,
274 1701 332 1751 nibil
345 1701 451 1764 probibet
462 1701 571 1752 virtutem
583 1700 707 1766 superioris
718 1702 811 1764 ngentb
822 1704 941 1768 pertiurgere

148 1774 175 1822 eri
189 1771 289 1822 ultimam
300 1769 413 1836 formem,
427 1773 524 1823 virtutes
533 1777 609 1824 subm
622 1772 754 1822 interiorem
769 1774 888 1836 agentium
900 1787 940 1839 per-

147 1843 234 1908 tingere
249 1842 322 1893 solium
333 1845 360 1894 ad
375 1845 473 1908 aliquem
488 1843 590 1894 materie
601 1844 776 1908 dispositionem
788 1860 794 1893 z
806 1845 870 1896 siem
880 1847 941 1896 virtm

182 1971 213 2036 (1)
230 1975 287 2020 Tum
298 1985 339 2030 qur.
351 1971 391 2031 ic,
403 1953 475 2018 arisi
492 1978 517 2018 et
528 1972 557 2032 2,
571 1979 621 2018 tum
634 1986 675 2030 qu.
687 1972 727 2030 79,
741 1979 788 2019 art.
802 1973 889 2020 heti.

182 2044 214 2106 (2)
230 2046 289 2091 Hinc
306 2056 360 2102 ergo
379 2048 443 2100 patet
460 2043 522 2100 qnod
538 2045 605 2100 juxta
623 2048 725 2088 mentem
738 2046 762 2089 S.
783 2045 892 2105 Tbomae,
905 2044 943 2088 (liei

150 2109 243 2154 omnino
257 2109 327 2156 tebet
336 2119 382 2152 non
392 2118 463 2152 unam
474 2112 499 2152 et
510 2103 617 2151 eamdem
630 2107 731 2152 animam
744 2119 797 2152 esse
812 2121 867 2165 quoe
879 2108 943 2165 primi

150 2171 279 2217 functiones
291 2169 451 2228 ,vegetativam
467 2168 550 2215 deinde
566 2167 703 2227 sensitivam,
716 2174 740 2220 et
752 2171 899 2225 postmodum
912 2183 945 2213 rn-

149 2234 247 2280 tiouaies
262 2239 383 2291 exerceat,
394 2233 430 2278 vel
445 2232 520 2288 prinib
533 2230 671 2288 principium
682 2233 855 2291 vegetativum,
869 2232 943 2278 deinde

149 2297 298 2354 sensitivam,
308 2301 332 2340 et
345 2295 490 2357 postmodum
503 2295 616 2340 rationale
630 2294 729 2347 tribuam
746 2295 788 2340 sed
802 2297 866 2352 quon
878 2295 943 2353 primo

150 2359 225 2403 anima
235 2361 285 2404 sola
299 2357 428 2416 vegetativa
439 2358 589 2413 embrpenam
598 2356 724 2416 intormet,
735 2368 765 2403 ac
776 2358 861 2404 &inde
873 2357 943 2404 senei-

150 2420 198 2464 tira
213 2421 326 2466 succedat
334 2433 376 2476 per
386 2431 455 2476 errem
467 2421 598 2477 vegetation
606 2420 743 2477 expelletur,
749 2419 892 2483 demumque
900 2424 945 2477 poet

149 2488 270 2538 utramque
288 2482 473 2538 rationalisque
488 2482 563 2538 ipsam
580 2494 673 2538 quoque
691 2482 830 2531 sensitivam
844 2483 945 2541 expellit,

149 2545 188 2589 sed
200 2545 261 2590 illius
274 2543 495 2600 deincepsoffieium
507 2550 614 2603 exercet,
623 2546 684 2590 sicut
694 2551 718 2590 et
728 2547 839 2605 alterius,
849 2553 895 2592 ete.
904 2548 945 2591 b'ec

149 2612 185 2652 cst
194 2607 358 2670 inconveniens
368 2620 438 2652 unam
455 2607 557 2652 animam
566 2605 757 2654 suceedentealii
770 2608 946 2667 lesmorensis

149 2681 195 2715 non
212 2670 244 2714 ibi
255 2673 340 2714 erat'ut
350 2669 451 2724 speciem
466 2671 605 2726 completam
614 2672 735 2728 tribueret,
747 2669 788 2716 sevi
803 2673 841 2717 via
851 2677 914 2718 esset
923 2669 947 2715 ad

149 2731 263 2786 speciem;
283 2743 330 2774 non
347 2736 382 2774 est
400 2737 476 2776 autern
491 2727 657 2778 inconveniens
672 2738 696 2778 ot
711 2733 798 2789 aliquid
817 2746 898 2780 eornm
912 2745 947 2790 ge-

149 2798 242 2838 neretur
259 2796 283 2836 et
302 2791 379 2836 stetim
399 2799 573 2852 corrumpatur,
588 2807 639 2850 (pum
658 2789 713 2840 scint
732 2796 809 2841 medie
825 2797 915 2842 tantbrn
928 2795 948 2837 in

151 2853 312 2907 generatione,
327 2860 371 2894 neo
390 2856 490 2908 speciem
508 2857 648 2912 completam
666 2858 766 2915 babent,
782 2859 844 2904 sicut
856 2859 898 2903 lib.
909 2858 948 2900 lli.
973 2862 975 2907 i

153 2913 242 2958 &etro
256 2915 336 2961 Geni..
350 2923 402 2968 cap.
413 2914 452 2974 89,
462 2917 619 2964 ratiomnatnr
632 2922 655 2964 s.
667 2919 778 2966 Thomas.
