1984 3309
358 202 390 239 nr
404 202 555 245 recurrere,
626 182 629 184 ⁴
813 205 859 253 aas

79 268 135 319 ‘Sed
155 272 299 338 contrarii,
318 279 377 340 puori
391 280 543 335 llamescenus
559 284 617 336 tlicit
630 286 685 353 (lib.
703 288 734 339 ll.
753 290 789 342 De
806 292 859 356 fide

59 339 131 397 ortlr„
146 355 200 407 rap.
217 344 277 409 26),
289 351 347 411 prud
361 368 376 399 u
386 352 412 401 in
425 354 492 404 nobis
510 359 546 406 est
558 357 675 423 percipere
691 372 858 429 quamcumque

58 411 160 463 uolumus
174 418 257 477 artem,
267 421 290 469 et
300 433 345 470 uon
355 424 488 488 percipere:
499 442 513 473 u
525 428 551 477 ln
564 430 631 479 nobis
642 435 719 482 aulem
730 430 766 484 est
777 435 861 499 aliquid

57 495 94 544 per
105 486 248 537 volontatem
265 505 271 537 :
282 492 422 556 percipimus
436 499 514 548 aulem
527 502 588 549 artes
599 514 641 563 per
650 502 799 555 intellectum.
810 506 854 556 Vo-

57 553 127 607 luntas
139 571 197 621 ergo
206 565 286 611 moret
298 563 448 618 intellectum.

84 628 245 694 (Coranusro.
256 660 287 672 -
298 635 428 689 intellectus
439 644 520 691 moret
533 644 675 695 uoluntatem
692 649 718 696 ul
729 646 798 709 llnls,
813 663 854 700 ro-

58 697 126 750 lmus
138 705 219 753 autem
230 704 357 770 respiciens
365 708 448 762 bonum
460 711 484 763 in
495 715 610 765 communi
623 721 701 769 murel
712 718 854 773 intellectum

57 769 183 839 elective.)
612 792 616 805 ’

84 844 218 911 impendeo
232 848 369 915 dicendum,
383 855 444 917 quod
457 856 542 920 aliquid
556 857 638 909 dicitur
653 872 745 913 morere
759 864 858 927 duplici·

59 917 150 969 trullae
161 921 236 971 modo
250 935 292 985 per
302 924 394 974 mudum
403 926 465 989 linis,
477 929 537 979 sicut
550 931 632 981 dicitur
641 932 701 996 qubd
713 934 766 985 finis
778 940 856 987 morel

61 987 181 1043 officientem
188 993 241 1058 (1);
252 997 277 1043 et
286 995 330 1045 boc
340 998 407 1048 morlo
416 999 546 1052 intelleclus
555 1008 632 1055 moret
641 1006 790 1070 uoluntatem,
803 1008 858 1071 qula

61 1056 140 1110 bouum
150 1064 299 1116 intellectum
313 1072 348 1117 est
364 1070 480 1134 objectum
493 1073 633 1136 uoluntatb,
650 1080 675 1127 et
691 1080 769 1129 moret
783 1078 857 1143 ipsam

60 1133 82 1178 ut
91 1130 143 1184 rm.
156 1138 211 1188 llio
224 1138 295 1188 modo
305 1138 390 1189 dicitur
399 1142 485 1205 aliquid
493 1156 586 1195 morere
599 1160 640 1210 per
650 1149 743 1199 modum
755 1149 856 1213 agentia,

57 1202 109 1254 siem
118 1207 219 1260 alterans
235 1214 316 1261 moret
323 1212 457 1276 alteratum,
467 1219 491 1265 et
503 1215 624 1280 impellens
633 1224 711 1269 mouet
723 1220 857 1285 impulsum.

57 1276 82 1325 Et
98 1278 138 1329 boc
155 1282 228 1336 morlo
247 1282 356 1333 uoluntas
370 1289 450 1336 moret
466 1286 620 1350 intellectum,
639 1294 663 1340 et
676 1303 756 1341 omnes
772 1292 857 1344 animae

55 1345 287 1411 circumpectum
297 1353 709 1411 dicitlnlib.Derr'ucr'lirodr'nr‘lur.
721 1362 792 1425 Cujus
800 1363 858 1413 ratio

55 1421 96 1481 eol,
110 1423 160 1486 qnia
177 1424 206 1474 in
225 1424 335 1476 omnibus
347 1427 455 1491 potentiis
468 1430 548 1481 activis
563 1430 692 1496 ordinatis,
704 1432 743 1482 illa
757 1434 860 1497 potentia

54 1502 96 1549 pue
104 1496 200 1560 respicit
208 1496 284 1545 linem
292 1496 455 1561 universalem,
463 1504 542 1551 moret
550 1502 666 1565 potentias
676 1516 727 1567 qne
736 1503 860 1568 respiciunt

53 1559 102 1613 fines
115 1568 280 1630 particulares.
295 1569 326 1618 Et
342 1570 388 1619 hoc
405 1575 500 1635 apparet
518 1575 564 1623 tam
578 1572 603 1623 iu
616 1574 774 1635 mimulibus,
790 1573 857 1638 quim

53 1630 73 1679 iu
83 1637 190 1697 politicis.
207 1639 302 1689 culum
315 1640 378 1689 enim
391 1643 451 1705 quod
462 1643 509 1705 agit
521 1644 549 1695 aul
562 1643 714 1695 universalem
726 1645 857 1695 considera-

53 1702 128 1757 tionem
140 1711 314 1773 generabilium
328 1715 351 1762 et
363 1713 555 1779 corruptibilium,
571 1718 734 1768 moretomniu
747 1718 857 1768 iuferiora

54 1788 147 1842 copem,
162 1795 268 1847 qnorum
282 1786 460 1848 unumquodque
475 1786 524 1849 agii
541 1788 569 1836 ad
583 1788 784 1839 conseruationem
800 1800 856 1851 pro·

53 1847 99 1907 prin
107 1853 201 1917 speciei,
208 1854 254 1903 *rel
264 1853 335 1903 etiam
342 1855 463 1906 individui.
473 1858 523 1908 Rex
533 1858 602 1911 etiam
614 1858 654 1922 qui
662 1858 763 1910 intendit
771 1860 856 1908 bouum

54 1929 165 1975 commune
180 1925 259 1977 totins
280 1926 359 1989 regni,
375 1931 452 1977 moret
466 1940 508 1991 per
530 1942 595 1979 suum
612 1930 735 1993 imperium
754 1929 856 1992 singulos

53 1995 177 2056 prepositos
188 1998 331 2061 ciuitatum,
344 1998 384 2061 qui
396 1998 492 2063 singupje
504 2002 638 2053 ciuitatibus
649 2014 726 2051 curam
740 2000 857 2063 regiminis

52 2062 187 2130 impendunt.
203 2071 331 2135 ObJeetum
342 2076 419 2124 autem
428 2072 553 2125 uoluntatis
567 2076 714 2136 aribonem,
729 2078 754 2125 et
767 2074 821 2123 finis
832 2074 857 2124 in

52 2143 167 2193 commum
173 2144 292 2203 Quaelibet
298 2148 376 2195 autem
383 2146 632 2211 potentiacumparatur
639 2147 667 2197 ad
675 2146 767 2209 aliquod
772 2146 856 2195 bunum

53 2214 158 2275 lroprinm
169 2216 219 2267 sibi
234 2215 386 2277 conueniens,
395 2217 454 2267 sicut
465 2218 529 2269 risus
545 2220 573 2269 ad
584 2218 755 2283 perceptionem
767 2217 856 2279 coloris,

52 2280 171 2339 iutelemus
184 2290 216 2339 ad
231 2287 390 2351 cognitionem
406 2288 463 2339 ueri.
476 2290 506 2338 Et
518 2289 570 2340 ideo
586 2289 690 2339 uoluntas
708 2302 750 2353 per
763 2288 856 2369 modum

52 2358 131 2413 aseritis
138 2362 311 2411 muretumnes
319 2360 401 2409 anime
407 2361 555 2423 potentiasad
564 2374 617 2411 suus
628 2363 856 2423 actus,praeterr1res

51 2429 155 2481 naturales
164 2430 310 2495 vegetatirae
321 2431 404 2495 partis,
411 2445 461 2494 qaae
470 2437 550 2485 nostro
560 2432 652 2482 arbitrio
661 2445 706 2481 non
717 2432 853 2483 subduntur.

78 2501 110 2551 lul
118 2503 225 2566 primrnn
237 2516 295 2566 ergo
308 2502 444 2564 dioenlrm,
455 2504 515 2567 pubet
529 2504 657 2554 intellectus
671 2502 791 2567 dupliciter
801 2514 856 2551 con-

54 2568 138 2623 siderari
145 2578 238 2638 potest.
248 2575 301 2624 Uno
310 2574 379 2623 modo
387 2575 510 2624 secundum
519 2577 579 2639 quod
589 2574 720 2624 intellectus
732 2577 768 2623 est
777 2586 855 2635 appre-

55 2638 152 2695 beusirus
163 2645 244 2706 erile,
258 2648 285 2695 et
295 2645 344 2694 reri
357 2646 508 2710 uniuersalis3
522 2646 567 2696 alio
581 2647 648 2695 modo
660 2645 785 2723 seeundum
795 2643 855 2706 quod

54 2718 83 2760 est
91 2717 193 2779 quedam
203 2730 258 2780 res,
271 2719 297 2766 et
305 2717 450 2781 particularis
459 2718 575 2783 potentia,
586 2718 672 2767 hebens
681 2716 853 2765 determinatum

83 2857 177 2923 (lllllrre
186 2854 350 2923 principatum
356 2877 429 2922 cupre
437 2864 574 2911 efficientem
585 2864 690 2909 obtinere
698 2860 825 2933 diciourlih.
834 2860 852 2915 1,

56 2920 85 2968 ⁰0
97 2929 209 2984 portibus
225 2926 460 2986 animeliermapt
472 2927 497 2989 1,
512 2928 567 2985 qnia
580 2926 641 2973 ratio
654 2929 691 2970 est
704 2921 812 2969 leniendi.
