1984 3309
156 220 188 269 *le
348 232 409 271 nuru
425 232 447 279 r,
463 232 555 279 curcur.
571 232 655 280 uxum,
671 232 727 273 m·
743 234 762 269 r.

154 308 185 357 ed
203 307 248 357 lice
265 305 963 373 quodceruuritiunrircperilureouclcneir‚itutrrreu

154 378 215 441 quod
226 382 352 428 creaturum
367 377 480 428 conditam
497 382 618 429 conservet
628 383 653 429 et
662 378 814 431 ulminiueut.
828 382 881 433 llic
894 385 966 433 mede

154 448 282 499 secundum
294 448 354 513 quod
367 452 419 512 pout
431 462 502 513 cpcru
511 450 624 513 requievit
636 450 662 501 in
669 450 729 513 ipue.
739 451 855 508 cerumar
866 466 926 517 erge
936 457 966 504 ae

155 518 253 583 primum
272 520 384 583 competit
403 522 507 585 septime
518 521 566 573 liei
583 519 730 582 benedictio,
742 521 796 585 quir
813 522 875 573 m'cut
894 525 965 590 supri

156 588 243 639 dictum
261 594 310 651 est,
330 592 459 642 benedictio
481 594 511 642 uri
529 592 740 657 multiplicationem
760 593 861 656 pertinet
878 598 965 647 :uuile

158 660 245 712 (lictum
258 665 294 713 est
306 663 426 727 creaturis,
439 678 495 729 quur
504 664 635 724 benedixit,
648 682 663 712 u
672 663 774 715 Crescite
786 668 811 717 et
823 666 967 731 multiplice·

159 731 225 787 mini.
244 750 258 780 u
278 733 433 798 multiplicatio
452 740 530 787 eutem
544 749 621 785 rermn
639 737 665 785 tlt
679 748 721 800 per
740 736 966 788 tlminietrufiuuem

158 806 285 868 creature,
299 806 422 857 secundum
442 819 511 871 quum
526 820 557 859 ex
572 806 684 861 similinus
710 806 796 857 similia
815 814 967 870 generantur.

161 874 336 932 Quantumverl
346 878 509 929 uerecundum
520 876 630 942 competit
635 877 740 942 reptime
747 877 795 929 uiei
801 878 965 931 runfflmtiu.

161 945 256 999 timim
270 948 331 997 enim
345 947 492 999 sanctificatio
503 948 625 1012 cujuslibet
637 948 761 1000 attenditur
772 948 799 997 iu
810 950 855 999 lieu
864 953 933 1013 quud
945 951 969 999 in

162 1019 209 1069 lieo
223 1019 352 1083 requiescit.
372 1021 435 1073 Unde
452 1024 476 1070 et
495 1033 533 1071 reu
548 1022 596 1071 lieu
612 1019 722 1072 ennete
736 1026 830 1072 uecta
846 1021 967 1073 dicuntur.

194 1092 227 1141 ld
240 1090 338 1155 primum
350 1104 404 1155 ergo
418 1092 547 1153 dicendum,
559 1090 620 1155 qued
634 1105 680 1142 non
691 1095 784 1155 prepter
795 1092 839 1141 lucc
853 1092 908 1144 dies
918 1108 968 1158 sep

162 1160 230 1213 timus
249 1162 416 1226 sanctificatur,
434 1163 489 1226 quia
506 1164 552 1215 lieu
571 1164 644 1227 pemit
664 1161 749 1226 eliquit
766 1174 917 1227 accrescere,
932 1163 967 1213 rel

163 1233 307 1295 decrescere3
322 1234 362 1283 sed
379 1233 433 1296 quin
449 1234 559 1284 creaturis
577 1233 661 1297 aliquid
673 1232 781 1283 accrescit
796 1246 838 1297 per
853 1235 968 1301 multipli-

164 1304 286 1367 cationem,
299 1310 322 1357 et
332 1305 434 1368 quietern
444 1306 470 1355 in
482 1306 542 1356 Deo.

195 1376 229 1427 lid
242 1378 367 1437 secundum
378 1377 508 1438 dicendum,
518 1377 577 1441 quud
588 1375 614 1426 in
621 1374 702 1441 primiu
709 1388 752 1426 eeu
763 1376 843 1427 diener
850 1380 969 1441 producte

164 1450 217 1497 suut
225 1461 262 1499 res
272 1448 298 1497 in
306 1448 355 1499 suis
365 1447 445 1513 primis
459 1447 548 1511 causis3
561 1449 601 1504 uerl
613 1451 693 1512 postea
705 1460 735 1497 ex
747 1446 793 1497 iliu
802 1446 887 1510 primis
895 1449 968 1499 ceusu

164 1532 201 1571 reu
216 1518 395 1585 multiplicantur
411 1524 434 1569 et
450 1522 629 1582 conservantur,
643 1518 704 1582 qued
717 1518 786 1568 etium
803 1519 831 1568 ud
842 1518 969 1571 benitatem

164 1589 265 1640 divinum
276 1588 384 1655 pertinet.
395 1590 466 1653 Cujus
476 1590 547 1641 etiam
559 1590 668 1655 pericctio
681 1589 707 1639 iu
720 1591 764 1641 hee
778 1589 879 1641 mxime
893 1597 968 1643 esten-

166 1660 240 1723 ditnr,
256 1660 316 1725 quun
326 1660 350 1711 in
364 1660 414 1724 ipsu
424 1660 487 1722 culn,
501 1664 525 1711 et
536 1660 586 1725 ipse
595 1660 718 1725 requiescit
730 1662 755 1709 et
769 1674 812 1710 nus
824 1662 967 1725 requiescere

166 1744 334 1797 pessumus,eea
347 1731 458 1784 fruentes.

199 1802 233 1852 ild
242 1801 335 1852 tertium
349 1802 479 1865 dicendum,
492 1801 554 1865 quid
564 1802 659 1866 bunum,
673 1804 735 1867 qued
743 1802 769 1851 in
780 1802 878 1866 umgrrlis
889 1805 968 1855 diebus

167 1877 365 1935 commemoratur,
373 1874 470 1937 pertinet
479 1875 508 1925 ad
522 1874 618 1938 primum
630 1878 717 1925 nature
730 1874 921 1939 institutionem
934 1876 969 1924 be-

168 1944 269 1997 nedictio
279 1949 356 1995 autem
366 1944 411 1997 diei
423 1945 524 2013 septime
531 1944 629 2010 pertinet
637 1945 759 1998 adnutum
770 1948 968 2012 propagationem.

406 2282 578 2353 QUAESTIO
596 2278 735 2362 lxliv.

167 2432 204 2479 Dr
218 2432 330 2479 umnelin
345 2438 432 2491 reptem
449 2432 533 2480 dicier
549 2436 579 2480 ι’»
592 2430 728 2485 communi,
740 2436 771 2480 ie
787 2438 835 2484 uer
847 2436 965 2484 articulos

523 2507 615 2553 dicire.

201 2646 286 2697 Deinde
299 2644 408 2711 queritur
421 2646 449 2698 de
464 2648 569 2699 omnihus
582 2651 668 2711 septem
680 2647 761 2698 (liebus
773 2646 799 2697 in
811 2648 937 2698 cummuni.

203 2720 231 2769 Et
239 2718 419 2782 quaemnturtria
428 2736 435 2766 ι
444 2724 469 2769 1⁰
478 2722 509 2771 lle
517 2719 656 2770 sufficientia
664 2721 744 2769 hurum
751 2718 847 2769 dierum.
858 2724 887 2769 2⁰
897 2721 968 2769 illrum

171 2790 217 2842 sint
230 2805 290 2841 uuus
304 2791 370 2853 dies,
386 2791 422 2841 uel
435 2790 520 2857 plures.
536 2795 563 2841 ³⁰
571 2792 604 2841 lle
616 2792 751 2854 quibusdam
760 2790 835 2840 medis
847 2787 966 2855 loquendi,

171 2863 255 2927 qubus
273 2862 387 2927 Scriptum
401 2862 470 2915 utitur
486 2864 609 2913 enarrando
623 2875 691 2926 opere
705 2876 746 2914 sex
759 2862 856 2913 dierum.
