1984 3309
205 179 239 216 nn
252 178 371 219 cusauum
386 179 503 219 uoroxux
518 177 674 222 manum
795 167 840 222 llll

39 255 68 304 sit
84 253 307 319 tmtminp'ustitis·
318 258 444 321 modest
438 258 611 310 inconveniens
623 256 755 324 molatur
768 259 841 312 bonos

39 325 136 388 angelos
143 337 192 376 nou
201 330 239 376 est
249 341 336 392 pugna.

69 397 116 448 sed
132 401 213 450 contra
226 401 262 447 est
267 400 351 482 ,qnod
365 398 447 452 elicitur
462 399 537 464 Dus„
540 345 584 463 X,
600 415 629 454 ex
640 414 736 466 persona
749 402 842 454 Gabrie-

40 469 68 517 lis
82 470 134 532 til:
146 468 277 533 «Princeps
286 472 353 534 regni
366 474 488 522 Persarum
502 473 586 524 restitit
596 474 653 524 mibi
665 473 748 538 uiginti
761 479 840 526 etune

40 541 130 590 diebus.
144 557 159 588 n
173 539 217 590 llic
234 544 313 592 subm*
324 543 433 606 princeps
452 545 574 594 Persarum
591 549 640 594 erat
658 545 751 609 angelus
770 559 841 610 ragno

39 615 160 664 Persarum
171 612 198 662 in
212 611 339 664 cumdium
354 617 485 680 deputatus.
501 615 560 679 Ergo
577 629 635 667 unius
648 618 743 681 angelus
756 619 842 670 resistit

40 684 92 748 alii;
107 688 132 734 et
145 684 206 735 inter
218 697 259 736 eos
271 689 306 736 cst
322 700 407 750 pugna.

69 757 228 816 (Quanam.
240 759 306 807 -ln
319 757 408 820 angelis
426 771 503 822 pugna
519 757 611 823 quidem
629 773 680 810 esse
696 763 784 825 potest,
795 775 841 812 non

40 827 152 877 discordia
161 827 319 892 voluntatum,
328 829 369 879 sed
381 829 514 880 meritorum
526 829 684 881 contrarietate
689 868 698 894 ,
708 846 749 896 pro
758 831 842 896 qubus

41 905 142 961 pugnare
158 898 290 961 dicuntur.)

71 970 206 1034 despondeo
221 970 356 1035 dicendum,
367 969 428 1035 quod
442 972 486 1022 ista
496 966 592 1036 questio
606 977 709 1026 movetur
721 975 841 1026 occasione

39 1042 118 1090 borum
132 1041 255 1092 uerborum
269 1042 384 1106 llauiebs,
396 1057 447 1108 qus
464 1043 556 1108 quidem
570 1043 721 1112 Hieronymus
734 1046 841 1110 exponit,

39 1112 117 1162 dicens
131 1112 259 1178 principem
272 1113 338 1177 regni
354 1118 472 1164 Persarum
483 1126 534 1165 esse
548 1115 667 1178 angelum,
679 1117 719 1180 qui
734 1129 758 1166 se
770 1129 842 1180 oppo-

39 1183 84 1231 suit
98 1183 227 1234 bberatioui
241 1184 319 1249 pupuli
332 1185 467 1250 israelitici,
479 1197 522 1248 pro
533 1199 580 1250 quo
596 1185 676 1236 Daniel
690 1187 780 1244 orabat,
799 1185 842 1238 Ga-

39 1253 114 1304 brielc
123 1265 207 1318 preces
227 1254 279 1319 eJ'us
299 1258 345 1307 ileu
364 1259 527 1320 presentante.
545 1255 599 1308 liae
620 1261 697 1308 autem
712 1258 843 1308 resistentia

40 1324 114 1388 potnit
126 1326 177 1376 lieri
182 1363 191 1390 ,
205 1325 258 1390 quia
272 1327 381 1393 prmceps
399 1327 480 1391 abonis
494 1329 624 1380 demonum
639 1329 731 1380 ludaos
745 1328 768 1378 in
784 1329 842 1378 Per-

39 1396 110 1445 sidem
121 1397 204 1448 ductos
216 1399 246 1448 ad
255 1403 375 1463 peccatum
386 1398 520 1463 induxerat,
531 1413 572 1463 per
582 1399 643 1463 qnod
651 1398 842 1462 impedimentum

39 1469 192 1529 prestabatur
204 1469 301 1520 orationi
318 1469 418 1520 llanielis
438 1482 479 1532 pro
495 1471 577 1520 eodem
592 1468 842 1535 populodeprecantis.

41 1539 85 1587 Sed
102 1538 228 1591 meandum
241 1539 390 1604 Gregorinm,
402 1541 471 1591 Xllll.
486 1540 577 1590 uorat,
593 1542 665 1604 (cup.
679 1541 723 1604 8),
737 1539 843 1603 princeps

41 1610 106 1673 regni
119 1613 241 1662 Persamm
258 1612 333 1664 bonus
349 1612 444 1676 angelus
456 1612 501 1663 luit
520 1611 630 1664 custodia
646 1611 710 1676 regni
723 1610 785 1662 illins
802 1612 842 1662 de-

41 1686 143 1745 putatus.
154 1685 187 1733 dd
199 1683 322 1735 uidendum
334 1684 403 1748 igitur
413 1685 510 1748 qnsbter
522 1699 582 1735 unns
596 1685 690 1748 angelus
699 1683 765 1735 alteri
776 1683 844 1734 resis-

39 1760 85 1805 tere
94 1754 385 1818 dicitnr,considerandnm
394 1760 431 1814 est
440 1757 500 1821 prod
508 1756 675 1821 diuinaiadida
684 1755 745 1806 circa
755 1753 844 1806 diuersa

40 1840 110 1888 regna
127 1831 151 1877 et
170 1829 274 1878 diuersos
290 1827 409 1891 homines,
425 1841 466 1890 per
481 1828 574 1890 angelos
593 1831 735 1878 exercentur.
751 1827 776 1875 ln
794 1825 843 1875 suis

40 1898 264 1951 autemacticnibus
280 1900 357 1962 madi
369 1913 412 1964 per
429 1899 529 1952 diruam
551 1899 693 1950 sententiam
703 1898 841 1962 reputantur.

40 1969 160 2034 Contingit
171 1975 249 2023 autem
261 1972 397 2036 quandoque
411 1970 472 2035 pubal
480 1971 511 2020 -in
524 1971 620 2021 disemis
632 1969 708 2033 regnis
719 1970 757 2018 uel
769 1969 795 2018 in
808 1970 843 2018 di·

40 2042 114 2091 tersis
131 2042 261 2110 bominibus
276 2043 389 2094 contraria
407 2041 539 2093 maritaret
556 2040 667 2092 demerita
681 2039 842 2100 inveniuntur,

42 2119 64 2160 nt
74 2127 137 2164 nnus
149 2113 217 2164 alteri
229 2115 389 2165 subdatnraat
399 2113 484 2179 praesit.
496 2113 556 2171 onio
571 2115 647 2162 autem
657 2124 725 2174 supsr
733 2111 777 2160 boc
787 2109 843 2158 ordo

41 2183 128 2234 ‹livinae
144 2183 263 2248 sapientie
277 2186 376 2247 babent,
392 2196 529 2248 cognoscere
547 2194 594 2233 non
612 2185 721 2246 possunt,
739 2179 783 2230 nisi
797 2180 844 2229 liso

42 2257 168 2310 revelante.
177 2257 245 2307 {inde
257 2270 353 2308 necesse
366 2257 451 2308 babent
462 2253 578 2319 superbis
590 2252 726 2317 sapient-iam
735 2249 777 2302 Ilei
789 2263 844 2300 con-

43 2327 128 2377 sulere.
142 2327 181 2376 Sic
194 2327 265 2390 igitm
280 2327 428 2392 inquantum
444 2327 472 2378 de
485 2325 606 2376 contrariis
616 2323 704 2375 meritis
715 2329 739 2374 et
750 2322 794 2373 sibi
804 2333 845 2372 rs-

42 2398 212 2461 pngnantibns,
232 2397 335 2449 diuinam
355 2399 477 2450 consulunt
501 2397 662 2458 uoluntatem,
674 2395 779 2446 resistms
801 2393 846 2444 sibi

43 2469 142 2522 inanem
157 2470 282 2531 dicuntum
292 2485 340 2522 non
352 2470 406 2535 qaia
421 2471 468 2521 mut
481 2483 561 2520 eornm
581 2469 697 2519 contrariae
718 2465 846 2518 adunitates

72 2651 106 2714 (i)
125 2653 218 2699 Gabriel
238 2653 332 2710 quidem
351 2653 384 2698 ibi
402 2665 448 2697 non
464 2651 614 2710 exprimitur,
631 2650 672 2696 nbi
691 2649 783 2696 tantbm
804 2649 847 2694 ut'r

44 2718 223 2761 unusesata'tur
236 2716 325 2766 larum,
336 2720 392 2764 etc„
400 2715 489 2760 Danieli
505 2714 639 2770 apparuisse
654 2711 807 2768 describitur,
822 2715 847 2756 ut

44 2790 100 2823 turs.
116 2777 147 2837 5,
159 2785 186 2824 et
196 2780 352 2836 sequentibus
361 2777 499 2828 underecst
492 2773 552 2820 sed
561 2775 676 2832 collrgrtnr
685 2787 713 2820 ex
722 2773 847 2832 praemissis

44 2852 92 2896 cap.
103 2843 151 2899 11,
164 2854 225 2888 vers
237 2841 282 2899 it,
296 2841 450 2887 ubidicitur.
466 2838 583 2884 liccem
596 2837 709 2888 Gabriel
726 2845 809 2890 nempe
824 2835 848 2876 in

44 2905 121 2957 sPtcic
134 2905 178 2952 siri
194 2915 327 2963 appmem,
342 2906 422 2949 ete.

167 3010 196 3049 tt.
737 2993 766 3040 tt
