<?xml version="1.0" encoding="UTF-8"?>
<!DOCTYPE html PUBLIC "-//W3C//DTD XHTML 1.0 Transitional//EN"
    "http://www.w3.org/TR/xhtml1/DTD/xhtml1-transitional.dtd">
<html xmlns="http://www.w3.org/1999/xhtml" xml:lang="en" lang="en">
 <head>
  <title>
</title>
<meta http-equiv="Content-Type" content="text/html;charset=utf-8" />
  <meta name='ocr-system' content='tesseract 3.04.00' />
  <meta name='ocr-capabilities' content='ocr_page ocr_carea ocr_par ocr_line ocrx_word'/>
</head>
<body>
  <div class='ocr_page' id='page_1' title='image "./summatheologica00nicogoog_0044.png"; bbox 0 0 1984 3309; ppageno 0'>
   <div class='ocr_carea' id='block_1_1' title="bbox 202 152 862 218">
    <p class='ocr_par' dir='ltr' id='par_1_1' title="bbox 202 152 862 218">
     <span class='ocr_line' id='line_1_1' title="bbox 202 152 862 218; baseline 0.005 -24"><span class='ocrx_word' id='word_1_1' title='bbox 202 158 236 195; x_wconf 75' lang='lat' dir='ltr'><strong>un</strong></span> <span class='ocrx_word' id='word_1_2' title='bbox 251 158 331 201; x_wconf 73' lang='lat' dir='ltr'><strong>opertu</strong></span> <span class='ocrx_word' id='word_1_3' title='bbox 347 158 523 218; x_wconf 74' lang='lat' dir='ltr'><strong>uisrinurmms</strong></span> <span class='ocrx_word' id='word_1_4' title='bbox 539 159 665 218; x_wconf 68' lang='lat' dir='ltr'><strong>smtnunrr</strong></span> <span class='ocrx_word' id='word_1_5' title='bbox 680 160 716 197; x_wconf 79' lang='lat' dir='ltr'><strong>ss.</strong></span> <span class='ocrx_word' id='word_1_6' title='bbox 832 152 862 207; x_wconf 70' lang='grc'><strong>35</strong></span> 
     </span>
    </p>
   </div>
   <div class='ocr_carea' id='block_1_2' title="bbox 6 233 864 2174">
    <p class='ocr_par' dir='ltr' id='par_1_2' title="bbox 6 233 863 1449">
     <span class='ocr_line' id='line_1_2' title="bbox 87 233 862 299; baseline 0 -14"><span class='ocrx_word' id='word_1_7' title='bbox 87 234 132 285; x_wconf 84' lang='lat' dir='ltr'><strong>Sed</strong></span> <span class='ocrx_word' id='word_1_8' title='bbox 150 238 228 285; x_wconf 79' lang='lat' dir='ltr'><strong>cuutm</strong></span> <span class='ocrx_word' id='word_1_9' title='bbox 251 236 297 284; x_wconf 87' lang='lat' dir='ltr'><strong>huc</strong></span> <span class='ocrx_word' id='word_1_10' title='bbox 314 233 395 298; x_wconf 80' lang='lat' dir='ltr'><strong>objicit</strong></span> <span class='ocrx_word' id='word_1_11' title='bbox 414 234 550 295; x_wconf 74' lang='lat' dir='ltr'><strong>Augustinus</strong></span> <span class='ocrx_word' id='word_1_12' title='bbox 572 238 661 299; x_wconf 76' lang='lat' dir='ltr'><strong>(super</strong></span> <span class='ocrx_word' id='word_1_13' title='bbox 676 239 732 285; x_wconf 80' lang='lat' dir='ltr'><strong>Gen.</strong></span> <span class='ocrx_word' id='word_1_14' title='bbox 754 236 789 285; x_wconf 87' lang='lat' dir='ltr'><strong>ad</strong></span> <span class='ocrx_word' id='word_1_15' title='bbox 808 236 862 297; x_wconf 76' lang='lat' dir='ltr'><strong>tit,</strong></span> 
     </span>
     <span class='ocr_line' id='line_1_3' title="bbox 58 305 863 371; baseline 0.001 -15"><span class='ocrx_word' id='word_1_16' title='bbox 58 320 106 371; x_wconf 81' lang='lat' dir='ltr'><strong>cap.</strong></span> <span class='ocrx_word' id='word_1_17' title='bbox 124 307 177 370; x_wconf 75' lang='lat'>16),</span> <span class='ocrx_word' id='word_1_18' title='bbox 191 305 254 370; x_wconf 87' lang='lat' dir='ltr'><strong>qudd</strong></span> <span class='ocrx_word' id='word_1_19' title='bbox 267 306 332 356; x_wconf 78' lang='lat' dir='ltr'><strong>nulla</strong></span> <span class='ocrx_word' id='word_1_20' title='bbox 345 305 403 355; x_wconf 84' lang='lat' dir='ltr'><strong>ratio</strong></span> <span class='ocrx_word' id='word_1_21' title='bbox 415 309 474 355; x_wconf 86' lang='lat' dir='ltr'><strong>esset</strong></span> <span class='ocrx_word' id='word_1_22' title='bbox 487 305 555 369; x_wconf 80' lang='lat' dir='ltr'><strong>liujus</strong></span> <span class='ocrx_word' id='word_1_23' title='bbox 569 306 732 358; x_wconf 69' lang='lat' dir='ltr'><strong>vicissitudinis</strong></span> <span class='ocrx_word' id='word_1_24' title='bbox 744 308 863 359; x_wconf 87' lang='lat' dir='ltr'><strong>emittendi</strong></span> 
     </span>
     <span class='ocr_line' id='line_1_4' title="bbox 59 375 862 443; baseline 0.002 -16"><span class='ocrx_word' id='word_1_25' title='bbox 59 382 81 427; x_wconf 89' lang='lat' dir='ltr'><strong>et</strong></span> <span class='ocrx_word' id='word_1_26' title='bbox 96 378 224 430; x_wconf 80' lang='lat' dir='ltr'><strong>retrahendi</strong></span> <span class='ocrx_word' id='word_1_27' title='bbox 239 378 353 443; x_wconf 62' lang='lat' dir='ltr'><strong>luminis„¹</strong></span> <span class='ocrx_word' id='word_1_28' title='bbox 365 375 418 429; x_wconf 79' lang='lat' dir='ltr'><strong>cliui</strong></span> <span class='ocrx_word' id='word_1_29' title='bbox 434 378 538 427; x_wconf 77' lang='lat' dir='ltr'><strong>turnines</strong></span> <span class='ocrx_word' id='word_1_30' title='bbox 555 383 578 429; x_wconf 84' lang='lat' dir='ltr'><strong>et</strong></span> <span class='ocrx_word' id='word_1_31' title='bbox 595 380 700 430; x_wconf 77' lang='lat' dir='ltr'><strong>animuin</strong></span> <span class='ocrx_word' id='word_1_32' title='bbox 721 393 767 430; x_wconf 88' lang='lat' dir='ltr'><strong>nun</strong></span> <span class='ocrx_word' id='word_1_33' title='bbox 784 383 862 430; x_wconf 87' lang='lat' dir='ltr'><strong>esseut</strong></span> 
     </span>
     <span class='ocr_line' id='line_1_5' title="bbox 60 448 863 513; baseline 0.001 -13"><span class='ocrx_word' id='word_1_34' title='bbox 60 462 149 513; x_wconf 83' lang='lat' dir='ltr'><strong>quorum</strong></span> <span class='ocrx_word' id='word_1_35' title='bbox 160 450 242 500; x_wconf 88' lang='lat' dir='ltr'><strong>usibus</strong></span> <span class='ocrx_word' id='word_1_36' title='bbox 256 451 302 499; x_wconf 88' lang='lat' dir='ltr'><strong>hcc</strong></span> <span class='ocrx_word' id='word_1_37' title='bbox 316 448 441 499; x_wconf 79' lang='lat' dir='ltr'><strong>deserviret</strong></span> <span class='ocrx_word' id='word_1_38' title='bbox 454 448 497 513; x_wconf 84' lang='lat'><strong>(¹).</strong></span> <span class='ocrx_word' id='word_1_39' title='bbox 513 450 541 498; x_wconf 81' lang='lat' dir='ltr'><strong>nt</strong></span> <span class='ocrx_word' id='word_1_40' title='bbox 554 454 661 513; x_wconf 76' lang='lat' dir='ltr'><strong>preterea</strong></span> <span class='ocrx_word' id='word_1_41' title='bbox 675 452 719 501; x_wconf 86' lang='lat' dir='ltr'><strong>hnc</strong></span> <span class='ocrx_word' id='word_1_42' title='bbox 729 466 778 501; x_wconf 88' lang='lat' dir='ltr'><strong>nun</strong></span> <span class='ocrx_word' id='word_1_43' title='bbox 791 452 863 501; x_wconf 77' lang='lat' dir='ltr'><strong>trebel</strong></span> 
     </span>
     <span class='ocr_line' id='line_1_6' title="bbox 61 520 861 586; baseline 0.005 -17"><span class='ocrx_word' id='word_1_44' title='bbox 61 524 135 573; x_wconf 81' lang='lat' dir='ltr'><strong>natura</strong></span> <span class='ocrx_word' id='word_1_45' title='bbox 146 521 251 586; x_wconf 82' lang='lat' dir='ltr'><strong>corporis</strong></span> <span class='ocrx_word' id='word_1_46' title='bbox 263 520 346 582; x_wconf 81' lang='lat' dir='ltr'><strong>lucidi,</strong></span> <span class='ocrx_word' id='word_1_47' title='bbox 363 522 389 575; x_wconf 84' lang='lat' dir='ltr'><strong>ul</strong></span> <span class='ocrx_word' id='word_1_48' title='bbox 400 522 497 574; x_wconf 77' lang='lat' dir='ltr'><strong>run-anu</strong></span> <span class='ocrx_word' id='word_1_49' title='bbox 508 522 583 577; x_wconf 84' lang='lat' dir='ltr'><strong>lumen</strong></span> <span class='ocrx_word' id='word_1_50' title='bbox 594 522 664 573; x_wconf 87' lang='lat' dir='ltr'><strong>insui</strong></span> <span class='ocrx_word' id='word_1_51' title='bbox 675 523 809 586; x_wconf 56' lang='lat' dir='ltr'><strong>praesentim</strong></span> <span class='ocrx_word' id='word_1_52' title='bbox 821 524 861 573; x_wconf 91' lang='lat' dir='ltr'><strong>sed</strong></span> 
     </span>
     <span class='ocr_line' id='line_1_7' title="bbox 61 592 862 659; baseline 0.006 -18"><span class='ocrx_word' id='word_1_53' title='bbox 61 592 187 645; x_wconf 71' lang='lat' dir='ltr'><strong>miraculose</strong></span> <span class='ocrx_word' id='word_1_54' title='bbox 198 596 280 657; x_wconf 86' lang='lat' dir='ltr'><strong>potest</strong></span> <span class='ocrx_word' id='word_1_55' title='bbox 289 594 334 643; x_wconf 87' lang='lat' dir='ltr'><strong>huc</strong></span> <span class='ocrx_word' id='word_1_56' title='bbox 344 592 402 641; x_wconf 84' lang='lat' dir='ltr'><strong>sueni.</strong></span> <span class='ocrx_word' id='word_1_57' title='bbox 413 594 438 642; x_wconf 94' lang='lat' dir='ltr'><strong>Iu</strong></span> <span class='ocrx_word' id='word_1_58' title='bbox 447 593 519 657; x_wconf 83' lang='lat' dir='ltr'><strong>prima</strong></span> <span class='ocrx_word' id='word_1_59' title='bbox 528 598 604 643; x_wconf 80' lang='lat' dir='ltr'><strong>autem</strong></span> <span class='ocrx_word' id='word_1_60' title='bbox 613 594 754 646; x_wconf 82' lang='lat' dir='ltr'><strong>institutione</strong></span> <span class='ocrx_word' id='word_1_61' title='bbox 764 600 862 659; x_wconf 84' lang='lat' dir='ltr'><strong>neturae,</strong></span> 
     </span>
     <span class='ocr_line' id='line_1_8' title="bbox 60 664 863 731; baseline 0.004 -17"><span class='ocrx_word' id='word_1_62' title='bbox 60 679 101 715; x_wconf 89' lang='lat' dir='ltr'><strong>uun</strong></span> <span class='ocrx_word' id='word_1_63' title='bbox 110 667 222 730; x_wconf 77' lang='lat' dir='ltr'><strong>queritur</strong></span> <span class='ocrx_word' id='word_1_64' title='bbox 232 664 378 726; x_wconf 77' lang='lat' dir='ltr'><strong>miraculum,</strong></span> <span class='ocrx_word' id='word_1_65' title='bbox 389 666 430 717; x_wconf 83' lang='lat' dir='ltr'><strong>sed</strong></span> <span class='ocrx_word' id='word_1_66' title='bbox 442 666 494 729; x_wconf 84' lang='lat' dir='ltr'><strong>quid</strong></span> <span class='ocrx_word' id='word_1_67' title='bbox 505 670 583 715; x_wconf 84' lang='lat' dir='ltr'><strong>uatum</strong></span> <span class='ocrx_word' id='word_1_68' title='bbox 593 680 669 718; x_wconf 85' lang='lat' dir='ltr'><strong>rerum</strong></span> <span class='ocrx_word' id='word_1_69' title='bbox 676 668 772 731; x_wconf 80' lang='lat' dir='ltr'><strong>habeut,</strong></span> <span class='ocrx_word' id='word_1_70' title='bbox 784 673 809 717; x_wconf 89' lang='lat' dir='ltr'><strong>ut</strong></span> <span class='ocrx_word' id='word_1_71' title='bbox 818 672 863 719; x_wconf 81' lang='lat' dir='ltr'><strong>du-</strong></span> 
     </span>
     <span class='ocr_line' id='line_1_9' title="bbox 58 738 863 804; baseline -0.004 -12"><span class='ocrx_word' id='word_1_72' title='bbox 58 740 160 801; x_wconf 74' lang='lat' dir='ltr'><strong>gislinus</strong></span> <span class='ocrx_word' id='word_1_73' title='bbox 170 738 228 790; x_wconf 85' lang='lat' dir='ltr'><strong>dicit</strong></span> <span class='ocrx_word' id='word_1_74' title='bbox 241 738 299 801; x_wconf 76' lang='lat' dir='ltr'><strong>(lib,</strong></span> <span class='ocrx_word' id='word_1_75' title='bbox 310 738 341 787; x_wconf 84' lang='grc' dir='ltr'><strong>ΙΙ.</strong></span> <span class='ocrx_word' id='word_1_76' title='bbox 353 752 432 802; x_wconf 79' lang='lat' dir='ltr'><strong>super</strong></span> <span class='ocrx_word' id='word_1_77' title='bbox 442 744 499 787; x_wconf 78' lang='lat' dir='ltr'><strong>nen.</strong></span> <span class='ocrx_word' id='word_1_78' title='bbox 509 738 545 787; x_wconf 81' lang='lat' dir='ltr'><strong>ud</strong></span> <span class='ocrx_word' id='word_1_79' title='bbox 555 738 608 798; x_wconf 74' lang='lat' dir='ltr'><strong>tte,</strong></span> <span class='ocrx_word' id='word_1_80' title='bbox 619 753 669 803; x_wconf 75' lang='lat' dir='ltr'><strong>cap.</strong></span> <span class='ocrx_word' id='word_1_81' title='bbox 681 739 718 804; x_wconf 84' lang='lat' dir='ltr'><strong>t).</strong></span> <span class='ocrx_word' id='word_1_82' title='bbox 731 741 818 791; x_wconf 85' lang='lat' dir='ltr'><strong>titideu</strong></span> <span class='ocrx_word' id='word_1_83' title='bbox 828 740 863 790; x_wconf 90' lang='lat' dir='ltr'><strong>di·</strong></span> 
     </span>
     <span class='ocr_line' id='line_1_10' title="bbox 6 807 863 877; baseline 0 -16"><span class='ocrx_word' id='word_1_84' title='bbox 6 820 8 827; x_wconf 78' lang='grc'>’</span> <span class='ocrx_word' id='word_1_85' title='bbox 57 812 148 863; x_wconf 81' lang='lat' dir='ltr'><strong>cendum</strong></span> <span class='ocrx_word' id='word_1_86' title='bbox 167 814 207 861; x_wconf 79' lang='lat' dir='ltr'><strong>est</strong></span> <span class='ocrx_word' id='word_1_87' title='bbox 220 807 283 873; x_wconf 70' lang='lat' dir='ltr'><strong>qum</strong></span> <span class='ocrx_word' id='word_1_88' title='bbox 297 808 383 877; x_wconf 78' lang='lat' dir='ltr'><strong>duplex</strong></span> <span class='ocrx_word' id='word_1_89' title='bbox 399 812 436 859; x_wconf 87' lang='lat' dir='ltr'><strong>est</strong></span> <span class='ocrx_word' id='word_1_90' title='bbox 449 814 523 862; x_wconf 85' lang='lat' dir='ltr'><strong>mulus</strong></span> <span class='ocrx_word' id='word_1_91' title='bbox 536 810 559 860; x_wconf 92' lang='lat' dir='ltr'><strong>iu</strong></span> <span class='ocrx_word' id='word_1_92' title='bbox 576 812 636 863; x_wconf 70' lang='lat' dir='ltr'><strong>muln</strong></span> <span class='ocrx_word' id='word_1_93' title='bbox 649 826 654 860; x_wconf 93' lang='lat'>:</span> <span class='ocrx_word' id='word_1_94' title='bbox 668 825 726 861; x_wconf 87' lang='lat' dir='ltr'><strong>uuus</strong></span> <span class='ocrx_word' id='word_1_95' title='bbox 736 812 863 861; x_wconf 82' lang='lat' dir='ltr'><strong>coimmunis</strong></span> 
     </span>
     <span class='ocr_line' id='line_1_11' title="bbox 57 879 863 946; baseline 0 -13"><span class='ocrx_word' id='word_1_96' title='bbox 57 882 96 933; x_wconf 85' lang='lat' dir='ltr'><strong>tuli</strong></span> <span class='ocrx_word' id='word_1_97' title='bbox 107 884 180 946; x_wconf 86' lang='lat' dir='ltr'><strong>coetu,</strong></span> <span class='ocrx_word' id='word_1_98' title='bbox 195 881 237 945; x_wconf 86' lang='lat' dir='ltr'><strong>qui</strong></span> <span class='ocrx_word' id='word_1_99' title='bbox 252 879 309 933; x_wconf 80' lang='lat' dir='ltr'><strong>iacit</strong></span> <span class='ocrx_word' id='word_1_100' title='bbox 323 880 384 933; x_wconf 89' lang='lat' dir='ltr'><strong>diem</strong></span> <span class='ocrx_word' id='word_1_101' title='bbox 397 884 421 931; x_wconf 88' lang='lat' dir='ltr'><strong>et</strong></span> <span class='ocrx_word' id='word_1_102' title='bbox 433 885 536 944; x_wconf 67' lang='lat' dir='ltr'><strong>noctem</strong></span> <span class='ocrx_word' id='word_1_103' title='bbox 550 886 577 934; x_wconf 87' lang='lat' dir='ltr'><strong>ct</strong></span> <span class='ocrx_word' id='word_1_104' title='bbox 589 883 631 933; x_wconf 88' lang='lat' dir='ltr'><strong>iste</strong></span> <span class='ocrx_word' id='word_1_105' title='bbox 645 881 734 933; x_wconf 81' lang='lat' dir='ltr'><strong>uidetur</strong></span> <span class='ocrx_word' id='word_1_106' title='bbox 746 882 863 934; x_wconf 86' lang='lat' dir='ltr'><strong>institutus</strong></span> 
     </span>
     <span class='ocr_line' id='line_1_12' title="bbox 59 952 862 1018; baseline 0.002 -15"><span class='ocrx_word' id='word_1_107' title='bbox 59 954 185 1017; x_wconf 84' lang='lat' dir='ltr'><strong>primodie.</strong></span> <span class='ocrx_word' id='word_1_108' title='bbox 199 953 266 1003; x_wconf 73' lang='lat' dir='ltr'><strong>Alius</strong></span> <span class='ocrx_word' id='word_1_109' title='bbox 280 956 357 1003; x_wconf 66' lang='lat' dir='ltr'><strong>numm</strong></span> <span class='ocrx_word' id='word_1_110' title='bbox 371 957 406 1003; x_wconf 82' lang='lat' dir='ltr'><strong>est</strong></span> <span class='ocrx_word' id='word_1_111' title='bbox 420 952 460 1015; x_wconf 88' lang='lat' dir='ltr'><strong>qui</strong></span> <span class='ocrx_word' id='word_1_112' title='bbox 473 953 637 1008; x_wconf 73' lang='lat' dir='ltr'><strong>diversificetur</strong></span> <span class='ocrx_word' id='word_1_113' title='bbox 651 967 692 1018; x_wconf 90' lang='lat' dir='ltr'><strong>per</strong></span> <span class='ocrx_word' id='word_1_114' title='bbox 704 955 795 1005; x_wconf 85' lang='lat' dir='ltr'><strong>diuersa</strong></span> <span class='ocrx_word' id='word_1_115' title='bbox 812 968 862 1005; x_wconf 84' lang='lat' dir='ltr'><strong>cor·</strong></span> 
     </span>
     <span class='ocr_line' id='line_1_13' title="bbox 60 1024 860 1090; baseline 0.001 -15"><span class='ocrx_word' id='word_1_116' title='bbox 60 1039 122 1090; x_wconf 79' lang='lat' dir='ltr'><strong>pura3</strong></span> <span class='ocrx_word' id='word_1_117' title='bbox 135 1024 266 1077; x_wconf 85' lang='lat' dir='ltr'><strong>secuudum</strong></span> <span class='ocrx_word' id='word_1_118' title='bbox 278 1038 336 1087; x_wconf 81' lang='lat' dir='ltr'><strong>quos</strong></span> <span class='ocrx_word' id='word_1_119' title='bbox 353 1028 427 1077; x_wconf 85' lang='lat' dir='ltr'><strong>motus</strong></span> <span class='ocrx_word' id='word_1_120' title='bbox 438 1024 463 1073; x_wconf 85' lang='lat' dir='ltr'><strong>nt</strong></span> <span class='ocrx_word' id='word_1_121' title='bbox 478 1024 597 1076; x_wconf 79' lang='lat' dir='ltr'><strong>‹liversitas</strong></span> <span class='ocrx_word' id='word_1_122' title='bbox 610 1027 696 1077; x_wconf 88' lang='lat' dir='ltr'><strong>dierum</strong></span> <span class='ocrx_word' id='word_1_123' title='bbox 708 1028 736 1076; x_wconf 82' lang='lat' dir='ltr'><strong>ad</strong></span> <span class='ocrx_word' id='word_1_124' title='bbox 749 1026 860 1089; x_wconf 87' lang='lat' dir='ltr'><strong>invicem,</strong></span> 
     </span>
     <span class='ocr_line' id='line_1_14' title="bbox 59 1096 858 1162; baseline 0.001 -15"><span class='ocrx_word' id='word_1_125' title='bbox 59 1102 82 1147; x_wconf 89' lang='lat' dir='ltr'><strong>et</strong></span> <span class='ocrx_word' id='word_1_126' title='bbox 97 1099 225 1159; x_wconf 87' lang='lat' dir='ltr'><strong>meusium,</strong></span> <span class='ocrx_word' id='word_1_127' title='bbox 240 1100 266 1147; x_wconf 87' lang='lat' dir='ltr'><strong>et</strong></span> <span class='ocrx_word' id='word_1_128' title='bbox 277 1110 400 1147; x_wconf 81' lang='lat' dir='ltr'><strong>annorum.</strong></span> <span class='ocrx_word' id='word_1_129' title='bbox 415 1096 443 1151; x_wconf 80' lang='lat' dir='ltr'><strong>ut</strong></span> <span class='ocrx_word' id='word_1_130' title='bbox 455 1096 506 1149; x_wconf 81' lang='lat' dir='ltr'><strong>ideo</strong></span> <span class='ocrx_word' id='word_1_131' title='bbox 518 1097 542 1147; x_wconf 88' lang='lat' dir='ltr'><strong>iu</strong></span> <span class='ocrx_word' id='word_1_132' title='bbox 555 1098 627 1162; x_wconf 85' lang='lat' dir='ltr'><strong>prima</strong></span> <span class='ocrx_word' id='word_1_133' title='bbox 639 1098 675 1149; x_wconf 89' lang='lat' dir='ltr'><strong>die</strong></span> <span class='ocrx_word' id='word_1_134' title='bbox 689 1099 714 1147; x_wconf 88' lang='lat' dir='ltr'><strong>nt</strong></span> <span class='ocrx_word' id='word_1_135' title='bbox 726 1099 812 1149; x_wconf 86' lang='lat' dir='ltr'><strong>mentio</strong></span> <span class='ocrx_word' id='word_1_136' title='bbox 830 1099 858 1149; x_wconf 84' lang='lat' dir='ltr'><strong>de</strong></span> 
     </span>
     <span class='ocr_line' id='line_1_15' title="bbox 59 1168 859 1234; baseline -0.003 -13"><span class='ocrx_word' id='word_1_137' title='bbox 59 1170 104 1221; x_wconf 81' lang='lat' dir='ltr'><strong>sule</strong></span> <span class='ocrx_word' id='word_1_138' title='bbox 116 1170 265 1221; x_wconf 79' lang='lat' dir='ltr'><strong>distinctione</strong></span> <span class='ocrx_word' id='word_1_139' title='bbox 277 1168 352 1219; x_wconf 86' lang='lat' dir='ltr'><strong>unctis</strong></span> <span class='ocrx_word' id='word_1_140' title='bbox 364 1172 388 1219; x_wconf 84' lang='lat' dir='ltr'><strong>et</strong></span> <span class='ocrx_word' id='word_1_141' title='bbox 397 1169 457 1231; x_wconf 86' lang='lat' dir='ltr'><strong>diei,</strong></span> <span class='ocrx_word' id='word_1_142' title='bbox 468 1183 519 1233; x_wconf 73' lang='lat' dir='ltr'><strong>quie</strong></span> <span class='ocrx_word' id='word_1_143' title='bbox 528 1170 552 1219; x_wconf 83' lang='lat' dir='ltr'><strong>nt</strong></span> <span class='ocrx_word' id='word_1_144' title='bbox 562 1174 696 1234; x_wconf 84' lang='lat' dir='ltr'><strong>permotum</strong></span> <span class='ocrx_word' id='word_1_145' title='bbox 709 1183 859 1221; x_wconf 88' lang='lat' dir='ltr'><strong>communem.</strong></span> 
     </span>
     <span class='ocr_line' id='line_1_16' title="bbox 60 1239 860 1306; baseline 0 -15"><span class='ocrx_word' id='word_1_146' title='bbox 60 1240 84 1291; x_wconf 92' lang='lat' dir='ltr'><strong>ln</strong></span> <span class='ocrx_word' id='word_1_147' title='bbox 95 1246 174 1306; x_wconf 71' lang='lat' dir='ltr'><strong>quarta</strong></span> <span class='ocrx_word' id='word_1_148' title='bbox 187 1244 268 1292; x_wconf 81' lang='lat' dir='ltr'><strong>nutem</strong></span> <span class='ocrx_word' id='word_1_149' title='bbox 280 1239 317 1290; x_wconf 89' lang='lat' dir='ltr'><strong>die</strong></span> <span class='ocrx_word' id='word_1_150' title='bbox 331 1240 357 1289; x_wconf 80' lang='lat' dir='ltr'><strong>nt</strong></span> <span class='ocrx_word' id='word_1_151' title='bbox 368 1239 455 1289; x_wconf 85' lang='lat' dir='ltr'><strong>mentio</strong></span> <span class='ocrx_word' id='word_1_152' title='bbox 469 1241 496 1290; x_wconf 89' lang='lat' dir='ltr'><strong>dc</strong></span> <span class='ocrx_word' id='word_1_153' title='bbox 510 1240 641 1291; x_wconf 80' lang='lat' dir='ltr'><strong>diversitate</strong></span> <span class='ocrx_word' id='word_1_154' title='bbox 654 1241 755 1302; x_wconf 84' lang='lat' dir='ltr'><strong>dierum,</strong></span> <span class='ocrx_word' id='word_1_155' title='bbox 766 1246 789 1291; x_wconf 87' lang='lat' dir='ltr'><strong>et</strong></span> <span class='ocrx_word' id='word_1_156' title='bbox 798 1244 860 1291; x_wconf 87' lang='lat' dir='ltr'><strong>tem·</strong></span> 
     </span>
     <span class='ocr_line' id='line_1_17' title="bbox 60 1309 862 1377; baseline -0.005 -11"><span class='ocrx_word' id='word_1_157' title='bbox 60 1327 149 1377; x_wconf 85' lang='lat' dir='ltr'><strong>purum,</strong></span> <span class='ocrx_word' id='word_1_158' title='bbox 165 1318 190 1365; x_wconf 90' lang='lat' dir='ltr'><strong>et</strong></span> <span class='ocrx_word' id='word_1_159' title='bbox 204 1325 320 1364; x_wconf 85' lang='lat' dir='ltr'><strong>annorum</strong></span> <span class='ocrx_word' id='word_1_160' title='bbox 327 1348 336 1375; x_wconf 93' lang='lat'><em>,</em></span> <span class='ocrx_word' id='word_1_161' title='bbox 350 1309 404 1360; x_wconf 82' lang='lat' dir='ltr'><strong>clun</strong></span> <span class='ocrx_word' id='word_1_162' title='bbox 415 1310 497 1365; x_wconf 85' lang='lat' dir='ltr'><strong>dicitur</strong></span> <span class='ocrx_word' id='word_1_163' title='bbox 511 1328 517 1361; x_wconf 94' lang='lat'>:</span> <span class='ocrx_word' id='word_1_164' title='bbox 531 1331 545 1361; x_wconf 91' lang='lat'>«</span> <span class='ocrx_word' id='word_1_165' title='bbox 562 1314 591 1363; x_wconf 88' lang='lat' dir='ltr'><strong>Ut</strong></span> <span class='ocrx_word' id='word_1_166' title='bbox 608 1313 655 1363; x_wconf 86' lang='lat' dir='ltr'><strong>siut</strong></span> <span class='ocrx_word' id='word_1_167' title='bbox 672 1313 697 1363; x_wconf 91' lang='lat' dir='ltr'><strong>iu</strong></span> <span class='ocrx_word' id='word_1_168' title='bbox 710 1317 824 1377; x_wconf 85' lang='lat' dir='ltr'><strong>tempora,</strong></span> <span class='ocrx_word' id='word_1_169' title='bbox 839 1316 862 1363; x_wconf 86' lang='lat' dir='ltr'><strong>et</strong></span> 
     </span>
     <span class='ocr_line' id='line_1_18' title="bbox 61 1381 861 1449; baseline 0.003 -16"><span class='ocrx_word' id='word_1_170' title='bbox 61 1384 117 1448; x_wconf 87' lang='lat' dir='ltr'><strong>dies,</strong></span> <span class='ocrx_word' id='word_1_171' title='bbox 127 1390 150 1445; x_wconf 82' lang='lat' dir='ltr'><strong>et</strong></span> <span class='ocrx_word' id='word_1_172' title='bbox 161 1386 247 1435; x_wconf 81' lang='lat' dir='ltr'><strong>nunus.</strong></span> <span class='ocrx_word' id='word_1_173' title='bbox 256 1398 271 1429; x_wconf 84' lang='lat' dir='ltr'><strong>u</strong></span> <span class='ocrx_word' id='word_1_174' title='bbox 282 1382 337 1443; x_wconf 84' lang='lat' dir='ltr'><strong>Quae</strong></span> <span class='ocrx_word' id='word_1_175' title='bbox 347 1381 439 1446; x_wconf 80' lang='lat' dir='ltr'><strong>quiden</strong></span> <span class='ocrx_word' id='word_1_176' title='bbox 451 1381 569 1436; x_wconf 84' lang='lat' dir='ltr'><strong>diuersitas</strong></span> <span class='ocrx_word' id='word_1_177' title='bbox 577 1385 603 1434; x_wconf 82' lang='lat' dir='ltr'><strong>lit</strong></span> <span class='ocrx_word' id='word_1_178' title='bbox 612 1397 653 1449; x_wconf 86' lang='lat' dir='ltr'><strong>per</strong></span> <span class='ocrx_word' id='word_1_179' title='bbox 662 1387 738 1435; x_wconf 86' lang='lat' dir='ltr'><strong>mutus</strong></span> <span class='ocrx_word' id='word_1_180' title='bbox 747 1383 861 1449; x_wconf 85' lang='lat' dir='ltr'><strong>proprius.</strong></span> 
     </span>
    </p>

    <p class='ocr_par' dir='ltr' id='par_1_3' title="bbox 62 1452 864 2174">
     <span class='ocr_line' id='line_1_19' title="bbox 91 1452 863 1523; baseline -0.001 -16"><span class='ocrx_word' id='word_1_181' title='bbox 91 1458 122 1508; x_wconf 82' lang='lat' dir='ltr'><strong>dd</strong></span> <span class='ocrx_word' id='word_1_182' title='bbox 137 1460 246 1523; x_wconf 81' lang='lat' dir='ltr'><strong>quartum</strong></span> <span class='ocrx_word' id='word_1_183' title='bbox 259 1454 395 1518; x_wconf 65' lang='lat' dir='ltr'><strong>dicendum„</strong></span> <span class='ocrx_word' id='word_1_184' title='bbox 411 1452 470 1517; x_wconf 88' lang='lat' dir='ltr'><strong>qudd</strong></span> <span class='ocrx_word' id='word_1_185' title='bbox 488 1456 610 1512; x_wconf 85' lang='lat' dir='ltr'><strong>secuudum</strong></span> <span class='ocrx_word' id='word_1_186' title='bbox 624 1455 774 1520; x_wconf 75' lang='lat' dir='ltr'><strong>Augustiuum</strong></span> <span class='ocrx_word' id='word_1_187' title='bbox 792 1456 863 1506; x_wconf 69' lang='lat' dir='ltr'><strong>infcr-</strong></span> 
     </span>
     <span class='ocr_line' id='line_1_20' title="bbox 65 1523 864 1593; baseline -0.003 -16"><span class='ocrx_word' id='word_1_188' title='bbox 65 1527 125 1579; x_wconf 80' lang='lat' dir='ltr'><strong>mitus</strong></span> <span class='ocrx_word' id='word_1_189' title='bbox 142 1543 188 1581; x_wconf 87' lang='lat' dir='ltr'><strong>uon</strong></span> <span class='ocrx_word' id='word_1_190' title='bbox 201 1526 316 1593; x_wconf 67' lang='lat' dir='ltr'><strong>praecedit</strong></span> <span class='ocrx_word' id='word_1_191' title='bbox 335 1523 492 1576; x_wconf 79' lang='lat' dir='ltr'><strong>formationem</strong></span> <span class='ocrx_word' id='word_1_192' title='bbox 509 1526 633 1593; x_wconf 82' lang='lat' dir='ltr'><strong>duumtiuue.</strong></span> <span class='ocrx_word' id='word_1_193' title='bbox 649 1527 712 1577; x_wconf 89' lang='lat' dir='ltr'><strong>Unde</strong></span> <span class='ocrx_word' id='word_1_194' title='bbox 726 1528 815 1593; x_wconf 77' lang='lat' dir='ltr'><strong>eportet</strong></span> <span class='ocrx_word' id='word_1_195' title='bbox 828 1526 864 1576; x_wconf 91' lang='lat' dir='ltr'><strong>di·</strong></span> 
     </span>
     <span class='ocr_line' id='line_1_21' title="bbox 64 1596 862 1666; baseline -0.001 -18"><span class='ocrx_word' id='word_1_196' title='bbox 64 1613 112 1651; x_wconf 83' lang='lat' dir='ltr'><strong>cere</strong></span> <span class='ocrx_word' id='word_1_197' title='bbox 123 1600 180 1665; x_wconf 85' lang='lat' dir='ltr'><strong>qudd</strong></span> <span class='ocrx_word' id='word_1_198' title='bbox 201 1614 244 1665; x_wconf 86' lang='lat' dir='ltr'><strong>per</strong></span> <span class='ocrx_word' id='word_1_199' title='bbox 260 1598 324 1665; x_wconf 17' lang='lat' dir='ltr'><strong>lucis?</strong></span> <span class='ocrx_word' id='word_1_200' title='bbox 332 1596 504 1665; x_wconf 84' lang='lat' dir='ltr'><strong>productionem</strong></span> <span class='ocrx_word' id='word_1_201' title='bbox 521 1598 661 1663; x_wconf 79' lang='lat' dir='ltr'><strong>intelligatur</strong></span> <span class='ocrx_word' id='word_1_202' title='bbox 678 1597 862 1666; x_wconf 15' lang='lat' dir='ltr'><strong>turmatioqspiri-</strong></span> 
     </span>
     <span class='ocr_line' id='line_1_22' title="bbox 63 1666 863 1737; baseline -0.003 -16"><span class='ocrx_word' id='word_1_203' title='bbox 63 1672 125 1724; x_wconf 81' lang='lat' dir='ltr'><strong>tmds</strong></span> <span class='ocrx_word' id='word_1_204' title='bbox 137 1677 249 1725; x_wconf 70' lang='lat' dir='ltr'><strong>creaturae</strong></span> <span class='ocrx_word' id='word_1_205' title='bbox 257 1708 267 1735; x_wconf 89' lang='lat'><em>‚</em></span> <span class='ocrx_word' id='word_1_206' title='bbox 281 1683 329 1720; x_wconf 87' lang='lat' dir='ltr'><strong>ndu</strong></span> <span class='ocrx_word' id='word_1_207' title='bbox 343 1682 394 1732; x_wconf 78' lang='lat' dir='ltr'><strong>qum</strong></span> <span class='ocrx_word' id='word_1_208' title='bbox 409 1672 444 1719; x_wconf 86' lang='lat' dir='ltr'><strong>est</strong></span> <span class='ocrx_word' id='word_1_209' title='bbox 456 1666 602 1737; x_wconf 74' lang='lat' dir='ltr'><strong>perplurium</strong></span> <span class='ocrx_word' id='word_1_210' title='bbox 618 1672 718 1735; x_wconf 81' lang='lat' dir='ltr'><strong>perfecte</strong></span> <span class='ocrx_word' id='word_1_211' title='bbox 726 1708 734 1735; x_wconf 88' lang='lat'><em>‚</em></span> <span class='ocrx_word' id='word_1_212' title='bbox 749 1684 800 1721; x_wconf 88' lang='lat' dir='ltr'><strong>cum</strong></span> <span class='ocrx_word' id='word_1_213' title='bbox 817 1682 863 1733; x_wconf 82' lang='lat' dir='ltr'><strong>qua</strong></span> 
     </span>
     <span class='ocr_line' id='line_1_23' title="bbox 62 1740 863 1811; baseline -0.002 -19"><span class='ocrx_word' id='word_1_214' title='bbox 62 1748 131 1795; x_wconf 82' lang='lat' dir='ltr'><strong>creata</strong></span> <span class='ocrx_word' id='word_1_215' title='bbox 144 1759 190 1796; x_wconf 88' lang='lat' dir='ltr'><strong>uun</strong></span> <span class='ocrx_word' id='word_1_216' title='bbox 203 1742 258 1807; x_wconf 84' lang='lat' dir='ltr'><strong>fuit,</strong></span> <span class='ocrx_word' id='word_1_217' title='bbox 271 1742 310 1793; x_wconf 85' lang='lat' dir='ltr'><strong>sed</strong></span> <span class='ocrx_word' id='word_1_218' title='bbox 325 1754 375 1805; x_wconf 80' lang='lat' dir='ltr'><strong>que</strong></span> <span class='ocrx_word' id='word_1_219' title='bbox 389 1743 424 1792; x_wconf 88' lang='lat' dir='ltr'><strong>est</strong></span> <span class='ocrx_word' id='word_1_220' title='bbox 435 1755 475 1805; x_wconf 83' lang='lat' dir='ltr'><strong>pur</strong></span> <span class='ocrx_word' id='word_1_221' title='bbox 485 1742 594 1811; x_wconf 68' lang='lat' dir='ltr'><strong>glutiam,</strong></span> <span class='ocrx_word' id='word_1_222' title='bbox 604 1756 655 1792; x_wconf 90' lang='lat' dir='ltr'><strong>cum</strong></span> <span class='ocrx_word' id='word_1_223' title='bbox 665 1755 709 1807; x_wconf 81' lang='lat' dir='ltr'><strong>pua</strong></span> <span class='ocrx_word' id='word_1_224' title='bbox 723 1744 798 1791; x_wconf 84' lang='lat' dir='ltr'><strong>creata</strong></span> <span class='ocrx_word' id='word_1_225' title='bbox 809 1740 863 1801; x_wconf 83' lang='lat' dir='ltr'><strong>fuit,</strong></span> 
     </span>
     <span class='ocr_line' id='line_1_24' title="bbox 62 1810 864 1879; baseline -0.004 -16"><span class='ocrx_word' id='word_1_226' title='bbox 62 1819 86 1864; x_wconf 95' lang='lat' dir='ltr'><strong>ut</strong></span> <span class='ocrx_word' id='word_1_227' title='bbox 95 1815 177 1866; x_wconf 83' lang='lat' dir='ltr'><strong>ductum</strong></span> <span class='ocrx_word' id='word_1_228' title='bbox 192 1816 287 1879; x_wconf 83' lang='lat' dir='ltr'><strong>esl(qu.</strong></span> <span class='ocrx_word' id='word_1_229' title='bbox 299 1816 339 1874; x_wconf 79' lang='lat'><strong>62,</strong></span> <span class='ocrx_word' id='word_1_230' title='bbox 354 1814 398 1862; x_wconf 84' lang='lat' dir='ltr'><strong>aul.</strong></span> <span class='ocrx_word' id='word_1_231' title='bbox 418 1814 454 1877; x_wconf 78' lang='grc'><strong>3).</strong></span> <span class='ocrx_word' id='word_1_232' title='bbox 468 1814 513 1863; x_wconf 85' lang='lat' dir='ltr'><strong>Per</strong></span> <span class='ocrx_word' id='word_1_233' title='bbox 528 1812 589 1863; x_wconf 85' lang='lat' dir='ltr'><strong>nuuc</strong></span> <span class='ocrx_word' id='word_1_234' title='bbox 600 1826 654 1877; x_wconf 83' lang='lat' dir='ltr'><strong>ergo</strong></span> <span class='ocrx_word' id='word_1_235' title='bbox 666 1813 740 1864; x_wconf 87' lang='lat' dir='ltr'><strong>lucem</strong></span> <span class='ocrx_word' id='word_1_236' title='bbox 754 1810 814 1861; x_wconf 80' lang='lat' dir='ltr'><strong>fecta</strong></span> <span class='ocrx_word' id='word_1_237' title='bbox 827 1811 864 1871; x_wconf 81' lang='lat' dir='ltr'><strong>est</strong></span> 
     </span>
     <span class='ocr_line' id='line_1_25' title="bbox 62 1882 864 1947; baseline -0.006 -10"><span class='ocrx_word' id='word_1_238' title='bbox 62 1886 138 1938; x_wconf 82' lang='lat' dir='ltr'><strong>divisio</strong></span> <span class='ocrx_word' id='word_1_239' title='bbox 149 1883 278 1938; x_wconf 74' lang='lat' dir='ltr'><strong>itenebris</strong></span> <span class='ocrx_word' id='word_1_240' title='bbox 288 1924 295 1947; x_wconf 94' lang='lat'>,</span> <span class='ocrx_word' id='word_1_241' title='bbox 307 1882 329 1934; x_wconf 91' lang='lat' dir='ltr'><strong>id</strong></span> <span class='ocrx_word' id='word_1_242' title='bbox 342 1888 378 1934; x_wconf 87' lang='lat' dir='ltr'><strong>est</strong></span> <span class='ocrx_word' id='word_1_243' title='bbox 388 1922 396 1945; x_wconf 81' lang='lat'><strong><em>,</em></strong></span> <span class='ocrx_word' id='word_1_244' title='bbox 408 1882 435 1939; x_wconf 81' lang='lat' dir='ltr'><strong>ih</strong></span> <span class='ocrx_word' id='word_1_245' title='bbox 447 1882 585 1934; x_wconf 70' lang='lat' dir='ltr'><strong>informitate</strong></span> <span class='ocrx_word' id='word_1_246' title='bbox 597 1883 688 1935; x_wconf 82' lang='lat' dir='ltr'><strong>alterius</strong></span> <span class='ocrx_word' id='word_1_247' title='bbox 698 1886 805 1934; x_wconf 80' lang='lat' dir='ltr'><strong>creature</strong></span> <span class='ocrx_word' id='word_1_248' title='bbox 817 1895 864 1933; x_wconf 85' lang='lat' dir='ltr'><strong>nou</strong></span> 
     </span>
     <span class='ocr_line' id='line_1_26' title="bbox 62 1949 864 2026; baseline -0.004 -20"><span class='ocrx_word' id='word_1_249' title='bbox 62 1958 168 2009; x_wconf 70' lang='lat' dir='ltr'><strong>surmate.</strong></span> <span class='ocrx_word' id='word_1_250' title='bbox 180 1958 228 2009; x_wconf 81' lang='lat' dir='ltr'><strong>Sed</strong></span> <span class='ocrx_word' id='word_1_251' title='bbox 242 1957 263 2008; x_wconf 89' lang='lat' dir='ltr'><strong>si</strong></span> <span class='ocrx_word' id='word_1_252' title='bbox 272 1960 320 2026; x_wconf 77' lang='lat' dir='ltr'><strong>tute</strong></span> <span class='ocrx_word' id='word_1_253' title='bbox 334 1949 438 2005; x_wconf 77' lang='lat' dir='ltr'><strong>creatum</strong></span> <span class='ocrx_word' id='word_1_254' title='bbox 450 1950 515 2016; x_wconf 82' lang='lat' dir='ltr'><strong>simul</strong></span> <span class='ocrx_word' id='word_1_255' title='bbox 523 1956 617 2006; x_wconf 80' lang='lat' dir='ltr'><strong>formata</strong></span> <span class='ocrx_word' id='word_1_256' title='bbox 631 1951 687 2011; x_wconf 85' lang='lat' dir='ltr'><strong>tiit,</strong></span> <span class='ocrx_word' id='word_1_257' title='bbox 701 1953 759 2005; x_wconf 80' lang='lat' dir='ltr'><strong>lactu</strong></span> <span class='ocrx_word' id='word_1_258' title='bbox 771 1958 807 2004; x_wconf 91' lang='lat' dir='ltr'><strong>est</strong></span> <span class='ocrx_word' id='word_1_259' title='bbox 819 1953 864 2020; x_wconf 73' lang='lat' dir='ltr'><strong>dis7</strong></span> 
     </span>
     <span class='ocr_line' id='line_1_27' title="bbox 62 2022 864 2093; baseline -0.005 -15"><span class='ocrx_word' id='word_1_260' title='bbox 62 2029 139 2081; x_wconf 85' lang='lat' dir='ltr'><strong>tinctio</strong></span> <span class='ocrx_word' id='word_1_261' title='bbox 150 2030 163 2081; x_wconf 79' lang='lat' dir='ltr'><strong>d</strong></span> <span class='ocrx_word' id='word_1_262' title='bbox 173 2028 277 2081; x_wconf 84' lang='lat' dir='ltr'><strong>tenebris</strong></span> <span class='ocrx_word' id='word_1_263' title='bbox 291 2022 448 2093; x_wconf 81' lang='lat' dir='ltr'><strong>spiritualibus</strong></span> <span class='ocrx_word' id='word_1_264' title='bbox 460 2040 507 2077; x_wconf 88' lang='lat' dir='ltr'><strong>nun</strong></span> <span class='ocrx_word' id='word_1_265' title='bbox 517 2041 568 2092; x_wconf 79' lang='lat' dir='ltr'><strong>que</strong></span> <span class='ocrx_word' id='word_1_266' title='bbox 582 2032 637 2080; x_wconf 85' lang='lat' dir='ltr'><strong>tunc</strong></span> <span class='ocrx_word' id='word_1_267' title='bbox 647 2030 739 2091; x_wconf 85' lang='lat' dir='ltr'><strong>essent,</strong></span> <span class='ocrx_word' id='word_1_268' title='bbox 748 2026 802 2089; x_wconf 85' lang='lat' dir='ltr'><strong>quia</strong></span> <span class='ocrx_word' id='word_1_269' title='bbox 815 2024 864 2075; x_wconf 81' lang='lat' dir='ltr'><strong>dia·</strong></span> 
     </span>
     <span class='ocr_line' id='line_1_28' title="bbox 63 2096 863 2174; baseline -0.006 -22"><span class='ocrx_word' id='word_1_270' title='bbox 63 2100 124 2153; x_wconf 84' lang='lat' dir='ltr'><strong>butus</strong></span> <span class='ocrx_word' id='word_1_271' title='bbox 137 2116 183 2155; x_wconf 86' lang='lat' dir='ltr'><strong>uon</strong></span> <span class='ocrx_word' id='word_1_272' title='bbox 198 2100 243 2153; x_wconf 83' lang='lat' dir='ltr'><strong>fuit</strong></span> <span class='ocrx_word' id='word_1_273' title='bbox 252 2105 345 2153; x_wconf 83' lang='lat' dir='ltr'><strong>creatus</strong></span> <span class='ocrx_word' id='word_1_274' title='bbox 359 2100 433 2153; x_wconf 81' lang='lat' dir='ltr'><strong>matus</strong></span> <span class='ocrx_word' id='word_1_275' title='bbox 443 2138 450 2161; x_wconf 88' lang='grc'><strong>,</strong></span> <span class='ocrx_word' id='word_1_276' title='bbox 459 2096 499 2151; x_wconf 88' lang='lat' dir='ltr'><strong>sed</strong></span> <span class='ocrx_word' id='word_1_277' title='bbox 511 2112 568 2168; x_wconf 76' lang='lat' dir='ltr'><strong>urias</strong></span> <span class='ocrx_word' id='word_1_278' title='bbox 576 2100 641 2174; x_wconf 37' lang='lat' dir='ltr'><strong>&#39;deus</strong></span> <span class='ocrx_word' id='word_1_279' title='bbox 651 2100 736 2151; x_wconf 80' lang='lat' dir='ltr'><strong>tuturus</strong></span> <span class='ocrx_word' id='word_1_280' title='bbox 749 2096 863 2169; x_wconf 76' lang='lat' dir='ltr'><strong>previdit.</strong></span> 
     </span>
    </p>
   </div>
   <div class='ocr_carea' id='block_1_3' title="bbox 65 2217 866 2468">
    <p class='ocr_par' dir='ltr' id='par_1_4' title="bbox 65 2217 866 2468">
     <span class='ocr_line' id='line_1_29' title="bbox 94 2217 866 2283; baseline -0.005 -16"><span class='ocrx_word' id='word_1_281' title='bbox 94 2218 123 2283; x_wconf 81' lang='grc'><strong>(1)</strong></span> <span class='ocrx_word' id='word_1_282' title='bbox 138 2222 272 2269; x_wconf 65' lang='lat' dir='ltr'><strong>mserum</strong></span> <span class='ocrx_word' id='word_1_283' title='bbox 290 2219 413 2277; x_wconf 76' lang='lat' dir='ltr'><strong>supposita</strong></span> <span class='ocrx_word' id='word_1_284' title='bbox 431 2220 554 2265; x_wconf 72' lang='lat' dir='ltr'><strong>mentonis</strong></span> <span class='ocrx_word' id='word_1_285' title='bbox 571 2229 647 2263; x_wconf 81' lang='lat' dir='ltr'><strong>rerum</strong></span> <span class='ocrx_word' id='word_1_286' title='bbox 659 2217 806 2263; x_wconf 77' lang='lat' dir='ltr'><strong>successione</strong></span> <span class='ocrx_word' id='word_1_287' title='bbox 825 2228 866 2275; x_wconf 79' lang='lat' dir='ltr'><strong>per</strong></span> 
     </span>
     <span class='ocr_line' id='line_1_30' title="bbox 65 2281 864 2342; baseline -0.005 -13"><span class='ocrx_word' id='word_1_288' title='bbox 65 2294 101 2329; x_wconf 78' lang='lat' dir='ltr'><strong>sex</strong></span> <span class='ocrx_word' id='word_1_289' title='bbox 117 2286 168 2333; x_wconf 73' lang='lat' dir='ltr'><strong>dies</strong></span> <span class='ocrx_word' id='word_1_290' title='bbox 180 2286 274 2342; x_wconf 74' lang='lat' dir='ltr'><strong>netes,</strong></span> <span class='ocrx_word' id='word_1_291' title='bbox 287 2296 358 2341; x_wconf 78' lang='lat' dir='ltr'><strong>quam</strong></span> <span class='ocrx_word' id='word_1_292' title='bbox 374 2291 421 2327; x_wconf 82' lang='lat' dir='ltr'><strong>non</strong></span> <span class='ocrx_word' id='word_1_293' title='bbox 432 2283 537 2339; x_wconf 70' lang='lat' dir='ltr'><strong>ignoscit</strong></span> <span class='ocrx_word' id='word_1_294' title='bbox 549 2288 624 2327; x_wconf 73' lang='lat' dir='ltr'><strong>temen</strong></span> <span class='ocrx_word' id='word_1_295' title='bbox 638 2281 793 2341; x_wconf 68' lang='lat' dir='ltr'><strong>Augustinus,</strong></span> <span class='ocrx_word' id='word_1_296' title='bbox 810 2282 864 2337; x_wconf 79' lang='lat' dir='ltr'><strong>quin</strong></span> 
     </span>
     <span class='ocr_line' id='line_1_31' title="bbox 66 2345 865 2406; baseline -0.005 -10"><span class='ocrx_word' id='word_1_297' title='bbox 66 2350 149 2395; x_wconf 70' lang='lat' dir='ltr'><strong>misi</strong></span> <span class='ocrx_word' id='word_1_298' title='bbox 164 2350 248 2406; x_wconf 67' lang='lat' dir='ltr'><strong>quium</strong></span> <span class='ocrx_word' id='word_1_299' title='bbox 261 2348 300 2393; x_wconf 85' lang='lat' dir='ltr'><strong>die</strong></span> <span class='ocrx_word' id='word_1_300' title='bbox 314 2345 432 2399; x_wconf 69' lang='lat' dir='ltr'><strong>,animalis</strong></span> <span class='ocrx_word' id='word_1_301' title='bbox 444 2345 592 2394; x_wconf 66' lang='lat' dir='ltr'><strong>intendunt</strong></span> <span class='ocrx_word' id='word_1_302' title='bbox 612 2345 733 2401; x_wconf 66' lang='lat' dir='ltr'><strong>emenus,</strong></span> <span class='ocrx_word' id='word_1_303' title='bbox 746 2345 781 2390; x_wconf 79' lang='lat' dir='ltr'><strong>uel</strong></span> <span class='ocrx_word' id='word_1_304' title='bbox 800 2348 865 2392; x_wconf 72' lang='lat' dir='ltr'><strong>centn</strong></span> 
     </span>
     <span class='ocr_line' id='line_1_32' title="bbox 68 2406 792 2468; baseline -0.001 -14"><span class='ocrx_word' id='word_1_305' title='bbox 68 2406 98 2454; x_wconf 81' lang='lat' dir='ltr'><strong>die</strong></span> <span class='ocrx_word' id='word_1_306' title='bbox 107 2412 215 2459; x_wconf 76' lang='lat' dir='ltr'><strong>animatia</strong></span> <span class='ocrx_word' id='word_1_307' title='bbox 228 2409 351 2458; x_wconf 78' lang='lat' dir='ltr'><strong>terrestria</strong></span> <span class='ocrx_word' id='word_1_308' title='bbox 365 2409 427 2453; x_wconf 78' lang='lat' dir='ltr'><strong>lucta</strong></span> <span class='ocrx_word' id='word_1_309' title='bbox 441 2414 511 2468; x_wconf 89' lang='lat' dir='ltr'><strong>sunt,</strong></span> <span class='ocrx_word' id='word_1_310' title='bbox 524 2415 548 2454; x_wconf 87' lang='lat' dir='ltr'><strong>ct</strong></span> <span class='ocrx_word' id='word_1_311' title='bbox 561 2414 613 2465; x_wconf 81' lang='lat' dir='ltr'><strong>pust</strong></span> <span class='ocrx_word' id='word_1_312' title='bbox 627 2408 792 2453; x_wconf 68' lang='lat' dir='ltr'><strong>omnishomo.</strong></span> 
     </span>
    </p>
   </div>
   <div class='ocr_carea' id='block_1_4' title="bbox 0 0 1005 3309">
    <p class='ocr_par' dir='ltr' id='par_1_5' title="bbox 0 0 1005 3309">
     <span class='ocr_line' id='line_1_33' title="bbox 0 0 1005 3309; baseline 0 0"><span class='ocrx_word' id='word_1_313' title='bbox 0 0 1005 3309; x_wconf 95' lang='lat' dir='ltr'><strong> </strong></span> 
     </span>
    </p>
   </div>
  </div>
 </body>
</html>
