1984 3309
206 244 238 279 ou
254 240 309 279 rmr.
325 240 378 279 srva
394 232 497 278 ruarmo
514 230 697 279 iuoottcrrotrts.
806 222 851 275 363

54 320 145 386 speculo
164 318 304 383 relucente).
319 320 361 369 Est
372 310 451 368 tarum
469 318 496 368 de
510 318 597 368 ratione
610 317 717 382 perfecte
731 316 850 380 imaginis;

40 408 103 443 -uam
118 393 144 442 in
160 390 265 457 perlecta
283 390 397 453 imagine,
413 403 459 441 nou
478 391 543 440 deest
564 388 649 453 aliquid
669 388 775 452 imagini,
790 387 851 450 quod

52 466 105 529 insit
118 464 152 515 illi
166 465 195 513 de
211 474 377 528 quouxpressa
396 466 438 513 est.
455 462 599 512 Manifestum
615 465 651 511 est
663 463 739 510 aumm
753 458 814 525 quod
827 458 852 509 iu

52 538 144 589 humine
160 534 279 585 invenitur
292 532 367 599 aliqua
377 533 419 584 liei
435 532 633 597 simillimumque
649 532 768 583 deducitur
781 530 851 581 alien

51 612 107 661 sicut
117 610 147 659 alr
160 605 300 671 exemplari3
310 619 357 655 nou
368 610 445 654 tamen
456 608 491 655 esi
502 604 626 655 similitudo
640 603 764 655 secundum
775 614 852 667 equa-

51 683 153 745 litatem,
168 680 223 743 quia
244 679 269 728 iu
283 678 397 728 inlinitum
415 676 505 727 excedit
518 676 634 740 exemplar
647 678 691 726 hoc
708 676 753 726 tale
773 688 851 725 exem·

52 756 145 819 piatum.
161 754 192 803 lit
204 752 257 801 ideo
269 750 294 799 iu
306 750 398 801 homino
412 748 494 798 dicitur
503 760 554 811 esse
567 747 642 810 imago
654 748 708 809 liei,
719 750 852 797 nontamen

52 828 166 891 perlecta,
175 825 216 875 sed
226 822 367 887 imperfecta.
379 824 407 873 Et
419 822 463 871 luoc
474 820 587 883 signiticat
599 820 725 884 Scriptura,
735 818 787 869 cium
799 818 853 870 uicit

52 900 168 950 homiuem
183 914 197 945 u
212 896 298 947 iactum
312 894 340 944 acl
357 892 478 957 imaginem
492 892 549 952 θεὶς
560 910 575 939 u
587 892 722 957 propositio
740 891 803 941 enim
817 889 853 939 ud

54 984 169 1023 aceessum
179 968 302 1034 quemdum
316 966 427 1029 siguificat
432 1003 441 1029 ,
452 964 491 1029 qui
506 964 614 1028 competit
625 963 659 1014 rei
669 962 772 1013 distanti.

86 1045 116 1094 tt
127 1042 231 1107 primum
243 1038 440 1101 amaricantium,
454 1036 513 1099 quod
527 1037 640 1099 Propheta
654 1034 753 1097 loquitur
764 1034 791 1083 rte
802 1045 853 1083 cor-

55 1115 169 1183 poralibus
188 1109 328 1174 imaginibus
342 1108 370 1159 ab
382 1108 474 1159 homine
487 1106 612 1157 iabmcatis.
625 1108 654 1157 lli
673 1106 725 1157 ideo
737 1106 852 1169 signanter

54 1188 106 1239 licit
121 1205 127 1237 :
147 1204 162 1235 u
176 1184 249 1244 Quam
262 1180 384 1245 imaginem
395 1178 486 1244 ponetis
496 1178 559 1229 eii»
573 1180 615 1229 Set
631 1178 692 1228 Deus
705 1177 754 1243 ipse
768 1176 812 1227 silui
826 1177 851 1227 iu

54 1260 143 1313 homine
160 1256 241 1323 posuit
255 1252 395 1320 spiritualem
408 1252 540 1316 imaginem.

81 1334 115 1385 ld
126 1330 256 1383 secuudum
267 1326 402 1388 dicendum,
411 1324 470 1389 quil
482 1324 649 1389 primogenitus
660 1322 734 1373 omnis
743 1324 852 1373 creature

52 1412 84 1459 est
95 1407 174 1469 imago
182 1401 225 1451 liei
231 1398 342 1465 perlecta,
351 1395 452 1461 periurii
459 1396 558 1462 implens
568 1394 623 1445 illud
633 1393 700 1458 cujus
718 1394 792 1457 imago
805 1397 851 1453 est;

52 1484 75 1531 et
87 1478 140 1529 ideo
155 1473 240 1526 dieitur
251 1472 346 1537 imago,
357 1472 382 1519 et
391 1481 506 1533 uunquam
518 1468 553 1517 ad
560 1468 707 1530 imaginem,
716 1465 789 1515 llomo
798 1462 852 1515 uero

51 1554 73 1602 ei
86 1552 184 1615 propter
201 1540 371 1594 similitudinem
384 1538 465 1591 dicitur
478 1541 581 1605 imago,
595 1542 619 1589 et
628 1541 720 1603 propter
733 1536 853 1601 imperiec-

51 1624 137 1674 tionem
147 1610 404 1683 similitudinis,dieitur
417 1612 452 1662 ud
463 1607 612 1677 imaginetur.
626 1610 656 1659 lit
665 1608 717 1673 quia
728 1608 852 1659 similitudo

51 1696 154 1761 perlecta
167 1688 209 1743 liei
223 1697 269 1739 uon
282 1688 360 1751 potest
375 1698 424 1739 esse
438 1683 483 1733 nisi
499 1682 524 1732 iu
537 1682 655 1733 identitate
666 1684 767 1743 natura,
777 1680 852 1743 imago

51 1768 91 1820 liei
104 1770 142 1817 est
155 1762 183 1813 iu
197 1758 244 1811 illio
257 1772 298 1810 suo
312 1754 475 1823 primogenito,
488 1755 548 1805 sicut
561 1754 635 1818 imago
648 1752 710 1818 regis
720 1754 745 1803 iu
753 1752 799 1803 tilio
808 1753 853 1802 sihi

53 1835 211 1898 connaturali3
223 1834 249 1883 iu
262 1830 357 1882 homine
370 1834 456 1893 autem,
469 1826 533 1878 'sicut
550 1826 575 1877 in
595 1826 669 1878 aliena
686 1829 779 1889 natura,
793 1824 852 1875 sicut

52 1912 126 1976 imago
146 1906 211 1971 regis
232 1904 258 1954 iu
277 1914 370 1953 nummo
386 1904 506 1965 argenteo,
519 1902 628 1963 utpatut
646 1912 689 1963 per
701 1896 852 1961 ligustrium

50 1985 73 2034 iu
85 1984 127 2033 lilr.
141 1982 182 2031 Da
195 1977 280 2027 decem
291 1974 391 2025 chordis
405 1974 472 2036 toap.
488 1972 529 2032 l).

81 2052 226 2107 intertium
241 2046 361 2098 dicendum
368 2083 377 2109 ‚
390 2044 450 2109 quod
467 2043 518 2093 cium
532 2054 603 2091 uuum
619 2039 650 2090 sit
662 2052 704 2091 ens
718 2036 851 2100 indivisum,

51 2142 78 2180 eu
89 2126 161 2177 modo
176 2122 261 2173 dicitur
272 2118 361 2183 species
374 2116 542 2180 indifferens,
558 2125 603 2177 quo
615 2126 673 2162 unu.
689 2112 763 2161 linum
776 2112 852 2159 autem

51 2199 133 2251 dicitur
148 2192 237 2259 aliquid
247 2204 294 2241 nou
310 2188 382 2240 solim
392 2199 499 2249 numero,
513 2188 552 2234 aut
565 2183 641 2247 specie
654 2185 693 2232 aut
703 2194 798 2245 genere,
812 2182 853 2231 secl

50 2270 119 2322 etium
131 2262 262 2319 secuudum
274 2260 399 2324 analogiam
413 2259 451 2308 rel
459 2256 627 2322 proportionem
642 2254 771 2317 quamdam.
782 2252 809 2301 lit
821 2252 854 2303 sie

51 2349 85 2395 est
98 2340 179 2393 unias
199 2336 238 2387 rel
254 2331 414 2385 conuenientia
435 2332 543 2380 creaturae
559 2326 681 2377 aulicum.
701 2325 765 2384 Quod
778 2327 853 2373 autem

50 2414 117 2480 uicit,
132 2412 174 2463 ret
191 2408 228 2460 od
243 2422 297 2457 rem
317 2402 490 2469 comparandae,
506 2398 605 2465 pertinet
622 2397 651 2447 ad
668 2396 779 2447 rationem
797 2409 853 2461 per-

49 2484 115 2539 fectae
129 2476 250 2547 imaginis.

350 2562 515 2617 ARTICULUS
529 2562 558 2613 ΙΙ,

81 2689 168 2738 Uir-tum
177 2688 260 2743 tmupo
269 2680 316 2729 Dei
324 2682 464 2727 inveniamur
473 2680 501 2723 im
512 2675 695 2723 irrationalibus
704 2672 826 2720 creaturis.

81 2804 113 2854 in
131 2799 261 2853 secundum
281 2793 315 2845 sic
330 2788 515 2857 proceditur(t).
537 2787 630 2838 Videtm
645 2785 705 2849 quod
721 2784 796 2847 imago
813 2778 854 2831 lici

51 2874 180 2931 tmuium
193 2872 219 2921 iu
232 2864 404 2919 irrationalium
415 2860 535 2914 creterris.
548 2859 607 2911 licit
619 2859 682 2911 cuim
694 2856 814 2919 lliuupsius
829 2852 856 2901 iu

84 2992 117 3057 (l)
128 2996 161 3040 lie
172 2993 208 3039 tris
220 2992 294 3037 etiam
305 2984 442 3045 intimem.
450 2982 506 3028 dist.
516 2953 610 3041 tojam.
621 2978 645 3033 ἲς
656 2984 682 3022 ut
690 2983 714 3021 et
724 2976 766 3034 nl,
778 2972 855 3019 Serri..
