1984 3309
143 194 188 241 tto
350 202 410 239 rans
425 204 446 250 r,
460 200 553 246 consu.
568 199 618 250 crv,
633 199 688 238 ann.
704 201 730 237 n.

141 280 248 331 dicuntur
259 291 334 328 renum
347 277 505 329 conservativa
521 293 527 326 :
543 278 601 329 sicut
619 277 652 328 sal
670 275 766 342 impedit
781 289 861 328 mines
875 277 940 342 ipu-
982 315 983 324 ,

140 352 276 410 trelactione
286 390 293 412 ,
304 354 327 401 et
341 349 414 400 simile
428 355 465 400 est
474 350 500 399 in
514 349 591 400 murltis
603 348 663 400 aliis.
673 348 791 400 Invenitur
801 349 872 400 etiam
887 351 942 414 quod

142 425 171 474 ab
187 423 262 486 aliqua
275 425 377 472 creatura
390 422 504 486 dependet
521 421 603 486 aliquis
622 421 719 472 allectus
733 422 862 472 seeundum
881 435 942 472 suom
982 419 983 426 ’

71 535 75 540 .
141 511 200 546 esse.
213 492 270 544 Cbm
285 493 345 545 enim
356 497 410 544 sunt
421 493 497 544 multa
507 506 580 542 causae
592 492 717 554 ordinate,
729 505 824 544 necesse
838 497 874 544 est
888 493 942 558 qubd

142 566 237 619 edoctus
247 566 372 632 dependeat
380 564 454 630 primb
463 565 555 630 quidem
565 570 587 615 et
596 565 854 630 principalitertcausa
863 565 942 630 prima,

142 639 274 691 secundario
283 636 339 689 verb
350 638 377 687 ab
388 636 493 687 omnibus
500 636 574 687 causis
586 635 673 687 mediis.
688 637 717 686 El
728 636 780 686 ideo
789 636 943 702 principaliter

141 711 233 776 qmdem
247 712 320 775 prima
331 722 398 759 causa
409 712 444 758 est
455 708 549 760 edoctus
561 707 720 758 conservativa
729 747 736 769 ,
745 708 882 759 secundarib
894 707 943 758 verb

142 793 222 831 omnes
231 780 310 831 mediae
320 791 409 841 cause,
420 781 444 829 et
452 782 518 828 tanto
526 777 614 840 magis,
622 775 706 840 quantb
715 790 783 828 cansa
791 778 863 829 tuerit
874 779 942 838 altior,

142 856 165 902 et
181 853 262 916 prime
282 865 357 903 causae
375 849 506 915 proximior.
525 849 590 899 Unde
614 849 767 913 superioribus
785 849 863 901 causis
880 851 943 902 etiam

142 922 167 972 iu
185 923 339 987 corporalibus
358 921 426 972 rebus
441 919 573 970 'attribuitur
589 920 731 971 conservatio
747 924 770 970 et
790 921 944 984 permanentia

143 1007 231 1055 rerum,
241 993 299 1044 sicut
310 992 462 1056 Philosophus
473 990 528 1041 rlicit
540 991 564 1041 iu
573 992 623 1042 llll.
637 991 778 1056 Metopbps.
790 998 797 1054 t
807 996 867 1043 text
883 998 910 1044 tt
922 992 943 1058 ),

142 1066 205 1129 quod
224 1066 311 1130 primus
328 1068 416 1126 motus,
431 1062 519 1113 scilicet
534 1061 639 1126 divinus,
656 1066 690 1114 est
706 1073 774 1114 eausa
791 1065 945 1115 continuitatis

143 1136 432 1201 generationistbecundus
443 1138 520 1184 autem
529 1138 613 1196 motus,
624 1135 663 1200 qui
673 1138 708 1186 est
715 1149 757 1200 per
768 1135 900 1200 zodiacum,
914 1140 946 1186 est
982 1167 983 1178 r

144 1223 211 1260 causa
221 1209 376 1269 diversitatis,
387 1221 438 1271 que
449 1210 485 1257 est
499 1209 622 1258 seeundum
633 1207 804 1270 generationem
818 1212 843 1258 et
858 1222 947 1273 corrup

143 1283 239 1333 tionem.
250 1283 279 1332 Et
292 1280 396 1332 similiter
413 1279 527 1342 asiologi
541 1277 665 1330 attribuunt
678 1279 788 1343 Satmno,
803 1280 844 1344 qui
856 1283 892 1332 est
908 1295 947 1330 su-

144 1368 236 1418 premus
243 1354 436 1418 planetarum,res
443 1351 500 1400 lixas
509 1353 532 1402 et
538 1355 707 1415 permanentes.
718 1351 756 1401 Sic
763 1365 819 1414 ergo
828 1353 948 1402 dicendum

145 1430 181 1478 est
198 1427 259 1490 quod
275 1425 337 1476 Deus
354 1425 473 1474 conservat
493 1435 530 1472 res
548 1423 656 1486 (praedam
678 1422 702 1474 in
716 1437 780 1486 erre,
797 1424 949 1474 mediantibus

145 1496 257 1561 aliquibus
269 1496 351 1546 causis.

176 1569 210 1616 nd
228 1567 327 1631 primum
341 1577 396 1628 ergo
412 1564 549 1629 dicendum,
564 1563 626 1630 qubd
646 1563 705 1614 bears
725 1563 858 1616 immediate
875 1569 949 1618 omnia

145 1639 246 1702 creavit;
259 1638 300 1689 sed
312 1638 337 1688 iu
347 1637 398 1701 ipsa
412 1649 487 1686 rerum
502 1635 643 1700 reparatione
657 1635 759 1688 ordinem
768 1637 793 1686 in
808 1638 877 1690 rebus
888 1639 951 1690 insti·

145 1709 203 1773 tuit,
217 1713 243 1759 ut
259 1709 362 1773 quedam
376 1708 405 1757 ab
418 1708 469 1758 aliis
488 1709 643 1774 dependerent
655 1747 661 1772 ,
675 1721 717 1772 per
737 1706 795 1772 quas
815 1711 951 1761 secundario

145 1784 332 1832 conservarentm
344 1780 369 1829 in
379 1795 444 1840 ecee,
458 1779 624 1844 praesupposita
635 1782 711 1830 moneo
723 1778 845 1844 principali
859 1795 950 1835 conser-

144 1852 250 1916 vatione,
264 1865 316 1917 que
329 1855 364 1901 est
378 1852 404 1902 ab
417 1852 475 1917 ipso.

176 1924 210 1976 dd
224 1924 349 1974 secundnm
362 1923 499 1987 dicendum,
515 1923 576 1988 qubd
588 1937 640 1973 cum
655 1921 747 1988 proprie
762 1935 831 1974 causa
849 1925 880 1976 sit
894 1940 953 1976 con-

146 1997 261 2050 servativa
275 1993 370 2048 effectus
386 1994 415 2044 ab
428 2008 454 2045 ea
468 1995 631 2060 dependentis,
643 1995 703 2045 sicut
715 1994 772 2047 nulli
788 1995 882 2046 effectui
896 2012 953 2061 prae-

146 2069 202 2122 stari
215 2071 290 2134 potest
301 2067 361 2130 quod
372 2065 403 2116 sit
415 2078 482 2117 musa
494 2066 624 2131 suiipsius,
636 2070 713 2130 potest
725 2070 803 2118 tarum
814 2068 837 2118 ei
846 2072 952 2132 prestari

146 2142 207 2208 quod
218 2141 250 2192 sit
260 2153 328 2190 causa
340 2137 447 2188 nmmos:
459 2137 491 2188 ita
505 2139 573 2188 etiam
586 2138 643 2188 nubi
657 2137 749 2189 effectui
760 2140 865 2202 praestari
875 2146 956 2204 potest

147 2215 206 2280 quod
225 2213 255 2264 sit
271 2212 307 2264 sui
324 2210 398 2275 ipsius
416 2210 602 2276 conservatione,
619 2213 695 2276 potest
711 2213 787 2261 amen
802 2211 826 2261 ei
845 2214 953 2276 prestari

147 2285 208 2349 qubd
221 2285 252 2335 sit
264 2281 437 2335 conservativus
449 2281 552 2332 dumus.

181 2356 214 2407 ad
228 2357 318 2406 tertium
329 2354 447 2405 beandum
457 2392 465 2416 ,
474 2353 534 2418 qubd
549 2354 611 2404 nulla
620 2357 720 2405 creatura
730 2357 808 2418 potest
818 2367 871 2406 esse
883 2369 953 2406 eausa

148 2427 256 2490 alterius,
270 2430 380 2490 qnantum
394 2426 423 2476 ad
435 2428 480 2476 boc
494 2428 554 2489 quod
569 2427 670 2490 acquirat
685 2439 767 2477 novam
784 2424 899 2492 formam,
917 2431 953 2479 vel

146 2497 332 2564 dispositionem,
341 2495 386 2547 nisi
394 2511 435 2561 per
443 2499 535 2548 modum
544 2498 641 2562 alicujus
648 2497 788 2562 mutationis,
799 2497 853 2561 qruia
863 2511 954 2564 semper

147 2571 195 2634 agit
207 2568 372 2634 praesupposito
381 2570 456 2632 aliquo
470 2570 581 2634 subjecto.
599 2569 643 2620 Sed
659 2573 780 2634 postquam
791 2569 903 2629 formam,
917 2571 952 2620 vel

147 2640 321 2706 dispositionem
340 2638 429 2690 induxit
448 2640 472 2688 in
489 2639 611 2705 effectum,
626 2642 711 2705 absque
730 2640 775 2690 alia
792 2639 952 2691 immutatione

147 2712 251 2774 effectus,
262 2710 394 2774 hujusmodi
405 2710 502 2762 formam
512 2712 550 2762 vel
560 2712 733 2778 dispositionem
745 2715 882 2763 conservat:
895 2713 952 2762 aaut

147 2782 172 2834 in
189 2796 256 2844 aere,
274 2785 341 2846 prom
351 2782 491 2833 illuminatur
503 2785 532 2834 de
543 2797 617 2842 novo,
630 2783 765 2848 intelligitur
782 2785 886 2846 quadani
903 2798 953 2833 mu-

146 2855 217 2918 tatio,
232 2855 273 2905 sed
286 2854 428 2904 conservatio
443 2855 537 2908 luminis
551 2860 587 2908 est
596 2858 683 2922 ,absque
699 2856 758 2908 aeris
776 2856 951 2920 immutatione,
980 2871 981 2918 ξ

147 2939 176 2976 ex
189 2926 238 2976 sola
248 2923 370 2990 praesentia
384 2924 542 2980 bluminantis.
980 2926 981 2951 ¹
