1984 3309
249 204 281 241 ns
296 202 388 241 umora
402 202 486 242 suma
502 204 534 243 an
550 204 651 244 comus.
806 198 854 247 1³5

37 288 108 336 terma
119 281 206 343 totins,
213 294 267 345 que
277 292 326 331 non
337 280 377 330 dat
384 293 435 331 esse
445 279 540 345 singem
548 282 661 347 partilrus,
671 286 706 335 est
716 286 852 351 compositio

36 362 57 408 et
74 356 149 417 ordo,
163 352 228 404 siem
243 352 318 403 torma
333 353 429 416 domus,
448 356 471 403 et
489 352 540 404 talis
559 354 631 405 torma
644 358 680 407 est
696 356 852 409 adcidentalis.

38 428 119 479 tnima
134 425 197 477 nero
213 429 251 476 est
263 424 336 475 lornra
354 423 511 489 substantiatis
522 445 530 485 ς
543 426 605 480 uude
624 430 727 493 oportet,
743 430 805 494 qnod
824 430 855 482 sit

38 502 107 551 torma
121 503 147 552 et
155 501 226 549 aetus
236 510 285 548 non
295 496 370 547 mum
377 496 464 561 totius,
477 498 518 547 sed
531 497 653 563 cujuslibet
666 500 746 564 partis.
759 500 788 553 Et
800 500 853 554 ideo

38 574 162 624 recedente
173 568 333 633 anima,sieut
341 582 390 619 non
402 568 485 619 dieitur
493 569 605 627 animat,
615 570 717 623 etdomo
730 572 775 625 nisi
785 573 856 639 equi«

40 645 105 709 iord,
120 641 325 710 quemadmodum
343 644 367 691 et
380 641 479 689 animat
492 643 594 705 pictam
609 644 648 693 uel
661 644 810 709 lapideum,
821 644 854 697 ita

40 724 71 768 est
84 718 113 768 de
124 730 204 766 manu
218 717 244 764 et
256 713 337 774 oculo,
353 716 393 762 aut
403 725 471 763 earne
480 717 504 763 et
515 726 580 776 osse,
594 718 619 764 nt
632 714 785 780 Philosophus
799 716 854 767 dicit

42 791 87 854 pu.
97 790 128 840 ll.
143 789 186 838 De
196 787 299 847 eninm,
311 787 368 834 text.
386 782 419 847 9).
430 781 500 849 Cujus
515 785 605 850 signum
615 789 719 852 estquod
729 789 791 839 nulla
802 802 855 855 pars

40 861 137 926 eorporis
151 860 230 910 trahet
247 856 370 921 proprium
386 868 445 919 opus
463 856 539 907 anima
557 857 693 923 recedente,
711 874 763 911 enm
777 863 855 911 tamen

43 946 104 983 omne
111 932 175 997 qnod
187 930 281 980 retinet
292 926 506 992 speeiem,retineat
514 928 669 993 operationem
679 931 774 996 speeiei.
785 932 855 983 dotus

44 1009 114 1053 autem
126 1009 164 1056 est
180 1004 210 1053 in
228 1014 260 1051 eo
274 1003 341 1063 eujus
354 1003 391 1050 eet
403 1002 467 1049 aetus
486 1015 491 1048 z
511 1002 569 1051 unde
584 1006 673 1066 oportet
687 1003 785 1053 animam
803 1016 854 1055 esse

44 1075 66 1123 in
81 1080 126 1127 toto
138 1087 257 1141 torpore,
269 1076 293 1123 et
306 1073 332 1121 in
347 1070 450 1136 qualibet
464 1072 514 1135 ejns
525 1076 597 1138 parte.
612 1074 641 1124 ut
652 1077 713 1139 quod
724 1079 772 1127 tota
786 1076 816 1127 sit
829 1076 855 1127 in

43 1148 138 1210 quatiet
152 1150 225 1214 parte
239 1146 306 1211 ejus,
321 1143 377 1194 ltine
389 1142 527 1194 considerari
539 1148 623 1209 potest.
642 1146 699 1206 Quia
713 1161 765 1198 enm
782 1151 854 1201 totum

45 1219 72 1267 sit
83 1221 142 1284 quod
155 1218 274 1271 dividitur
283 1217 308 1267 in
316 1218 403 1281 partes,
414 1217 539 1281 emundant
552 1216 663 1281 triplicem
673 1218 806 1271 divisionem
820 1222 856 1271 est

41 1291 120 1355 triplex
139 1291 256 1343 totalitas.
273 1290 316 1339 Est
333 1287 398 1338 enim
414 1287 525 1351 quoddam
543 1292 615 1339 totum
631 1290 691 1353 quod
708 1290 816 1341 diuiditur
829 1290 855 1341 in

42 1368 114 1424 partes
130 1360 320 1427 quantitativas,
337 1359 397 1409 sieut
410 1361 458 1409 tota
471 1358 531 1409 linea
539 1396 548 1423 ‚
561 1361 599 1411 vel
617 1363 690 1412 tolum
703 1376 796 1427 eorpus.
814 1362 857 1415 ust

44 1433 109 1483 edan
121 1434 241 1498 quoddam
258 1434 334 1481 ιειιιιιι
347 1428 408 1493 quod
420 1428 529 1480 diuiditur
541 1430 565 1479 in
576 1434 656 1495 partes
671 1430 765 1482 rationis
779 1435 804 1482 et
816 1446 854 1483 es·

48 1504 137 1568 sende,
147 1504 212 1555 deut
233 1501 361 1554 diffinitum
374 1498 401 1550 in
414 1504 488 1565 partes
501 1500 659 1565 diffinitionis,
669 1506 693 1553 et
704 1503 854 1569 compositum

47 1576 157 1627 renititur
172 1577 199 1627 in
218 1574 341 1625 materiam
357 1578 382 1626 et
399 1574 503 1625 lormam.
522 1573 623 1625 tortium
634 1578 711 1626 autem
731 1579 804 1627 totum
818 1578 855 1626 est

44 1649 176 1713 potentiale,
191 1648 256 1713 qnod
273 1646 386 1697 dividitur
404 1646 429 1696 iu
446 1649 522 1711 partes
539 1646 641 1697 uirtutis.
662 1646 753 1699 Primus
777 1652 854 1698 autem

43 1720 157 1771 tentatis
173 1720 260 1794 modpe
274 1732 323 1787 nou
334 1717 442 1769 eonvenit
452 1716 542 1779 formis,
555 1717 599 1768 nisi
612 1718 671 1770 torte
680 1732 722 1783 per
734 1719 854 1779 areidens,

42 1796 62 1839 et
75 1792 119 1842 illis
134 1793 191 1843 selis
208 1790 292 1842 termis
305 1804 358 1855 qnae
373 1790 460 1840 habent
473 1788 643 1841 indifferentem
654 1790 810 1847 habitudinem
824 1792 852 1841 ad

42 1867 109 1913 titum
122 1863 305 1928 quantitativum
317 1866 343 1911 et
354 1864 432 1926 partes
442 1862 509 1925 ejus3
521 1861 581 1912 sieut
591 1862 671 1913 albedo
677 1900 686 1926 ,
698 1864 808 1926 quantum
818 1864 855 1913 est

41 1935 65 1982 de
77 1936 113 1985 sui
122 1936 229 1997 ratione,
241 1933 364 1999 equditer
376 1946 402 1983 se
415 1933 482 1983 lrabet
496 1937 523 1983 ut
536 1932 600 1983 sitin
615 1936 660 1983 tnta
672 1934 809 1998 superficie,
825 1936 851 1985 et

40 2007 61 2055 in
74 2009 181 2071 qualibet
191 2007 326 2072 superficiei
336 2008 415 2069 parte,
430 2008 453 2054 et
465 2003 517 2055 ideo
531 2004 603 2055 divisa
615 2004 733 2070 superficie
744 2003 854 2055 dividitur

43 2080 122 2130 albedo
132 2092 177 2145 per
189 2078 308 2129 accidens.
322 2076 371 2127 Sed
385 2076 477 2139 torma,
491 2090 542 2141 qum
556 2075 650 2140 requirit
663 2074 816 2127 diversitatem
829 2076 854 2126 iu

43 2151 159 2212 partibus,
171 2150 231 2200 sieut
240 2153 277 2200 est
288 2148 384 2211 anima,
395 2150 420 2197 et
426 2146 540 2211 precipue
551 2146 683 2197 animalium
692 2145 853 2213 perlectorum,

44 2236 87 2272 nen
103 2220 227 2287 aequaliter
244 2235 270 2272 se
287 2221 360 2270 halret
376 2217 405 2268 ad
420 2222 493 2269 totum
510 2222 534 2269 et
548 2222 641 2284 partes,
657 2218 717 2269 unde
735 2233 782 2270 non
796 2218 854 2270 divi-

42 2296 99 2345 ditur
109 2309 154 2360 per
163 2294 281 2355 aeeidens,
292 2291 384 2343 seilicet
394 2303 436 2354 per
446 2290 581 2341 divisionem
590 2290 733 2354 quantitatis.
748 2292 788 2343 sie
798 2305 852 2355 ergo

42 2367 141 2417 totalitas
157 2364 314 2430 quantitative
333 2376 380 2413 non
399 2364 475 2425 potest
487 2361 580 2412 attribui
593 2362 691 2423 aalma,
706 2376 749 2413 nee
762 2376 852 2429 perse,

42 2452 82 2488 nee
98 2453 142 2504 per
155 2437 272 2487 aeddens.
292 2436 340 2486 Sed
354 2432 458 2485 totalitas
475 2435 587 2498 seeunda,
605 2446 656 2499 qum
677 2434 802 2486 attenditur
817 2448 853 2487 se

43 2510 140 2560 eundum
155 2508 253 2559 rationis
267 2511 292 2558 et
310 2504 421 2557 essentie
434 2506 615 2569 perfectionem,
631 2504 722 2571 proprie
736 2511 760 2558 et
772 2520 814 2571 per
827 2519 853 2557 se

41 2580 148 2633 convenit
157 2578 249 2630 formu.
257 2578 371 2629 Similiter
381 2580 457 2626 autem
465 2580 489 2626 et
497 2575 598 2627 totalitas
608 2578 708 2641 virtutis,
717 2577 770 2643 qaia
779 2576 853 2628 torma

43 2658 73 2700 est
88 2650 235 2717 operationis
252 2649 403 2715 principium.
420 2646 445 2698 Si
458 2660 513 2712 ergo
524 2652 664 2715 quereretur
683 2649 711 2699 de
730 2647 852 2710 albedine,

45 2727 116 2774 uuam
129 2727 194 2775 esset
207 2726 258 2772 tota
270 2722 297 2772 in
308 2724 360 2772 tota
377 2720 510 2785 superlicio,
526 2724 549 2771 et
562 2720 587 2770 in
601 2720 700 2785 qualibet
713 2720 763 2785 ejus
773 2723 848 2784 parte,

46 2795 184 2858 distinguere
197 2796 328 2859 oporteret,
343 2792 400 2857 qnia
411 2792 432 2843 si
445 2791 484 2841 dat
494 2791 580 2843 mentio
594 2792 621 2843 de
631 2790 745 2842 totalitate
761 2788 851 2853 quanti-

48 2867 126 2930 adra,
144 2879 215 2931 qnam
231 2865 302 2915 habet
317 2864 399 2915 allredo
417 2877 458 2929 per
475 2864 594 2927 accidens,
616 2876 662 2914 non
680 2865 728 2913 tota
746 2863 808 2911 esset
827 2858 853 2907 in

49 2938 148 2999 pamel
154 2941 219 3003 parte
227 2936 367 3002 superficiei.
373 2935 404 2987 lit
414 2933 520 2988 similiter
527 2934 648 2987 dicendum
657 2935 694 2985 est
702 2934 731 2985 de
741 2928 853 2983 totalitate
