1984 3309
127 196 157 233 ne
170 194 284 235 dormire
297 197 326 236 nr
339 196 438 236 munirer
451 197 605 235 uenenorum
619 196 725 237 lemnii.
780 189 827 237 titt

23 273 113 323 dietum
129 276 165 323 eet
182 272 236 336 (qu.
255 278 282 335 5,
301 278 344 325 ert.
366 275 405 339 t).
426 276 492 327 Solus
506 281 582 328 autem
597 279 658 327 liene
672 276 742 327 ualet
755 279 827 327 tutam

23 344 191 406 plenitudinem
200 344 235 395 sni
247 360 297 395 eree
305 347 432 398 seeundum
443 348 528 411 aliquid
537 363 607 399 uuum
618 352 642 399 el
651 349 763 413 simplem
773 361 829 397 nuu-

23 428 122 478 quaeque
134 414 190 467 rerd
203 417 293 469 reeelia
305 418 374 469 habet
388 418 554 483 plenitudinem
572 421 666 472 essendi
681 419 726 470 eibi
742 432 828 470 cenve-

24 487 128 537 nientem
144 487 268 539 secundum
279 490 376 542 diverm
389 491 454 541 Unde
468 490 494 541 iu
510 492 622 557 aliquibus
639 491 753 555 mutingit
769 489 829 555 qudd

22 563 137 621 quantum
155 560 185 609 nd
199 559 283 623 aliquid
299 563 383 613 hahent
396 578 460 619 erre.
472 567 497 613 et
513 567 591 614 tumen
608 564 643 614 eie
656 563 740 627 nliqdid
752 562 829 613 deiieit

23 631 51 679 ud
66 629 235 693 plenitudinem
249 634 340 683 essendi
357 635 392 684 eis
406 634 505 685 debitam
520 650 526 683 t
543 634 603 685 ment
617 636 645 685 ud
661 633 829 699 plenitudinem

23 717 75 751 eree
100 700 198 753 hnmani
217 704 339 767 requiritur
358 705 418 769 quid
439 707 470 757 eit
489 708 603 771 quoddam
627 705 778 771 compositum
799 719 829 755 ex

24 777 101 825 enimn
115 778 141 825 ei
157 788 260 839 corpere,
273 778 361 827 uniens
373 792 452 829 omnes
464 779 579 843 potentiue
593 781 617 829 et
628 778 781 829 instrumenta
792 792 829 830 ce

24 846 137 909 grillonis
153 850 177 896 et
189 850 278 910 motus3
290 847 350 899 uude
368 850 388 899 si
406 850 491 913 aliquid
506 852 587 900 hurum
601 849 691 899 deliniet
707 850 775 899 nlieui
790 851 831 900 lue

24 919 98 982 mini,
111 917 191 969 delicit
200 919 221 967 ei
231 918 316 983 aliquid
326 920 354 971 de
363 920 505 985 plenitudiue
516 922 553 971 sui
564 935 623 969 eree.
633 920 748 978 Quantum
759 920 830 983 igitur

23 993 96 1041 lrabet
113 990 143 1041 ule
158 1004 223 1047 esee,
240 992 413 1043 tantumlibet
430 992 459 1043 de
475 992 593 1054 humtnt03
608 992 633 1040 iu
650 994 759 1054 quantum
775 990 830 1041 vend

22 1062 110 1125 aliquid
124 1062 148 1112 ei
160 1062 238 1115 delicit
250 1062 278 1111 de
299 1062 438 1126 plenitudine
458 1063 561 1125 essendi,
575 1063 601 1113 in
615 1065 706 1113 tuntum
723 1062 799 1112 delinit
817 1061 831 1111 d

23 1133 135 1195 ienitate,
149 1138 173 1183 et
187 1133 269 1185 dieitur
282 1134 379 1185 malem
396 1152 404 1183 .·
418 1134 477 1184 sieut
490 1137 560 1185 nomn
577 1148 657 1185 onnus
669 1134 740 1185 hebet
750 1134 832 1184 debe

25 1207 97 1255 nitate
117 1204 264 1268 multivii,
280 1208 303 1255 el
318 1205 403 1257 matun
420 1210 456 1256 est
468 1205 490 1256 ei
506 1205 567 1269 qnid
583 1208 645 1255 earet
659 1206 721 1255 vim.
734 1205 759 1255 si
775 1204 832 1255 une

25 1278 84 1327 rrilril
101 1277 199 1329 deberet
217 1277 245 1327 de
266 1275 361 1327 eutitute
377 1279 414 1327 rel
427 1278 547 1341 bonitate,
563 1291 640 1340 neque
656 1278 741 1326 mulum
753 1289 830 1337 neque

23 1350 110 1398 tronum
126 1347 173 1397 diei
191 1349 280 1411 posset.
297 1348 341 1397 Sed
356 1348 410 1411 quia
427 1350 454 1399 de
471 1348 560 1398 ratione
571 1348 627 1397 beni
644 1351 681 1397 est
695 1346 744 1409 ipse
758 1346 831 1409 pleni-

25 1421 80 1469 tudo
92 1418 199 1480 essendi,
209 1418 321 1482 siquidem
330 1418 400 1469 elicui
410 1418 493 1482 aliquid
505 1418 603 1469 deluerit
612 1418 640 1468 de
651 1417 726 1467 delita
739 1417 831 1467 essendi

25 1489 182 1553 plenitudine,
204 1503 252 1542 nou
271 1490 358 1539 dicetur
377 1490 512 1553 simpliciter
534 1490 632 1549 meum,
646 1489 686 1539 ned
706 1486 832 1537 seeundum

25 1563 92 1625 quid²
104 1563 130 1613 in
142 1564 254 1625 quantum
268 1565 303 1611 eet
316 1574 374 1625 ens3
390 1562 475 1625 pulerit
485 1566 563 1611 tamen
577 1559 624 1612 diri
636 1559 831 1622 simpliciorem,

25 1639 47 1682 el
61 1632 191 1683 secundum
210 1631 264 1695 quid
279 1646 324 1683 neu
339 1648 393 1695 ens,
407 1637 433 1683 ul
446 1633 470 1683 iu
484 1633 558 1697 primo
574 1632 658 1682 dictum
677 1634 712 1680 est
725 1631 782 1695 (qu.
801 1635 832 1691 5,

24 1712 65 1754 uri.
82 1706 123 1769 1).
134 1705 172 1755 Sin
184 1704 254 1767 igitur
264 1706 384 1758 dicendum
394 1709 443 1769 est,
456 1704 517 1769 quid
526 1703 679 1765 umuieuctin
690 1701 833 1767 inquantum

26 1778 95 1826 trahet
108 1776 195 1839 aliquid
205 1776 233 1827 de
247 1792 305 1832 eree,
323 1777 347 1827 in
360 1780 449 1831 lentum
468 1776 537 1827 unet
549 1777 579 1826 de
592 1774 712 1837 benitete3
723 1774 749 1823 in
760 1788 834 1838 quun·

26 1855 73 1898 tum
88 1847 146 1899 ueri
156 1847 233 1899 delinit
244 1848 266 1899 ei
275 1848 361 1911 aliquid
373 1850 401 1899 de
411 1848 555 1911 plenitudiue
568 1847 661 1897 essendi
671 1860 722 1909 que
737 1845 833 1897 debetur

25 1919 113 1970 retinui
126 1920 247 1981 humane,
263 1918 389 1969 intantum
407 1919 482 1971 delinit
502 1918 646 1980 tenuitate,
661 1920 685 1971 et
698 1917 732 1966 sic
750 1915 833 1966 diuitum

25 1994 98 2053 niele,
113 1990 172 2055 puli
182 1991 202 2041 si
218 1990 309 2042 deliniat
322 1990 344 2041 ei
362 1990 400 2041 ⁷eel
413 1990 563 2041 determinate
575 1988 691 2051 quantitas
704 1984 831 2037 secumdum

24 2064 137 2115 rationem
148 2063 186 2113 vel
197 2062 287 2113 debitur
301 2062 373 2124 loeus,
385 2060 422 2113 uel
436 2060 521 2123 aliquid
532 2059 673 2122 huiusmodi.
764 2124 768 2135 Ι

57 2136 92 2185 dd
114 2134 215 2199 priunum
232 2146 286 2196 erge
306 2133 442 2192 dicendum,
457 2130 518 2194 qudd
540 2130 625 2180 mulum
643 2126 690 2190 egit
704 2126 729 2175 in
746 2127 833 2175 mutate

26 2208 80 2257 inni
96 2205 239 2264 delicientur
253 2204 349 2257 sienim
365 2204 422 2256 nihil
437 2205 499 2255 esset
508 2201 540 2251 lbi
550 2201 578 2258 de
591 2200 663 2261 boun,
684 2208 759 2260 neque
771 2198 834 2246 esset

26 2294 82 2343 ens,
101 2290 178 2340 neque
198 2288 266 2339 egere
280 2279 365 2340 posset.
379 2275 404 2325 si
419 2278 494 2326 eutem
511 2285 560 2323 nen
578 2273 640 2321 esset
653 2267 774 2329 deliniens,
787 2280 834 2318 unu

27 2354 89 2402 esset
103 2348 190 2399 mulum
203 2364 208 2397 :
221 2348 318 2397 undeet
332 2346 391 2397 actio
403 2347 495 2395 causatu
509 2347 543 2394 est
555 2341 668 2404 quoddam
680 2340 766 2389 benun
778 2338 835 2390 deli-

27 2424 104 2483 niens;
130 2420 188 2483 quin
207 2418 331 2470 seeunddm
351 2418 405 2483 quid
431 2419 467 2467 est
488 2408 738 2475 indeminutum
759 2414 835 2461 nutem

28 2495 125 2544 malum·
454 2504 461 2508 ·

58 2567 95 2616 nd
116 2564 243 2615 secundnm
260 2562 394 2623 dicendum,
411 2558 472 2623 qudd
490 2553 670 2629 nihilprohihet
686 2551 772 2617 eliqurid
785 2564 836 2601 esee

28 2636 156 2689 seeundum
176 2634 232 2699 quid
245 2634 270 2684 in
282 2636 334 2685 actu
343 2671 351 2697 ‚
368 2633 428 2682 uude
445 2642 511 2692 agere
529 2626 615 2691 POSSstt
632 2624 758 2676 secundm
776 2622 837 2674 alind

29 2708 118 2773 privari
131 2711 197 2770 netu,
212 2707 272 2755 unde
291 2708 370 2755 causet
387 2702 529 2753 deficientem
545 2698 656 2749 actionem
674 2713 679 2746 ι
697 2694 755 2745 sieut
769 2696 837 2743 hemo

29 2794 107 2833 cneus
124 2782 178 2831 actu
188 2778 259 2827 hebet
272 2777 381 2827 uirtutem
393 2773 517 2839 gressiuam
530 2783 571 2835 per
584 2784 653 2833 quum
668 2765 780 2817 enudare
794 2776 836 2826 pn-

31 2859 89 2916 lest3
110 2849 194 2903 sedin
211 2852 322 2913 quantum
341 2850 403 2897 earet
422 2842 474 2893 visu
492 2841 533 2906 qui
549 2840 628 2904 dirigit
639 2840 665 2889 in
687 2833 836 2892 annuende,

31 2928 118 2988 petitur
133 2922 250 2975 delectum
261 2919 411 2981 ambulando,
423 2917 475 2969 dum
490 2914 591 2966 ambulat
602 2907 742 2974 crepitando.
