<?xml version="1.0" encoding="UTF-8"?>
<!DOCTYPE html PUBLIC "-//W3C//DTD XHTML 1.0 Transitional//EN"
    "http://www.w3.org/TR/xhtml1/DTD/xhtml1-transitional.dtd">
<html xmlns="http://www.w3.org/1999/xhtml" xml:lang="en" lang="en">
 <head>
  <title>
</title>
<meta http-equiv="Content-Type" content="text/html;charset=utf-8" />
  <meta name='ocr-system' content='tesseract 3.04.00' />
  <meta name='ocr-capabilities' content='ocr_page ocr_carea ocr_par ocr_line ocrx_word'/>
</head>
<body>
  <div class='ocr_page' id='page_1' title='image "./summatheologica00nicogoog_0400.png"; bbox 0 0 1984 3309; ppageno 0'>
   <div class='ocr_carea' id='block_1_1' title="bbox 84 203 824 262">
    <p class='ocr_par' dir='ltr' id='par_1_1' title="bbox 84 203 824 262">
     <span class='ocr_line' id='line_1_1' title="bbox 84 203 824 262; baseline 0.003 -14"><span class='ocrx_word' id='word_1_1' title='bbox 84 213 111 249; x_wconf 86' lang='lat' dir='ltr'><strong>on</strong></span> <span class='ocrx_word' id='word_1_2' title='bbox 124 212 164 248; x_wconf 85' lang='lat' dir='ltr'><strong>urs</strong></span> <span class='ocrx_word' id='word_1_3' title='bbox 177 212 233 256; x_wconf 79' lang='lat' dir='ltr'><strong>oun</strong></span> <span class='ocrx_word' id='word_1_4' title='bbox 246 211 327 251; x_wconf 74' lang='lat' dir='ltr'><strong>amur.</strong></span> <span class='ocrx_word' id='word_1_5' title='bbox 341 213 374 250; x_wconf 78' lang='lat' dir='ltr'><strong>nn</strong></span> <span class='ocrx_word' id='word_1_6' title='bbox 386 210 490 252; x_wconf 76' lang='lat' dir='ltr'><strong>rotund.</strong></span> <span class='ocrx_word' id='word_1_7' title='bbox 505 213 573 250; x_wconf 79' lang='lat' dir='ltr'><strong>rursu</strong></span> <span class='ocrx_word' id='word_1_8' title='bbox 585 211 694 262; x_wconf 68' lang='lat' dir='ltr'><strong>nominis,</strong></span> <span class='ocrx_word' id='word_1_9' title='bbox 709 212 761 250; x_wconf 84' lang='lat' dir='ltr'><strong>nro.</strong></span> <span class='ocrx_word' id='word_1_10' title='bbox 779 203 824 250; x_wconf 76' lang='lat' dir='ltr'><strong>titt</strong></span> 
     </span>
    </p>
   </div>
   <div class='ocr_carea' id='block_1_2' title="bbox 40 289 834 1356">
    <p class='ocr_par' dir='ltr' id='par_1_2' title="bbox 40 289 827 565">
     <span class='ocr_line' id='line_1_2' title="bbox 66 289 827 355; baseline 0 -16"><span class='ocrx_word' id='word_1_11' title='bbox 66 290 95 339; x_wconf 79' lang='lat' dir='ltr'><strong>td</strong></span> <span class='ocrx_word' id='word_1_12' title='bbox 104 291 195 340; x_wconf 83' lang='lat' dir='ltr'><strong>tertium</strong></span> <span class='ocrx_word' id='word_1_13' title='bbox 208 290 337 355; x_wconf 88' lang='lat' dir='ltr'><strong>dicendum,</strong></span> <span class='ocrx_word' id='word_1_14' title='bbox 347 291 408 354; x_wconf 82' lang='lat' dir='ltr'><strong>quod</strong></span> <span class='ocrx_word' id='word_1_15' title='bbox 419 291 440 341; x_wconf 92' lang='lat' dir='ltr'><strong>si</strong></span> <span class='ocrx_word' id='word_1_16' title='bbox 449 290 532 354; x_wconf 79' lang='lat' dir='ltr'><strong>aliquid</strong></span> <span class='ocrx_word' id='word_1_17' title='bbox 544 293 730 355; x_wconf 79' lang='lat' dir='ltr'><strong>representatum</strong></span> <span class='ocrx_word' id='word_1_18' title='bbox 743 289 827 340; x_wconf 79' lang='lat' dir='ltr'><strong>tmeset</strong></span> 
     </span>
     <span class='ocr_line' id='line_1_3' title="bbox 40 361 826 426; baseline 0.006 -19"><span class='ocrx_word' id='word_1_19' title='bbox 40 361 104 410; x_wconf 85' lang='lat' dir='ltr'><strong>sensui</strong></span> <span class='ocrx_word' id='word_1_20' title='bbox 114 363 151 412; x_wconf 84' lang='lat' dir='ltr'><strong>rel</strong></span> <span class='ocrx_word' id='word_1_21' title='bbox 168 362 295 426; x_wconf 79' lang='lat' dir='ltr'><strong>phautnsim</strong></span> <span class='ocrx_word' id='word_1_22' title='bbox 312 362 381 426; x_wconf 88' lang='lat' dir='ltr'><strong>primi</strong></span> <span class='ocrx_word' id='word_1_23' title='bbox 397 362 496 412; x_wconf 87' lang='lat' dir='ltr'><strong>bominis</strong></span> <span class='ocrx_word' id='word_1_24' title='bbox 509 361 575 412; x_wconf 71' lang='lat' dir='ltr'><strong>abmr</strong></span> <span class='ocrx_word' id='word_1_25' title='bbox 587 375 655 426; x_wconf 86' lang='lat' dir='ltr'><strong>quam</strong></span> <span class='ocrx_word' id='word_1_26' title='bbox 669 362 698 412; x_wconf 92' lang='lat' dir='ltr'><strong>sit</strong></span> <span class='ocrx_word' id='word_1_27' title='bbox 711 362 736 412; x_wconf 92' lang='lat' dir='ltr'><strong>in</strong></span> <span class='ocrx_word' id='word_1_28' title='bbox 749 375 826 412; x_wconf 86' lang='lat' dir='ltr'><strong>rerum</strong></span> 
     </span>
     <span class='ocr_line' id='line_1_4' title="bbox 40 432 826 497; baseline 0.006 -20"><span class='ocrx_word' id='word_1_29' title='bbox 40 434 106 482; x_wconf 88' lang='lat' dir='ltr'><strong>natura</strong></span> <span class='ocrx_word' id='word_1_30' title='bbox 110 470 119 496; x_wconf 90' lang='lat'>‚</span> <span class='ocrx_word' id='word_1_31' title='bbox 132 447 179 484; x_wconf 92' lang='lat' dir='ltr'><strong>uon</strong></span> <span class='ocrx_word' id='word_1_32' title='bbox 192 438 270 483; x_wconf 85' lang='lat' dir='ltr'><strong>temen</strong></span> <span class='ocrx_word' id='word_1_33' title='bbox 285 433 441 497; x_wconf 76' lang='lat' dir='ltr'><strong>deciperetur,</strong></span> <span class='ocrx_word' id='word_1_34' title='bbox 454 432 508 497; x_wconf 82' lang='lat' dir='ltr'><strong>quia</strong></span> <span class='ocrx_word' id='word_1_35' title='bbox 526 447 567 497; x_wconf 87' lang='lat' dir='ltr'><strong>per</strong></span> <span class='ocrx_word' id='word_1_36' title='bbox 581 432 691 484; x_wconf 89' lang='lat' dir='ltr'><strong>rationem</strong></span> <span class='ocrx_word' id='word_1_37' title='bbox 707 433 826 484; x_wconf 73' lang='lat' dir='ltr'><strong>verimtonr</strong></span> 
     </span>
     <span class='ocr_line' id='line_1_5' title="bbox 40 502 520 565; baseline 0.01 -16"><span class='ocrx_word' id='word_1_38' title='bbox 40 502 171 565; x_wconf 83' lang='lat' dir='ltr'><strong>dijudicaret.</strong></span> <span class='ocrx_word' id='word_1_39' title='bbox 517 505 520 509; x_wconf 84' lang='lat'>&#39;</span> 
     </span>
    </p>

    <p class='ocr_par' dir='ltr' id='par_1_3' title="bbox 41 575 827 778">
     <span class='ocr_line' id='line_1_6' title="bbox 65 575 827 642; baseline 0.005 -20"><span class='ocrx_word' id='word_1_40' title='bbox 65 576 94 623; x_wconf 79' lang='lat' dir='ltr'><strong>td</strong></span> <span class='ocrx_word' id='word_1_41' title='bbox 106 581 212 641; x_wconf 87' lang='lat' dir='ltr'><strong>quartum</strong></span> <span class='ocrx_word' id='word_1_42' title='bbox 222 577 356 641; x_wconf 81' lang='lat' dir='ltr'><strong>dicendum,</strong></span> <span class='ocrx_word' id='word_1_43' title='bbox 371 575 432 641; x_wconf 81' lang='lat' dir='ltr'><strong>quod</strong></span> <span class='ocrx_word' id='word_1_44' title='bbox 444 577 469 627; x_wconf 90' lang='lat' dir='ltr'><strong>id</strong></span> <span class='ocrx_word' id='word_1_45' title='bbox 480 578 540 642; x_wconf 89' lang='lat' dir='ltr'><strong>quod</strong></span> <span class='ocrx_word' id='word_1_46' title='bbox 553 575 635 626; x_wconf 89' lang='lat' dir='ltr'><strong>accidit</strong></span> <span class='ocrx_word' id='word_1_47' title='bbox 648 576 671 625; x_wconf 93' lang='lat' dir='ltr'><strong>iu</strong></span> <span class='ocrx_word' id='word_1_48' title='bbox 690 591 768 628; x_wconf 90' lang='lat' dir='ltr'><strong>somno</strong></span> <span class='ocrx_word' id='word_1_49' title='bbox 781 589 827 628; x_wconf 88' lang='lat' dir='ltr'><strong>non</strong></span> 
     </span>
     <span class='ocr_line' id='line_1_7' title="bbox 41 646 827 714; baseline 0.008 -22"><span class='ocrx_word' id='word_1_50' title='bbox 41 646 150 709; x_wconf 73' lang='lat' dir='ltr'><strong>imputatur</strong></span> <span class='ocrx_word' id='word_1_51' title='bbox 163 647 266 712; x_wconf 83' lang='lat' dir='ltr'><strong>homini3</strong></span> <span class='ocrx_word' id='word_1_52' title='bbox 278 648 388 714; x_wconf 80' lang='lat' dir='ltr'><strong>quianon</strong></span> <span class='ocrx_word' id='word_1_53' title='bbox 398 649 467 700; x_wconf 90' lang='lat' dir='ltr'><strong>habet</strong></span> <span class='ocrx_word' id='word_1_54' title='bbox 478 663 547 699; x_wconf 91' lang='lat' dir='ltr'><strong>usum</strong></span> <span class='ocrx_word' id='word_1_55' title='bbox 559 647 666 710; x_wconf 74' lang='lat' dir='ltr'><strong>radonis,</strong></span> <span class='ocrx_word' id='word_1_56' title='bbox 678 647 717 712; x_wconf 88' lang='lat' dir='ltr'><strong>qui</strong></span> <span class='ocrx_word' id='word_1_57' title='bbox 731 652 765 698; x_wconf 90' lang='lat' dir='ltr'><strong>est</strong></span> <span class='ocrx_word' id='word_1_58' title='bbox 775 661 827 714; x_wconf 87' lang='lat' dir='ltr'><strong>pro·</strong></span> 
     </span>
     <span class='ocr_line' id='line_1_8' title="bbox 41 718 289 778; baseline 0.024 -15"><span class='ocrx_word' id='word_1_59' title='bbox 41 718 91 778; x_wconf 89' lang='lat' dir='ltr'><strong>prius</strong></span> <span class='ocrx_word' id='word_1_60' title='bbox 103 719 204 770; x_wconf 89' lang='lat' dir='ltr'><strong>bominis</strong></span> <span class='ocrx_word' id='word_1_61' title='bbox 213 724 289 770; x_wconf 91' lang='lat' dir='ltr'><strong>actus.</strong></span> 
     </span>
    </p>

    <p class='ocr_par' dir='ltr' id='par_1_4' title="bbox 41 791 834 1356">
     <span class='ocr_line' id='line_1_9' title="bbox 64 791 827 856; baseline 0 -17"><span class='ocrx_word' id='word_1_62' title='bbox 64 792 92 840; x_wconf 84' lang='lat' dir='ltr'><strong>td</strong></span> <span class='ocrx_word' id='word_1_63' title='bbox 107 792 213 856; x_wconf 91' lang='lat' dir='ltr'><strong>quintum</strong></span> <span class='ocrx_word' id='word_1_64' title='bbox 229 792 368 855; x_wconf 89' lang='lat' dir='ltr'><strong>dicendum,</strong></span> <span class='ocrx_word' id='word_1_65' title='bbox 383 791 444 856; x_wconf 88' lang='lat' dir='ltr'><strong>qubd</strong></span> <span class='ocrx_word' id='word_1_66' title='bbox 458 791 526 846; x_wconf 84' lang='lat' dir='ltr'><strong>alicui</strong></span> <span class='ocrx_word' id='word_1_67' title='bbox 541 791 627 842; x_wconf 86' lang='lat' dir='ltr'><strong>dicenti</strong></span> <span class='ocrx_word' id='word_1_68' title='bbox 640 791 720 845; x_wconf 80' lang='lat' dir='ltr'><strong>falsum</strong></span> <span class='ocrx_word' id='word_1_69' title='bbox 734 791 762 840; x_wconf 90' lang='lat' dir='ltr'><strong>de</strong></span> <span class='ocrx_word' id='word_1_70' title='bbox 773 803 827 840; x_wconf 87' lang='lat' dir='ltr'><strong>oon·</strong></span> 
     </span>
     <span class='ocr_line' id='line_1_10' title="bbox 41 861 829 926; baseline 0.008 -20"><span class='ocrx_word' id='word_1_71' title='bbox 41 861 168 924; x_wconf 82' lang='lat' dir='ltr'><strong>tingentibus</strong></span> <span class='ocrx_word' id='word_1_72' title='bbox 185 863 271 913; x_wconf 79' lang='lat' dir='ltr'><strong>tutuns</strong></span> <span class='ocrx_word' id='word_1_73' title='bbox 284 864 321 914; x_wconf 87' lang='lat' dir='ltr'><strong>vei</strong></span> <span class='ocrx_word' id='word_1_74' title='bbox 335 863 511 926; x_wconf 78' lang='lat' dir='ltr'><strong>cogitationibus</strong></span> <span class='ocrx_word' id='word_1_75' title='bbox 525 862 637 926; x_wconf 89' lang='lat' dir='ltr'><strong>cordium,</strong></span> <span class='ocrx_word' id='word_1_76' title='bbox 649 864 718 914; x_wconf 88' lang='lat' dir='ltr'><strong>bomo</strong></span> <span class='ocrx_word' id='word_1_77' title='bbox 731 862 755 912; x_wconf 91' lang='lat' dir='ltr'><strong>iu</strong></span> <span class='ocrx_word' id='word_1_78' title='bbox 768 863 829 912; x_wconf 89' lang='lat' dir='ltr'><strong>statu</strong></span> 
     </span>
     <span class='ocr_line' id='line_1_11' title="bbox 42 932 829 999; baseline 0.003 -19"><span class='ocrx_word' id='word_1_79' title='bbox 42 932 161 986; x_wconf 81' lang='lat' dir='ltr'><strong>innocentie</strong></span> <span class='ocrx_word' id='word_1_80' title='bbox 176 949 225 986; x_wconf 89' lang='lat' dir='ltr'><strong>non</strong></span> <span class='ocrx_word' id='word_1_81' title='bbox 239 935 374 985; x_wconf 80' lang='lat' dir='ltr'><strong>credidisset</strong></span> <span class='ocrx_word' id='word_1_82' title='bbox 385 935 419 985; x_wconf 85' lang='lat' dir='ltr'><strong>ita</strong></span> <span class='ocrx_word' id='word_1_83' title='bbox 432 948 498 998; x_wconf 79' lang='lat' dir='ltr'><strong>esse3</strong></span> <span class='ocrx_word' id='word_1_84' title='bbox 514 936 553 986; x_wconf 87' lang='lat' dir='ltr'><strong>sed</strong></span> <span class='ocrx_word' id='word_1_85' title='bbox 567 934 698 986; x_wconf 81' lang='lat' dir='ltr'><strong>credidisset</strong></span> <span class='ocrx_word' id='word_1_86' title='bbox 711 936 770 999; x_wconf 85' lang='lat' dir='ltr'><strong>quod</strong></span> <span class='ocrx_word' id='word_1_87' title='bbox 784 933 829 984; x_wconf 92' lang='lat' dir='ltr'><strong>hoc</strong></span> 
     </span>
     <span class='ocr_line' id='line_1_12' title="bbox 41 1006 834 1072; baseline 0.003 -20"><span class='ocrx_word' id='word_1_88' title='bbox 41 1010 89 1055; x_wconf 86' lang='lat' dir='ltr'><strong>esset</strong></span> <span class='ocrx_word' id='word_1_89' title='bbox 100 1007 218 1072; x_wconf 76' lang='lat' dir='ltr'><strong>possibile.</strong></span> <span class='ocrx_word' id='word_1_90' title='bbox 229 1007 259 1056; x_wconf 84' lang='lat' dir='ltr'><strong>Et</strong></span> <span class='ocrx_word' id='word_1_91' title='bbox 269 1008 313 1058; x_wconf 92' lang='lat' dir='ltr'><strong>boc</strong></span> <span class='ocrx_word' id='word_1_92' title='bbox 326 1021 372 1058; x_wconf 91' lang='lat' dir='ltr'><strong>uon</strong></span> <span class='ocrx_word' id='word_1_93' title='bbox 387 1011 448 1058; x_wconf 85' lang='lat' dir='ltr'><strong>esset</strong></span> <span class='ocrx_word' id='word_1_94' title='bbox 462 1006 591 1058; x_wconf 83' lang='lat' dir='ltr'><strong>existimare</strong></span> <span class='ocrx_word' id='word_1_95' title='bbox 603 1007 693 1060; x_wconf 83' lang='lat' dir='ltr'><strong>falsum.</strong></span> <span class='ocrx_word' id='word_1_96' title='bbox 704 1006 745 1055; x_wconf 80' lang='lat' dir='ltr'><strong>Vel</strong></span> <span class='ocrx_word' id='word_1_97' title='bbox 755 1007 834 1068; x_wconf 85' lang='lat' dir='ltr'><strong>potest</strong></span> 
     </span>
     <span class='ocr_line' id='line_1_13' title="bbox 42 1076 829 1144; baseline 0 -19"><span class='ocrx_word' id='word_1_98' title='bbox 42 1076 75 1125; x_wconf 91' lang='lat' dir='ltr'><strong>dici</strong></span> <span class='ocrx_word' id='word_1_99' title='bbox 87 1079 145 1142; x_wconf 85' lang='lat' dir='ltr'><strong>qubd</strong></span> <span class='ocrx_word' id='word_1_100' title='bbox 159 1077 274 1130; x_wconf 85' lang='lat' dir='ltr'><strong>diuinitus</strong></span> <span class='ocrx_word' id='word_1_101' title='bbox 284 1078 306 1129; x_wconf 86' lang='lat' dir='ltr'><strong>ei</strong></span> <span class='ocrx_word' id='word_1_102' title='bbox 316 1079 453 1130; x_wconf 83' lang='lat' dir='ltr'><strong>subventum</strong></span> <span class='ocrx_word' id='word_1_103' title='bbox 468 1079 558 1142; x_wconf 86' lang='lat' dir='ltr'><strong>inisset,</strong></span> <span class='ocrx_word' id='word_1_104' title='bbox 569 1092 599 1128; x_wconf 90' lang='lat' dir='ltr'><strong>ne</strong></span> <span class='ocrx_word' id='word_1_105' title='bbox 608 1079 748 1144; x_wconf 79' lang='lat' dir='ltr'><strong>deciperetur</strong></span> <span class='ocrx_word' id='word_1_106' title='bbox 759 1077 784 1126; x_wconf 93' lang='lat' dir='ltr'><strong>in</strong></span> <span class='ocrx_word' id='word_1_107' title='bbox 793 1076 829 1126; x_wconf 90' lang='lat' dir='ltr'><strong>bis</strong></span> 
     </span>
     <span class='ocr_line' id='line_1_14' title="bbox 42 1145 828 1214; baseline -0.001 -17"><span class='ocrx_word' id='word_1_108' title='bbox 42 1161 121 1208; x_wconf 83' lang='lat' dir='ltr'><strong>quorom</strong></span> <span class='ocrx_word' id='word_1_109' title='bbox 131 1150 255 1201; x_wconf 89' lang='lat' dir='ltr'><strong>scientiam</strong></span> <span class='ocrx_word' id='word_1_110' title='bbox 266 1163 311 1201; x_wconf 90' lang='lat' dir='ltr'><strong>noo</strong></span> <span class='ocrx_word' id='word_1_111' title='bbox 325 1145 486 1201; x_wconf 73' lang='lat' dir='ltr'><strong>habebetite&#39;c</strong></span> <span class='ocrx_word' id='word_1_112' title='bbox 497 1153 532 1200; x_wconf 87' lang='lat' dir='ltr'><strong>est</strong></span> <span class='ocrx_word' id='word_1_113' title='bbox 540 1150 650 1200; x_wconf 86' lang='lat' dir='ltr'><strong>instantia</strong></span> <span class='ocrx_word' id='word_1_114' title='bbox 659 1163 727 1214; x_wconf 85' lang='lat' dir='ltr'><strong>quam</strong></span> <span class='ocrx_word' id='word_1_115' title='bbox 738 1147 828 1212; x_wconf 84' lang='lat' dir='ltr'><strong>quidam</strong></span> 
     </span>
     <span class='ocr_line' id='line_1_15' title="bbox 43 1217 830 1288; baseline 0.006 -23"><span class='ocrx_word' id='word_1_116' title='bbox 43 1218 133 1287; x_wconf 85' lang='lat' dir='ltr'><strong>aderunt,</strong></span> <span class='ocrx_word' id='word_1_117' title='bbox 147 1222 210 1288; x_wconf 86' lang='lat' dir='ltr'><strong>qubd</strong></span> <span class='ocrx_word' id='word_1_118' title='bbox 221 1221 383 1278; x_wconf 88' lang='lat' dir='ltr'><strong>intentatione</strong></span> <span class='ocrx_word' id='word_1_119' title='bbox 394 1235 439 1272; x_wconf 88' lang='lat' dir='ltr'><strong>non</strong></span> <span class='ocrx_word' id='word_1_120' title='bbox 451 1220 496 1271; x_wconf 84' lang='lat' dir='ltr'><strong>fuit</strong></span> <span class='ocrx_word' id='word_1_121' title='bbox 513 1219 535 1271; x_wconf 84' lang='lat' dir='ltr'><strong>ai</strong></span> <span class='ocrx_word' id='word_1_122' title='bbox 545 1221 682 1272; x_wconf 79' lang='lat' dir='ltr'><strong>subventum</strong></span> <span class='ocrx_word' id='word_1_123' title='bbox 696 1233 725 1270; x_wconf 89' lang='lat' dir='ltr'><strong>ne</strong></span> <span class='ocrx_word' id='word_1_124' title='bbox 740 1217 830 1282; x_wconf 89' lang='lat' dir='ltr'><strong>decipe·</strong></span> 
     </span>
     <span class='ocr_line' id='line_1_16' title="bbox 43 1292 831 1356; baseline 0.001 -17"><span class='ocrx_word' id='word_1_125' title='bbox 43 1295 98 1355; x_wconf 86' lang='lat' dir='ltr'><strong>ratur,</strong></span> <span class='ocrx_word' id='word_1_126' title='bbox 110 1295 164 1345; x_wconf 90' lang='lat' dir='ltr'><strong>iicet</strong></span> <span class='ocrx_word' id='word_1_127' title='bbox 173 1298 231 1344; x_wconf 87' lang='lat' dir='ltr'><strong>tunc</strong></span> <span class='ocrx_word' id='word_1_128' title='bbox 244 1293 343 1344; x_wconf 76' lang='lat' dir='ltr'><strong>mamme</strong></span> <span class='ocrx_word' id='word_1_129' title='bbox 354 1292 482 1356; x_wconf 79' lang='lat' dir='ltr'><strong>indigeret3</strong></span> <span class='ocrx_word' id='word_1_130' title='bbox 495 1293 550 1356; x_wconf 87' lang='lat' dir='ltr'><strong>quia</strong></span> <span class='ocrx_word' id='word_1_131' title='bbox 561 1293 610 1353; x_wconf 85' lang='lat' dir='ltr'><strong>jam</strong></span> <span class='ocrx_word' id='word_1_132' title='bbox 620 1293 767 1356; x_wconf 82' lang='lat' dir='ltr'><strong>precesserat</strong></span> <span class='ocrx_word' id='word_1_133' title='bbox 777 1301 831 1352; x_wconf 85' lang='lat' dir='ltr'><strong>pec·</strong></span> 
     </span>
    </p>
   </div>
   <div class='ocr_carea' id='block_1_3' title="bbox 44 1359 830 1464">
    <p class='ocr_par' dir='ltr' id='par_1_5' title="bbox 44 1359 830 1464">
     <span class='ocr_line' id='line_1_17' title="bbox 44 1359 830 1428; baseline -0.006 -16"><span class='ocrx_word' id='word_1_134' title='bbox 44 1368 104 1414; x_wconf 79' lang='lat' dir='ltr'><strong>utum</strong></span> <span class='ocrx_word' id='word_1_135' title='bbox 116 1365 141 1416; x_wconf 92' lang='lat' dir='ltr'><strong>in</strong></span> <span class='ocrx_word' id='word_1_136' title='bbox 151 1365 241 1428; x_wconf 89' lang='lat' dir='ltr'><strong>animo,</strong></span> <span class='ocrx_word' id='word_1_137' title='bbox 250 1368 273 1415; x_wconf 92' lang='lat' dir='ltr'><strong>et</strong></span> <span class='ocrx_word' id='word_1_138' title='bbox 283 1365 312 1414; x_wconf 90' lang='lat' dir='ltr'><strong>ad</strong></span> <span class='ocrx_word' id='word_1_139' title='bbox 320 1363 423 1414; x_wconf 72' lang='lat' dir='ltr'><strong>moinum</strong></span> <span class='ocrx_word' id='word_1_140' title='bbox 437 1362 548 1414; x_wconf 72' lang='lat' dir='ltr'><strong>auxilinm</strong></span> <span class='ocrx_word' id='word_1_141' title='bbox 557 1376 674 1414; x_wconf 84' lang='lat' dir='ltr'><strong>recursum</strong></span> <span class='ocrx_word' id='word_1_142' title='bbox 685 1374 732 1412; x_wconf 89' lang='lat' dir='ltr'><strong>non</strong></span> <span class='ocrx_word' id='word_1_143' title='bbox 742 1359 830 1428; x_wconf 84' lang='lat' dir='ltr'><strong>inbuit.</strong></span> 
     </span>
     <span class='ocr_line' id='line_1_18' title="bbox 296 1439 305 1464; baseline 0 0"><span class='ocrx_word' id='word_1_144' title='bbox 296 1439 305 1464; x_wconf 65' lang='grc'>0</span> 
     </span>
    </p>
   </div>
   <div class='ocr_carea' id='block_1_4' title="bbox 293 1717 574 1791">
    <p class='ocr_par' dir='ltr' id='par_1_6' title="bbox 293 1717 574 1791">
     <span class='ocr_line' id='line_1_19' title="bbox 293 1717 574 1791; baseline -0.021 -1"><span class='ocrx_word' id='word_1_145' title='bbox 293 1717 466 1791; x_wconf 75' lang='lat' dir='ltr'>QUAESTIO</span> <span class='ocrx_word' id='word_1_146' title='bbox 487 1717 574 1784; x_wconf 73' lang='lat' dir='ltr'><strong>XCV,</strong></span> 
     </span>
    </p>
   </div>
   <div class='ocr_carea' id='block_1_5' title="bbox 43 1852 829 2005">
    <p class='ocr_par' dir='ltr' id='par_1_7' title="bbox 43 1852 829 2005">
     <span class='ocr_line' id='line_1_20' title="bbox 43 1852 829 1936; baseline -0.013 -15"><span class='ocrx_word' id='word_1_147' title='bbox 43 1869 114 1922; x_wconf 66' lang='lat' dir='ltr'><strong>beon</strong></span> <span class='ocrx_word' id='word_1_148' title='bbox 126 1891 181 1936; x_wconf 77' lang='lat' dir='ltr'><strong>pum</strong></span> <span class='ocrx_word' id='word_1_149' title='bbox 197 1852 301 1923; x_wconf 70' lang='lat' dir='ltr'><strong>attineret</strong></span> <span class='ocrx_word' id='word_1_150' title='bbox 317 1874 348 1918; x_wconf 82' lang='lat' dir='ltr'><strong>od</strong></span> <span class='ocrx_word' id='word_1_151' title='bbox 361 1873 510 1918; x_wconf 74' lang='lat' dir='ltr'><strong>voluntatem</strong></span> <span class='ocrx_word' id='word_1_152' title='bbox 520 1870 601 1929; x_wconf 80' lang='lat' dir='ltr'><strong>primi</strong></span> <span class='ocrx_word' id='word_1_153' title='bbox 614 1865 829 1925; x_wconf 58' lang='lat' dir='ltr'><strong>imbutamentis</strong></span> 
     </span>
     <span class='ocr_line' id='line_1_21' title="bbox 102 1939 752 2005; baseline -0.018 -10"><span class='ocrx_word' id='word_1_154' title='bbox 102 1951 199 1997; x_wconf 75' lang='lat' dir='ltr'><strong>scilicet</strong></span> <span class='ocrx_word' id='word_1_155' title='bbox 214 1952 236 1993; x_wconf 83' lang='lat' dir='ltr'><strong>et</strong></span> <span class='ocrx_word' id='word_1_156' title='bbox 245 1947 362 2005; x_wconf 72' lang='lat' dir='ltr'><strong>justitio,</strong></span> <span class='ocrx_word' id='word_1_157' title='bbox 375 1947 405 1990; x_wconf 81' lang='lat' dir='ltr'><strong>tn</strong></span> <span class='ocrx_word' id='word_1_158' title='bbox 413 1947 520 2003; x_wconf 73' lang='lat' dir='ltr'><strong>quotuor</strong></span> <span class='ocrx_word' id='word_1_159' title='bbox 533 1941 652 1988; x_wconf 78' lang='lat' dir='ltr'><strong>orttootor</strong></span> <span class='ocrx_word' id='word_1_160' title='bbox 664 1939 752 1986; x_wconf 80' lang='lat' dir='ltr'><strong>dicito.</strong></span> 
     </span>
    </p>
   </div>
   <div class='ocr_carea' id='block_1_6' title="bbox 41 2078 835 2658">
    <p class='ocr_par' dir='ltr' id='par_1_8' title="bbox 41 2078 832 2230">
     <span class='ocr_line' id='line_1_22' title="bbox 65 2078 832 2148; baseline -0.017 -8"><span class='ocrx_word' id='word_1_161' title='bbox 65 2089 147 2143; x_wconf 84' lang='lat' dir='ltr'><strong>Deinde</strong></span> <span class='ocrx_word' id='word_1_162' title='bbox 168 2083 362 2142; x_wconf 87' lang='lat' dir='ltr'><strong>considerandum</strong></span> <span class='ocrx_word' id='word_1_163' title='bbox 373 2090 410 2136; x_wconf 88' lang='lat' dir='ltr'><strong>est</strong></span> <span class='ocrx_word' id='word_1_164' title='bbox 422 2086 449 2136; x_wconf 92' lang='lat' dir='ltr'><strong>de</strong></span> <span class='ocrx_word' id='word_1_165' title='bbox 460 2084 497 2134; x_wconf 89' lang='lat' dir='ltr'><strong>his</strong></span> <span class='ocrx_word' id='word_1_166' title='bbox 512 2097 563 2148; x_wconf 79' lang='lat' dir='ltr'><strong>que</strong></span> <span class='ocrx_word' id='word_1_167' title='bbox 578 2081 694 2147; x_wconf 87' lang='lat' dir='ltr'><strong>pertinent</strong></span> <span class='ocrx_word' id='word_1_168' title='bbox 707 2079 735 2130; x_wconf 85' lang='lat' dir='ltr'><strong>ad</strong></span> <span class='ocrx_word' id='word_1_169' title='bbox 750 2078 832 2128; x_wconf 84' lang='lat' dir='ltr'><strong>volun-</strong></span> 
     </span>
     <span class='ocr_line' id='line_1_23' title="bbox 41 2160 816 2230; baseline -0.004 -27"><span class='ocrx_word' id='word_1_170' title='bbox 41 2161 98 2211; x_wconf 80' lang='lat' dir='ltr'><strong>tatem</strong></span> <span class='ocrx_word' id='word_1_171' title='bbox 111 2163 179 2227; x_wconf 90' lang='lat' dir='ltr'><strong>primi</strong></span> <span class='ocrx_word' id='word_1_172' title='bbox 194 2160 303 2211; x_wconf 87' lang='lat' dir='ltr'><strong>hominis.</strong></span> <span class='ocrx_word' id='word_1_173' title='bbox 811 2219 816 2230; x_wconf 93' lang='lat'>.</span> 
     </span>
    </p>

    <p class='ocr_par' dir='ltr' id='par_1_9' title="bbox 41 2223 833 2442">
     <span class='ocr_line' id='line_1_24' title="bbox 65 2223 833 2286; baseline -0.013 -5"><span class='ocrx_word' id='word_1_174' title='bbox 65 2233 89 2282; x_wconf 85' lang='lat' dir='ltr'><strong>Et</strong></span> <span class='ocrx_word' id='word_1_175' title='bbox 101 2237 160 2285; x_wconf 80' lang='lat' dir='ltr'><strong>circa</strong></span> <span class='ocrx_word' id='word_1_176' title='bbox 171 2235 219 2284; x_wconf 86' lang='lat' dir='ltr'><strong>hoc</strong></span> <span class='ocrx_word' id='word_1_177' title='bbox 236 2229 400 2282; x_wconf 84' lang='lat' dir='ltr'><strong>consideranda</strong></span> <span class='ocrx_word' id='word_1_178' title='bbox 417 2231 471 2278; x_wconf 88' lang='lat' dir='ltr'><strong>sunt</strong></span> <span class='ocrx_word' id='word_1_179' title='bbox 483 2227 528 2277; x_wconf 95' lang='lat' dir='ltr'><strong>duo</strong></span> <span class='ocrx_word' id='word_1_180' title='bbox 543 2243 548 2276; x_wconf 78' lang='grc' dir='ltr'><em>ι</em></span> <span class='ocrx_word' id='word_1_181' title='bbox 564 2229 589 2274; x_wconf 86' lang='lat'><strong>1⁰</strong></span> <span class='ocrx_word' id='word_1_182' title='bbox 600 2223 712 2284; x_wconf 83' lang='lat' dir='ltr'><strong>Quidem,</strong></span> <span class='ocrx_word' id='word_1_183' title='bbox 723 2223 751 2272; x_wconf 92' lang='lat' dir='ltr'><strong>de</strong></span> <span class='ocrx_word' id='word_1_184' title='bbox 762 2223 833 2286; x_wconf 77' lang='lat' dir='ltr'><strong>gratia</strong></span> 
     </span>
     <span class='ocr_line' id='line_1_25' title="bbox 41 2294 833 2370; baseline -0.019 -13"><span class='ocrx_word' id='word_1_185' title='bbox 41 2304 152 2367; x_wconf 78' lang='lat' dir='ltr'><strong>etiusdda</strong></span> <span class='ocrx_word' id='word_1_186' title='bbox 168 2305 238 2370; x_wconf 88' lang='lat' dir='ltr'><strong>primi</strong></span> <span class='ocrx_word' id='word_1_187' title='bbox 253 2297 609 2364; x_wconf 77' lang='lat' dir='ltr'><strong>bominis3201ieusujustitiae</strong></span> <span class='ocrx_word' id='word_1_188' title='bbox 625 2299 735 2360; x_wconf 87' lang='lat' dir='ltr'><strong>quantum</strong></span> <span class='ocrx_word' id='word_1_189' title='bbox 751 2295 777 2344; x_wconf 88' lang='lat' dir='ltr'><strong>ad</strong></span> <span class='ocrx_word' id='word_1_190' title='bbox 793 2294 833 2343; x_wconf 92' lang='lat' dir='ltr'><strong>do·</strong></span> 
     </span>
     <span class='ocr_line' id='line_1_26' title="bbox 42 2375 270 2442; baseline 0.018 -22"><span class='ocrx_word' id='word_1_191' title='bbox 42 2376 123 2428; x_wconf 81' lang='lat' dir='ltr'><strong>trinium</strong></span> <span class='ocrx_word' id='word_1_192' title='bbox 134 2391 205 2442; x_wconf 90' lang='lat' dir='ltr'><strong>snper</strong></span> <span class='ocrx_word' id='word_1_193' title='bbox 216 2375 270 2426; x_wconf 82' lang='lat' dir='ltr'><strong>alia.</strong></span> 
     </span>
    </p>

    <p class='ocr_par' dir='ltr' id='par_1_10' title="bbox 42 2439 835 2658">
     <span class='ocr_line' id='line_1_27' title="bbox 65 2439 833 2514; baseline -0.014 -18"><span class='ocrx_word' id='word_1_194' title='bbox 65 2447 125 2498; x_wconf 79' lang='lat' dir='ltr'><strong>Circa</strong></span> <span class='ocrx_word' id='word_1_195' title='bbox 140 2450 242 2514; x_wconf 89' lang='lat' dir='ltr'><strong>primurn</strong></span> <span class='ocrx_word' id='word_1_196' title='bbox 261 2448 391 2510; x_wconf 78' lang='lat' dir='ltr'><strong>queruntur</strong></span> <span class='ocrx_word' id='word_1_197' title='bbox 401 2445 498 2506; x_wconf 85' lang='lat' dir='ltr'><strong>quatuor</strong></span> <span class='ocrx_word' id='word_1_198' title='bbox 510 2457 516 2491; x_wconf 78' lang='grc' dir='ltr'><strong>ι</strong></span> <span class='ocrx_word' id='word_1_199' title='bbox 529 2445 555 2490; x_wconf 77' lang='lat'><strong>1⁰</strong></span> <span class='ocrx_word' id='word_1_200' title='bbox 566 2439 647 2490; x_wconf 88' lang='lat' dir='ltr'><strong>Utrinn</strong></span> <span class='ocrx_word' id='word_1_201' title='bbox 664 2439 750 2502; x_wconf 88' lang='lat' dir='ltr'><strong>primus</strong></span> <span class='ocrx_word' id='word_1_202' title='bbox 766 2439 833 2486; x_wconf 87' lang='lat' dir='ltr'><strong>bomo</strong></span> 
     </span>
     <span class='ocr_line' id='line_1_28' title="bbox 42 2509 833 2581; baseline -0.009 -18"><span class='ocrx_word' id='word_1_203' title='bbox 42 2524 119 2570; x_wconf 81' lang='lat' dir='ltr'><strong>neotus</strong></span> <span class='ocrx_word' id='word_1_204' title='bbox 133 2519 239 2571; x_wconf 79' lang='lat' dir='ltr'><strong>fueritin</strong></span> <span class='ocrx_word' id='word_1_205' title='bbox 254 2517 333 2581; x_wconf 78' lang='lat' dir='ltr'><strong>gretia.</strong></span> <span class='ocrx_word' id='word_1_206' title='bbox 344 2521 371 2566; x_wconf 75' lang='lat'><strong>2⁰</strong></span> <span class='ocrx_word' id='word_1_207' title='bbox 380 2513 461 2566; x_wconf 85' lang='lat' dir='ltr'><strong>Utrbm</strong></span> <span class='ocrx_word' id='word_1_208' title='bbox 470 2513 494 2563; x_wconf 90' lang='lat' dir='ltr'><strong>in</strong></span> <span class='ocrx_word' id='word_1_209' title='bbox 509 2516 568 2562; x_wconf 89' lang='lat' dir='ltr'><strong>statu</strong></span> <span class='ocrx_word' id='word_1_210' title='bbox 581 2509 717 2562; x_wconf 82' lang='lat' dir='ltr'><strong>innocentie</strong></span> <span class='ocrx_word' id='word_1_211' title='bbox 729 2509 833 2558; x_wconf 85' lang='lat' dir='ltr'><strong>habuerit</strong></span> 
     </span>
     <span class='ocr_line' id='line_1_29' title="bbox 42 2579 835 2658; baseline -0.005 -25"><span class='ocrx_word' id='word_1_212' title='bbox 42 2591 112 2642; x_wconf 82' lang='lat' dir='ltr'><strong>animae</strong></span> <span class='ocrx_word' id='word_1_213' title='bbox 121 2593 251 2658; x_wconf 86' lang='lat' dir='ltr'><strong>passiones.</strong></span> <span class='ocrx_word' id='word_1_214' title='bbox 266 2594 291 2638; x_wconf 83' lang='lat'><strong>3⁰</strong></span> <span class='ocrx_word' id='word_1_215' title='bbox 303 2587 383 2638; x_wconf 84' lang='lat' dir='ltr'><strong>Utrbm</strong></span> <span class='ocrx_word' id='word_1_216' title='bbox 395 2585 501 2637; x_wconf 89' lang='lat' dir='ltr'><strong>babuerit</strong></span> <span class='ocrx_word' id='word_1_217' title='bbox 509 2597 591 2636; x_wconf 88' lang='lat' dir='ltr'><strong>omnes</strong></span> <span class='ocrx_word' id='word_1_218' title='bbox 600 2583 704 2632; x_wconf 82' lang='lat' dir='ltr'><strong>uirtutes.</strong></span> <span class='ocrx_word' id='word_1_219' title='bbox 716 2585 743 2630; x_wconf 83' lang='lat' dir='ltr'><strong>t⁰</strong></span> <span class='ocrx_word' id='word_1_220' title='bbox 754 2579 835 2630; x_wconf 82' lang='lat' dir='ltr'><strong>Utrbm</strong></span> 
     </span>
    </p>
   </div>
   <div class='ocr_carea' id='block_1_7' title="bbox 43 2755 836 3016">
    <p class='ocr_par' dir='ltr' id='par_1_11' title="bbox 44 2755 835 2824">
     <span class='ocr_line' id='line_1_30' title="bbox 44 2755 835 2824; baseline -0.01 -20"><span class='ocrx_word' id='word_1_221' title='bbox 44 2772 78 2807; x_wconf 84' lang='lat' dir='ltr'><strong>nec</strong></span> <span class='ocrx_word' id='word_1_222' title='bbox 94 2767 200 2813; x_wconf 82' lang='lat' dir='ltr'><strong>similiter</strong></span> <span class='ocrx_word' id='word_1_223' title='bbox 212 2766 288 2812; x_wconf 83' lang='lat' dir='ltr'><strong>rirurn</strong></span> <span class='ocrx_word' id='word_1_224' title='bbox 309 2765 339 2809; x_wconf 88' lang='lat' dir='ltr'><strong>sit</strong></span> <span class='ocrx_word' id='word_1_225' title='bbox 355 2775 476 2821; x_wconf 69' lang='lat' dir='ltr'><strong>aggressus</strong></span> <span class='ocrx_word' id='word_1_226' title='bbox 497 2766 537 2806; x_wconf 86' lang='lat' dir='ltr'><strong>aut</strong></span> <span class='ocrx_word' id='word_1_227' title='bbox 554 2761 576 2804; x_wconf 87' lang='lat' dir='ltr'><strong>ci</strong></span> <span class='ocrx_word' id='word_1_228' title='bbox 589 2759 730 2814; x_wconf 77' lang='lat' dir='ltr'><strong>collocutus,</strong></span> <span class='ocrx_word' id='word_1_229' title='bbox 747 2755 835 2824; x_wconf 77' lang='lat' dir='ltr'><strong>dicetur</strong></span> 
     </span>
    </p>

    <p class='ocr_par' dir='ltr' id='par_1_12' title="bbox 44 2819 835 2892">
     <span class='ocr_line' id='line_1_31' title="bbox 44 2819 835 2892; baseline -0.024 -16"><span class='ocrx_word' id='word_1_230' title='bbox 44 2824 101 2888; x_wconf 71' lang='lat' dir='ltr'><strong>i¹12,</strong></span> <span class='ocrx_word' id='word_1_231' title='bbox 115 2831 143 2890; x_wconf 74' lang='lat'><strong>2,</strong></span> <span class='ocrx_word' id='word_1_232' title='bbox 157 2827 271 2888; x_wconf 80' lang='lat' dir='ltr'><strong>qu.1d3,</strong></span> <span class='ocrx_word' id='word_1_233' title='bbox 286 2826 367 2886; x_wconf 55' lang='grc' dir='ltr'><strong>ΝΜ,</strong></span> <span class='ocrx_word' id='word_1_234' title='bbox 379 2827 419 2871; x_wconf 91' lang='lat' dir='ltr'><strong>ubi</strong></span> <span class='ocrx_word' id='word_1_235' title='bbox 436 2826 465 2870; x_wconf 86' lang='lat' dir='ltr'><strong>de</strong></span> <span class='ocrx_word' id='word_1_236' title='bbox 479 2823 591 2881; x_wconf 71' lang='lat' dir='ltr'><strong>grauitate</strong></span> <span class='ocrx_word' id='word_1_237' title='bbox 607 2821 726 2892; x_wconf 59' lang='lat' dir='ltr'><strong>utriusque</strong></span> <span class='ocrx_word' id='word_1_238' title='bbox 746 2819 835 2873; x_wconf 82' lang='lat' dir='ltr'><strong>peccatu</strong></span> 
     </span>
    </p>

    <p class='ocr_par' dir='ltr' id='par_1_13' title="bbox 43 2879 836 3016">
     <span class='ocr_line' id='line_1_32' title="bbox 43 2879 836 3002; baseline -0.023 -64"><span class='ocrx_word' id='word_1_239' title='bbox 43 2891 192 3002; x_wconf 41' lang='lat' dir='ltr'><strong>{tremum}</strong></span> <span class='ocrx_word' id='word_1_240' title='bbox 198 2898 223 2938; x_wconf 85' lang='lat' dir='ltr'><strong>ot</strong></span> <span class='ocrx_word' id='word_1_241' title='bbox 237 2886 495 2950; x_wconf 72' lang='lat' dir='ltr'><strong>qu.165‚ert.2‚ubi</strong></span> <span class='ocrx_word' id='word_1_242' title='bbox 512 2886 540 2932; x_wconf 89' lang='lat' dir='ltr'><strong>de</strong></span> <span class='ocrx_word' id='word_1_243' title='bbox 554 2883 689 2944; x_wconf 78' lang='lat' dir='ltr'><strong>congruenti</strong></span> <span class='ocrx_word' id='word_1_244' title='bbox 703 2879 772 2926; x_wconf 86' lang='lat' dir='ltr'><strong>modo</strong></span> <span class='ocrx_word' id='word_1_245' title='bbox 786 2883 836 2923; x_wconf 86' lang='lat' dir='ltr'><strong>ten·</strong></span> 
     </span>
     <span class='ocr_line' id='line_1_33' title="bbox 133 2985 201 3016; baseline -0.015 -13"><span class='ocrx_word' id='word_1_246' title='bbox 133 2985 142 3016; x_wconf 67' lang='lat' dir='ltr'>J</span> <span class='ocrx_word' id='word_1_247' title='bbox 195 2991 201 3002; x_wconf 76' lang='grc' dir='ltr'>ι</span> 
     </span>
    </p>
   </div>
   <div class='ocr_carea' id='block_1_8' title="bbox 0 0 1004 3309">
    <p class='ocr_par' dir='ltr' id='par_1_14' title="bbox 0 0 1004 3309">
     <span class='ocr_line' id='line_1_34' title="bbox 0 0 1004 3309; baseline 0 0"><span class='ocrx_word' id='word_1_248' title='bbox 0 0 1004 3309; x_wconf 95' lang='lat' dir='ltr'><strong> </strong></span> 
     </span>
    </p>
   </div>
  </div>
 </body>
</html>
