1984 3309
138 174 185 220 ιιι
310 176 371 217 uss
387 180 410 229 r,
426 178 519 225 dnm
535 179 630 231 mxv,
646 178 774 219 mm

138 263 182 309 ert.
201 257 243 322 l).
260 256 462 320 litquisidquod
476 256 948 322 estpnuoetpersempuitumbvb-
989 291 991 294 -

140 334 185 380 tute
207 326 378 393 cognoscitiva,
395 330 430 377 est
446 328 564 393 proprium
585 328 637 393 ejus
653 328 781 392 objectum,
802 331 949 385 mnuderan

139 404 214 465 potest
226 414 271 465 quo
283 400 362 450 ordine
373 399 510 450 indivisibile
524 400 662 462 intelligatur
675 399 773 461 iuobis,
791 416 822 452 ex
838 406 896 468 ejus
911 408 949 456 ba·

138 472 242 523 bitndiue
251 472 278 521 ud
289 470 420 535 hujusmodi
430 470 587 534 quidditatem.
595 471 680 521 llicitur
693 474 768 521 summ
777 473 947 527 indivisibile
989 479 991 494 ²

137 544 271 609 tripliciter,
287 547 313 593 ut
326 543 407 593 dicitvrr
418 541 442 591 in
455 542 495 592 lll.
512 544 548 592 De
565 544 663 592 ocimu.
677 544 727 594 lino
738 544 806 595 modo
819 548 887 597 sicut
896 563 953 601 oon-

140 616 228 667 tinuum
245 618 280 665 cst
297 612 518 675 indivisibilem
530 618 567 664 est
585 613 709 665 indivisum
722 616 747 665 in
760 619 828 680 subu,
847 619 913 671 licet
924 621 953 671 sit
989 625 991 688 ξ

138 687 251 738 divisibile
267 687 291 737 in
304 686 412 750 potentia.
428 686 456 736 El
474 686 607 749 huiusmodi
619 684 759 737 indivisibile
775 688 842 751 prius
857 697 901 743 est
917 694 952 743 iu·
989 703 991 706 ·

138 758 256 809 tellectum
270 757 283 807 i
297 757 362 809 nobis
374 756 442 820 quim
458 757 510 821 ejus
527 755 609 807 divisio
615 790 632 820 ,v
641 771 693 820 que
704 761 741 808 est
752 759 777 807 iu
789 765 883 825 partes,
897 766 952 829 quie
989 819 991 824 ,

140 830 239 893 cognitio
250 831 345 881 coniusa
356 834 390 881 est
399 828 460 893 prior
471 827 540 891 quim
552 828 669 893 distincto,
679 832 704 879 ut
716 829 802 881 dicum
811 836 850 882 est
864 835 924 897 (art,
938 841 950 884 3
989 861 991 876 2

140 904 166 951 ad
177 902 208 963 3).
222 902 271 953 llio
283 902 349 953 ruodo
359 901 441 951 dicitur
454 900 616 950 indivisibile
625 900 750 951 secundum
760 903 880 966 speciem,
893 908 953 958 sicut
989 913 991 956 i

140 974 196 1024 ratio
211 972 309 1024 bominis
323 977 358 1022 est
368 973 480 1035 quoddam
494 970 641 1023 indivisibile.
650 974 678 1023 Et
690 975 734 1023 boo
744 974 813 1023 eliam
829 978 907 1030 ruodo
918 981 953 1029 iu·

139 1046 254 1109 divisibile
276 1049 311 1095 est
324 1044 388 1110 pribs
402 1044 558 1107 intellectum,
573 1043 642 1109 quim
656 1044 739 1095 divisio
756 1046 816 1109 ejus
825 1046 852 1097 iu
867 1056 953 1113 partes
989 1077 991 1114 Ι

140 1118 245 1181 redonis,
259 1121 285 1167 ut
297 1115 367 1179 supri
380 1115 461 1173 dictum
474 1121 510 1170 est
523 1117 586 1180 (art.
597 1120 612 1167 3
625 1118 654 1167 ad
667 1116 711 1181 3),
725 1121 750 1167 et
766 1118 864 1181 iterum,
881 1124 953 1186 prins
989 1123 991 1138 ²

140 1189 207 1253 quim
218 1190 346 1240 intellectus
358 1192 478 1252 componet
491 1192 516 1239 et
529 1188 767 1251 dividet,nibrmendo
776 1190 812 1240 vel
825 1197 950 1257 negando.
989 1207 991 1258 ι

140 1264 169 1311 Et
180 1262 251 1326 bujus
264 1261 322 1311 ratio
336 1264 390 1323 est,
404 1259 458 1323 quie
471 1260 603 1323 hujusmodi
618 1261 705 1324 duplex
720 1260 862 1313 indivisibile
879 1266 953 1319 iutel-

140 1332 211 1383 lectds
224 1330 349 1383 secundinm
363 1345 387 1385 sc
401 1331 517 1395 iutelligit,
525 1331 586 1381 sicut
597 1332 714 1396 proprium
726 1332 853 1396 objectum.
866 1336 952 1389 Tertio

141 1406 207 1456 ruodo
227 1404 309 1455 dicitur
328 1402 483 1453 indivisibile
501 1401 562 1466 quod
580 1405 616 1453 est
633 1402 726 1454 omuino
746 1400 906 1471 indivisibile,
928 1415 954 1459 ut
989 1427 991 1430 ·

141 1480 250 1541 prunetum
264 1481 287 1527 et
303 1476 392 1538 unitus,
407 1488 458 1538 que
471 1488 515 1527 nec
529 1477 581 1531 netu
595 1488 638 1525 nec
647 1473 749 1538 potentia
758 1474 905 1529 dividuntur.
923 1483 954 1531 Ει

141 1552 171 1599 lru
173 1548 273 1615 jusmodi
285 1547 421 1599 indivisibile
435 1560 476 1610 per
489 1546 603 1611 posterius
620 1546 762 1609 cognoscitur
775 1560 818 1609 per
829 1549 951 1612 privatio·

142 1634 194 1671 nem
209 1619 336 1669 divisibilis.
347 1619 410 1669 Unde
422 1622 532 1682 punctum
545 1616 656 1681 privative
666 1616 776 1668 diffinitur
788 1634 794 1667 :
805 1636 820 1666 u
831 1620 953 1674 Punctum

142 1696 176 1742 est
189 1692 255 1755 cujus
266 1704 318 1755 pars
330 1706 375 1741 uon
387 1695 429 1741 est.
441 1707 454 1737 u
466 1691 494 1739 nt
511 1690 616 1740 similiter
624 1690 682 1739 ratio
696 1692 772 1739 unius
789 1695 824 1742 est
839 1691 906 1756 quod
921 1698 953 1747 sit

143 1834 196 1897 quie
205 1835 250 1885 tale
262 1832 398 1885 indivisibile
410 1834 479 1883 bebct
488 1834 608 1897 quamdam
619 1832 787 1898 oppositionem
797 1835 884 1885 adrem
898 1852 952 1889 cor-

143 1906 257 1971 porilem,
272 1906 336 1971 cujus
352 1904 500 1971 quidditntem
509 1903 582 1968 primd
593 1917 616 1954 et
626 1917 667 1967 per
677 1918 702 1955 se
713 1904 841 1955 intellectus
852 1908 949 1974 accipit.

142 1978 167 2027 Si
183 1983 259 2030 sutern
282 1978 411 2029 intellectus
429 1981 507 2027 noster
526 1976 665 2040 intelligeret
687 1990 728 2041 per
746 1977 951 2043 perticipationem

144 2050 315 2101 indivisibilium
327 2053 493 2114 separatorum,
506 2052 531 2097 ut
540 2048 650 2098 Platonici
657 2052 800 2113 posuerunt,
811 2057 952 2114 sequeretur

142 2122 203 2186 qudd
216 2121 353 2173 indivisibile
368 2120 499 2182 hujusmodi
513 2123 575 2171 esset
587 2119 660 2183 primb
668 2121 824 2186 intellectum,
840 2122 896 2186 quin
911 2139 951 2176 se·

143 2193 242 2244 cundbm
254 2194 383 2244 Platonicos
393 2192 467 2257 priore
478 2191 542 2255 priirs
552 2191 715 2256 participantur
728 2192 742 2243 ir
754 2194 831 2245 rebus.

175 2267 208 2317 dd
226 2266 325 2329 primum
340 2278 393 2329 ergo
407 2264 541 2324 dicendum,
558 2262 618 2327 quod
631 2263 655 2316 iu
669 2264 801 2327 accipiendo
815 2266 948 2329 scientim,

145 2350 190 2385 non
202 2350 291 2400 semper
300 2335 412 2401 principia
426 2338 450 2385 et
461 2336 573 2385 elementa
581 2340 634 2385 sunt
645 2335 732 2399 priora3
744 2336 798 2401 quia
808 2340 949 2405 quandoque

146 2420 174 2456 ex
188 2407 306 2458 effectibus
319 2406 463 2460 sensibilibus
476 2405 609 2457 devenimus
620 2407 645 2455 in
657 2407 811 2471 cognitionem
822 2409 950 2475 principio-

144 2493 194 2528 rum
206 2483 230 2529 ct
241 2493 359 2529 causarum
371 2478 556 2541 intelligibilium.
569 2479 612 2528 Sed
625 2479 649 2527 in
662 2480 829 2543 complemento
843 2482 951 2534 scientim

146 2564 236 2615 semper
249 2550 344 2601 scientia
352 2550 474 2601 effectuum
483 2550 596 2613 dependet
604 2564 633 2599 ex
643 2549 773 2612 coguitione
780 2551 949 2619 principiorum

146 2626 169 2673 et
184 2622 359 2683 elementorum,
377 2620 443 2685 quie,
461 2625 486 2670 ut
505 2622 590 2673 ibidem
611 2621 666 2674 dicit
681 2622 847 2688 Philosophus,
864 2642 878 2673 u
894 2629 949 2674 tunc

146 2694 264 2757 opinamur
280 2707 322 2745 nos
338 2692 411 2757 scire,
425 2707 478 2743 cunr
495 2693 631 2758 principiale
644 2708 764 2758 possumus
777 2694 802 2744 in
813 2708 897 2747 causas
911 2711 949 2747 re·

149 2768 244 2817 solvere.
258 2782 273 2811 n

178 2837 346 2887 sesecundum
359 2836 494 2899 dicendum,
510 2836 570 2903 qudd
580 2840 688 2907 punctum
702 2852 750 2889 nou
763 2839 856 2903 ponitur
867 2840 892 2891 in
903 2841 949 2891 dil-

147 2908 251 2959 linitioue
267 2908 333 2959 liueae
352 2910 500 2963 communiter
520 2914 624 2975 sumpte.
644 2910 786 2962 Mmiiestum
806 2916 844 2963 est
866 2911 949 2976 enim,
