1984 3309
147 168 196 218 ott
345 173 405 212 rene
422 174 445 221 1,
461 171 553 220 oonsr.
571 171 634 219 cxi,
650 169 707 209 mr.
723 167 761 206 rr.

146 251 265 316 sublinitur
283 249 362 300 uirtmi
379 247 506 300 celestium
524 259 642 312 corporum
658 249 768 308 tanquam
784 241 943 294 excellentiori.
975 294 976 297 ,

146 325 204 386 Ergo
217 335 245 374 er
257 321 392 372 necessitate
410 320 505 370 ellectus
517 317 646 370 coelestium
663 329 784 381 corporum
801 313 912 378 recipitur
927 314 946 362 in

148 393 243 446 mamria
260 391 379 456 corporali.

180 470 202 516 a.
219 465 331 518 preterea
336 501 345 528 ‚
356 461 482 514 deiectus
492 461 592 513 celestis
602 458 703 525 corporis
713 472 761 510 uon
772 472 803 510 ex
816 459 948 510 necessitate

146 536 282 603 proveniat,
296 537 340 586 boc
357 539 391 586 est
403 540 494 600 propter
508 534 606 598 aliquam
616 546 708 584 causam
721 529 902 596 impedientem.
912 532 949 581 Sed

147 608 273 674 quamlibet
290 620 382 658 causam
402 618 545 670 corpoream,
560 618 611 667 que
625 602 736 667 impedire
749 606 832 666 posset
851 604 949 654 eiectum

148 679 247 730 ccelesiis
259 678 375 742 corporis,
389 690 482 726 necesse
496 679 532 726 est
545 673 622 725 reduci
636 673 659 724 in
673 673 765 736 aliquod
782 674 883 725 ooeleste
895 675 949 738 prin·

148 752 233 817 cipium
239 789 248 816 ,
257 750 308 802 clim
318 750 420 800 coelestia
430 761 525 812 corpora
533 747 654 798 siotcausa
663 745 766 796 omnium
774 758 829 810 quae
839 746 882 807 bic
893 747 947 795 imi.

148 823 222 888 Ergo,
237 823 289 874 cim
306 826 329 874 et
347 821 401 874 illud
419 821 510 871 celeste
528 819 666 885 principium
684 817 714 868 sit
731 818 908 881 necessarium,
918 831 949 866 se-

148 895 225 960 quitur
245 893 305 958 qubd
327 905 420 943 necesse
440 891 470 942 sit
487 889 593 954 impediri
614 889 719 939 ellectum
739 888 838 939 dedus
859 888 950 953 corporis

149 965 256 1018 ccelesiis.
273 963 302 1014 Et
312 962 345 1014 sic
354 963 490 1026 omniaque
502 961 541 1013 bic
549 961 699 1024 coutinqrmt‚
712 973 741 1010 ex
752 960 896 1012 necessitate
909 973 951 1010 eue-

150 1037 224 1087 minut.

181 1107 227 1157 Sed
240 1109 317 1157 contra
336 1107 380 1166 eol,
391 1104 452 1169 quod
465 1104 618 1168 Philosophus
627 1102 682 1154 dicit
693 1102 718 1152 in
727 1101 767 1152 lib.
780 1104 819 1152 De
833 1119 923 1154 somno
933 1110 952 1152 et

150 1179 232 1244 viq-il„
244 1177 305 1242 qubd
319 1189 418 1240 cneque
433 1189 512 1226 eorum
522 1189 574 1238 que
585 1175 612 1224 iu
624 1173 758 1240 corporibus
774 1179 831 1224 suut
843 1176 951 1240 adquorum

151 1249 292 1313 coelestium,
313 1249 377 1300 uelut
400 1261 510 1312 aquarum
529 1250 553 1298 et
575 1250 708 1309 mmmmm,
730 1245 908 1300 mcoureniens
927 1257 952 1298 esi

152 1323 224 1374 multa
236 1334 281 1372 uon
292 1319 392 1371 euenire.
410 1335 424 1366 »
435 1317 473 1368 Sic
489 1332 544 1381 erqo
558 1331 603 1368 uon
620 1330 700 1368 omnes
713 1317 812 1368 eiectus
831 1320 952 1373 coelestim

150 1405 270 1458 oorpomm
280 1405 309 1442 ex
323 1389 454 1442 necessitate
466 1386 585 1441 eueniunt
844 1421 855 1440 ,

186 1465 345 1530 (Coucuusuo.
354 1461 443 1512 -Non
457 1460 535 1511 omnia
551 1474 602 1524 qua
620 1460 645 1510 in
660 1459 698 1510 bis
711 1459 864 1512 interioribus
882 1461 898 1512 ir
915 1475 953 1511 cor·

153 1535 246 1601 poribus
257 1535 386 1586 celestibus
399 1532 470 1597 flunt,
486 1533 515 1582 de
527 1532 664 1582 necessitate
677 1531 812 1595 eueniunt.)

184 1608 320 1672 despondeo
330 1606 459 1667 dicendum,
470 1603 531 1668 qnbd
540 1604 585 1655 ista
595 1603 689 1669 questio
699 1603 782 1669 partim
792 1605 890 1668 quidem
898 1608 953 1657 abso

152 1681 200 1732 luta
213 1685 247 1730 est
256 1678 379 1730 secundum
390 1677 523 1742 premissa,
534 1676 617 1742 partim
625 1680 701 1729 numm
711 1676 878 1728 difficultatem
884 1679 952 1728 babet.

153 1752 275 1801 osteusom
292 1749 353 1800 enim
364 1755 400 1800 est
415 1751 474 1814 (art.
496 1748 542 1813 i),
561 1748 622 1812 qubd
639 1748 744 1812 quamvis
759 1761 789 1798 ex
805 1747 952 1814 impressione

153 1835 272 1887 corpomm
290 1821 414 1873 coelestium
430 1822 485 1871 dunt
499 1821 580 1885 atique
593 1821 755 1872 inclinationes
771 1820 797 1870 in
811 1827 897 1872 natura
911 1836 954 1872 cor-

153 1895 238 1961 porali,
251 1897 358 1946 voluutas
373 1900 450 1946 tamen
464 1907 510 1944 non
526 1907 556 1944 ex
570 1893 708 1944 necessitate
722 1893 827 1957 sequitur
838 1897 882 1945 bns
896 1895 955 1944 incli-

153 1968 271 2032 nationem
290 1972 314 2018 et
330 1967 381 2018 ideo
399 1965 457 2016 nibil
481 1965 586 2028 probibet
604 1978 646 2029 per
670 1965 825 2016 uoluntariam
846 1965 955 2016 actionem

154 2040 260 2104 impediri
269 2039 375 2092 eductum
385 2035 511 2087 coelestium
522 2049 656 2100 corporum,
668 2050 715 2086 oon
728 2033 804 2086 solim
814 2035 841 2086 in
854 2036 907 2101 ipso
920 2039 956 2086 bo·
974 1982 976 2093 i

154 2111 230 2176 mine,
244 2112 283 2162 sed
297 2109 366 2161 etium
376 2109 402 2158 iu
415 2107 465 2158 aliis
481 2107 589 2158 rebusad
607 2120 664 2172 quas
683 2107 806 2159 bominum
818 2108 923 2172 operatio
937 2120 956 2156 se
974 2134 976 2139 ·

155 2184 265 2236 extendit.
280 2183 323 2234 Sed
338 2181 425 2238 nullum
438 2179 483 2230 tale
496 2179 634 2244 principium
645 2179 799 2252 inueniturin
816 2181 885 2231 rebus
895 2186 956 2230 netu·
974 2170 976 2249 ξ

155 2255 249 2318 rudibus,
258 2256 318 2320 quod
329 2253 411 2304 babeat
424 2251 553 2302 libertatem
566 2251 677 2316 sequendi
689 2253 725 2302 uel
736 2265 784 2302 non
796 2253 909 2316 sequendi
919 2252 957 2300 im·
974 2252 976 2317 l

154 2327 285 2390 pressiones
298 2326 421 2376 coelestes:
437 2325 497 2375 unde
516 2321 606 2375 uidetur
624 2322 685 2388 qudd
702 2323 727 2373 in
739 2323 826 2375 talibus
841 2325 871 2374 ad
886 2323 957 2372 miuus
974 2322 976 2425 q

157 2398 233 2448 omnia
251 2412 280 2449 ex
297 2397 433 2450 necessitate
456 2397 603 2460 proueniant,
623 2395 747 2447 secundbm
763 2397 883 2461 antiquam
905 2409 957 2458 quo-

157 2469 259 2518 rumdam
276 2471 399 2532 rationem,
414 2469 453 2533 qui
475 2475 627 2534 supponentes
647 2482 714 2519 omne
733 2470 794 2534 quod
818 2474 855 2519 eut
871 2481 956 2519 causum

157 2539 252 2597 babere;
263 2546 286 2591 ct
301 2539 370 2605 quod,
385 2538 459 2606 positu
469 2554 547 2603 causa,
559 2555 588 2593 ex
597 2540 733 2592 necessitate
747 2539 841 2604 ponitur
856 2540 956 2593 effectus.

156 2611 322 2662 concludebant
340 2611 401 2676 qudd
422 2612 497 2662 omniu
517 2627 546 2667 ex
566 2613 702 2664 necesitate
723 2612 867 2676 mutingant.
889 2611 957 2668 Quam

53 2681 54 2686 ’
156 2683 248 2747 quidem
259 2680 389 2745 opinionem
404 2684 495 2748 repellit
513 2684 648 2735 Aristoteles
663 2685 687 2735 in
704 2685 744 2734 vt.
760 2687 912 2748 metaphys..
924 2697 958 2730 se-

156 2753 256 2805 cundum
266 2755 370 2818 duoque
380 2755 425 2818 ipsi
436 2761 574 2822 supponunt.
585 2757 685 2806 Primum
695 2756 757 2808 enim
768 2771 817 2806 non
825 2761 863 2806 est
870 2768 957 2804 rerum.

155 2824 217 2892 qndd
227 2824 300 2890 posita
315 2837 449 2888 quacunque
463 2839 545 2889 causa,
556 2838 651 2879 necesse
665 2827 695 2878 sit
705 2827 812 2879 ellectum
825 2825 896 2892 poni;
905 2832 957 2874 sunt

155 2897 216 2946 enim
229 2895 334 2962 quedam
347 2905 420 2947 cause
434 2912 484 2960 qum
495 2898 628 2951 ordinantur
637 2901 666 2953 ad
680 2913 735 2953 euos
748 2900 861 2962 effectus,
870 2911 916 2950 oon
929 2912 957 2944 cu
