1984 3309
139 148 184 193 eta
335 153 395 191 runs
412 154 433 204 l,
451 152 543 197 onnsr.
561 152 633 204 reru,
650 152 706 191 aar.
722 152 747 191 v.

140 249 154 279 n
166 234 216 283 Una
229 234 265 283 est
280 234 367 283 saneta
386 228 504 282 Trinitatis
519 228 672 281 essentialiter
688 228 795 280 lisimas
806 232 832 282 ot
846 229 936 293 imago,

139 304 247 367 adquam
259 302 334 353 iaetus
343 306 377 355 est
392 302 470 353 homo.
481 318 496 349 o
511 301 540 351 Et
552 300 653 353 Hilarius
661 300 687 353 in
699 302 728 350 T.
737 302 775 351 De
789 302 868 361 Tite„
881 300 936 351 aicit

139 377 200 442 qnod
213 379 303 429 «homo
313 378 338 427 lit
350 378 378 427 ael
388 390 532 429 communem
543 375 659 427 Trinitatis
667 375 801 439 imaginem.
813 377 938 439 »Estengo

139 451 165 501 in
178 450 270 503 homine
281 451 358 514 imago
369 448 411 503 liei
423 452 534 514 quantum
547 450 577 499 al
585 448 722 510 moenium,
735 455 759 500 et
769 462 816 500 non
829 453 938 514 quantum

139 522 168 573 ad
180 520 311 573 Trinitatem
323 534 480 587 personarum.

171 598 194 644 ι.
209 595 333 656 Preterea,
345 594 370 644 in
385 593 425 644 lib.
442 594 478 643 De
490 592 573 643 eccles.
584 592 683 657 dogne,
700 591 782 643 dieitur
790 592 855 657 quod
865 593 938 656 imago

139 665 179 717 liei
193 665 318 717 attenditur
328 666 354 717 in
368 664 460 717 homine
473 663 598 717 seeundum
610 664 769 716 eternitatem.
787 665 940 716 Damaseenns

139 737 209 788 etiem
226 738 280 789 dicit
295 738 355 803 quid
368 754 382 785 u
392 736 508 793 homiuem
521 750 573 787 esse
584 736 613 786 ad
624 736 747 801 imaginem
757 736 814 796 liei,
826 736 940 801 signilioat

139 809 323 875 intellectualem,
338 814 361 863 et
372 808 465 861 arbitrio
478 808 589 869 liberum,
605 814 629 858 et
639 823 680 872 per
694 822 719 859 se
737 808 913 872 onustativum.
927 824 939 854 r

138 884 259 947 Gregorius
274 882 343 934 etiam
360 883 478 945 Nyssenus
491 880 563 942 dicit,
581 878 644 943 quaid
661 896 676 927 u
691 878 744 931 oium
756 880 876 944 Scriptura
888 878 941 931 lixit

139 954 254 1005 hominem
271 953 358 1003 laetum
369 954 397 1003 ad
411 952 534 1015 imaginem
546 950 600 1011 liei,
615 952 659 1001 tale
673 954 710 1002 est
725 965 753 1000 ao
765 950 787 1001 si
799 951 889 1002 diseret
901 953 942 1000 hu·

140 1040 230 1077 manem
246 1029 348 1075 naturam
360 1024 434 1074 omnis
447 1023 504 1077 boni
515 1024 599 1074 laeam
610 1036 660 1082 esse
673 1023 818 1087 participem.
828 1023 942 1074 monitam

139 1098 200 1149 euim
211 1096 327 1161 plenitudo
338 1095 446 1145 diuinitas
456 1098 500 1146 est.
511 1112 525 1142 o
533 1096 587 1145 llaec
596 1099 672 1145 autem
680 1094 757 1145 omnia
766 1107 813 1148 non
824 1095 942 1158 pertinent

139 1172 167 1221 ad
178 1166 347 1221 distinctionem
360 1181 520 1238 personarum,
531 1167 571 1217 sed
580 1166 653 1229 magis
665 1168 694 1216 ed
705 1165 811 1229 essentie
817 1166 940 1217 unitatem.

139 1244 198 1306 Ergo
211 1239 338 1293 innomine
353 1245 389 1291 est
400 1242 475 1304 imago
488 1239 543 1301 Dei,
551 1253 597 1290 non
611 1236 735 1291 monialium
745 1237 883 1290 Trinitatem
892 1252 944 1303 per·

139 1326 254 1377 mnarum,
267 1314 306 1364 sed
320 1311 444 1363 seouudirm
465 1310 574 1362 essentie
588 1308 708 1361 unitatem.

171 1390 194 1434 3.
202 1387 322 1449 Praeterea,
331 1384 406 1449 imago
413 1383 476 1435 duell
486 1382 671 1447 incognitionem
678 1382 728 1445 ejus
736 1378 804 1444 eujus
812 1382 850 1431 est
857 1381 941 1445 imago.

139 1457 163 1508 Si
177 1456 245 1521 igitur
256 1457 280 1507 in
293 1456 385 1507 homine
399 1460 434 1507 est
447 1456 521 1519 imago
533 1455 574 1505 liei
595 1452 720 1505 meantem
741 1452 880 1503 Trinitatem
893 1469 944 1520 per·

141 1542 262 1591 sonarum,
275 1526 326 1577 cium
343 1529 410 1579 homo
423 1541 464 1592 per
474 1527 599 1577 uatmalem
611 1525 723 1576 rationem
736 1523 838 1587 seipsum
848 1538 944 1589 eognos-

140 1615 194 1653 oere
204 1600 290 1666 possit,
299 1604 430 1663 sequeretur
437 1599 499 1664 quod
510 1614 552 1667 per
562 1599 689 1649 naturalem
699 1595 856 1659 cognitionem
866 1601 945 1661 posset

140 1674 208 1723 honio
222 1684 357 1735 cognoscere
370 1672 503 1723 Trinitatem
516 1670 644 1722 munerum
656 1680 804 1733 personarum
815 1682 822 1716 ε
833 1668 898 1731 quod
911 1673 945 1719 εει

140 1744 240 1803 falsum,
254 1748 280 1792 ut
294 1742 362 1807 sopri
378 1748 495 1795 ostensum
508 1742 608 1807 est(qu.
619 1746 664 1804 tt,
678 1743 720 1790 art.
732 1738 769 1804 l).

174 1818 195 1865 ι.
211 1816 430 1878 Praeterea,nomeu
440 1814 548 1877 imaginis
557 1827 603 1863 non
612 1812 706 1864 cuilibet
714 1811 785 1861 trium
793 1824 946 1874 personarum

141 1887 263 1949 convenit,
273 1887 313 1937 sed
326 1887 369 1937 soli
376 1886 441 1937 Titio.
451 1884 511 1936 llicit
517 1886 580 1937 enim
591 1884 732 1949 Augustinus
742 1883 767 1932 in
776 1883 815 1932 Vl.
824 1884 864 1932 De
876 1884 944 1933 Tru'n.

141 1958 200 2024 (rap.
216 1958 250 2023 a),
265 1958 325 2023 qnid
343 1976 356 2007 u
367 1960 429 2010 solus
445 1956 519 2008 Titius
534 1962 570 2008 est
580 1957 656 2021 imago
672 1954 754 2007 Patris.
772 1972 786 2003 o
801 1954 827 2005 Si
837 1955 909 2019 igitur
923 1956 947 2006 in

141 2031 234 2083 homine
245 2030 399 2083 attenderetur
407 2029 448 2081 liei
460 2030 536 2093 imago
545 2028 670 2080 sectantium
679 2040 813 2091 personam,
824 2040 873 2079 nou
881 2032 946 2080 esset

141 2102 164 2153 iu
176 2102 268 2153 homine
284 2102 358 2166 imago
374 2102 444 2152 totius
457 2100 582 2161 Trinitatis,
596 2102 637 2151 sed
648 2100 701 2149 Filii
711 2098 810 2152 tantum.

173 2176 218 2227 Sed
233 2178 312 2226 eontra
321 2179 368 2235 est,
381 2174 440 2238 quod
454 2173 554 2225 Hilarius
566 2172 660 2223 dioitin
673 2172 713 2222 lt.
724 2179 757 2221 lle
772 2171 862 2222 Tria:
877 2186 891 2221 u
902 2171 947 2221 Per

142 2250 186 2298 hoo
201 2247 262 2312 qued
277 2249 348 2300 homo
357 2246 440 2297 dieitur
454 2246 482 2301 ad
496 2245 620 2310 imaginem
629 2243 770 2307 estractus,
780 2242 885 2297 ostendit
894 2244 947 2314 ptu-

142 2320 254 2370 natitatem
268 2319 396 2369 divinarum
406 2331 564 2383 personarum.
577 2334 591 2365 o

177 2389 442 2453 (Conconne—Cim
450 2389 474 2439 in
483 2390 534 2454 ipso
545 2389 591 2439 lte'o
600 2402 646 2440 una
656 2388 739 2439 existat
747 2387 947 2439 naturaintrilous
978 2390 980 2394 ’

142 2463 260 2527 personis,
284 2461 404 2512 dioeudnm
420 2464 456 2510 est
474 2461 499 2509 in
518 2460 678 2511 nomioe‘esse
700 2457 824 2523 imaginem
847 2461 903 2524 liei,
924 2465 947 2510 et

143 2538 251 2599 quantum
263 2534 291 2584 ad
305 2537 410 2584 naturam
419 2533 536 2596 divinam,
550 2537 574 2583 et
584 2535 693 2597 quantum
703 2533 732 2582 ad
744 2530 882 2599 Trinitatem
893 2546 947 2598 per-

144 2605 275 2671 sonarum.)

174 2678 309 2742 ltespondeo
319 2678 448 2739 dicendum,
460 2676 520 2741 quod
534 2676 592 2727 siout
599 2676 668 2741 sopri
680 2676 784 2727 habitum
796 2680 832 2728 est
842 2678 892 2744 (qu.
907 2682 946 2741 to,

144 2754 186 2803 art.
199 2750 233 2815 ι),
244 2750 360 2801 distinctio
369 2748 497 2801 mainerum
506 2762 654 2815 personarum
662 2764 710 2799 nou
720 2753 756 2799 est
763 2748 809 2800 nisi
819 2750 945 2801 monadum

144 2822 268 2885 originem,
279 2823 316 2873 vel
330 2819 407 2885 potiirs
416 2820 541 2872 secundum
554 2822 677 2873 relationes
685 2820 789 2885 originis.
803 2823 857 2873 lton
869 2826 946 2873 numm

145 2894 204 2945 idem
215 2897 249 2945 est
258 2892 474 2957 modusoriginisln
487 2891 608 2957 omnitus3
619 2895 660 2947 set
671 2893 753 2947 modus
759 2891 858 2958 originis
866 2893 946 2947 unius·
