1984 3309
234 156 266 195 D!
281 154 368 195 cautas
383 154 520 197 ΡΑΕΒῙΟΚΠΙ
534 156 566 194 ΑΒ
581 154 689 197 imm.
815 150 861 196 945

63 249 115 301 que
128 236 183 287 sunt
195 232 328 294 irascibilis,
345 235 370 282 ut
382 233 410 283 ab
423 232 469 285 illis
480 232 592 297 originem
603 232 716 296 babeant,
732 237 756 284 et
768 236 797 285 ad
810 234 861 287 illas

61 305 240 370 terminentur.)

92 379 231 443 Respondeo
251 377 389 439 dicendum,
409 376 470 441 qudd
491 377 611 442 passiones
630 379 812 442 concupiscibilis
833 382 861 431 ad

62 453 128 515 plara
139 464 164 501 se
177 450 262 500 babent
271 448 339 511 quam
352 448 471 513 passiones
480 448 608 499 irascibilis.
617 450 674 499 Nam
683 450 708 499 in
717 450 862 513 passionibus

61 520 245 587 concupiscibilis
257 520 373 571 invenitur
383 519 468 584 aliquid
478 520 596 584 pertinens
606 522 635 571 ad
645 524 742 585 motum,
753 522 813 573 sicut
823 524 862 574 de-

58 593 186 654 siderium,
204 597 228 643 et
243 592 328 655 ,aliquid
347 590 463 655 pertinens
475 592 503 641 ad
516 589 630 655 quietem,
647 593 708 643 sicut
720 594 826 657 gaudium
838 598 863 645 et

57 666 165 715 tristitia.
179 665 223 715 Sed
243 664 267 713 iu
284 663 427 728 passionibus
437 662 572 713 'irascibilis
589 677 635 714 non
649 664 764 715 invenitur
779 665 863 728 abqnid

58 737 181 801 pertineas
193 737 221 786 ad
238 734 347 798 quietern,
362 735 401 784 sed
417 732 489 784 solium
506 733 623 797 pertinens
639 736 667 785 ad
678 740 772 786 motum.
791 738 863 801 Cujus

59 806 121 857 ratio
132 810 180 869 est,
192 806 246 870 quia
258 805 282 855 id
296 805 321 854 in
334 818 379 867 quo
391 806 438 869 janr
457 804 588 866 quiescitur,
603 818 650 855 non
665 806 737 855 babet
750 808 862 859 rationem

57 875 163 929 difficilis
175 890 217 927 seu
226 876 290 927 ardui
299 915 305 937 ,
315 877 374 939 quod
385 880 420 926 est
434 876 549 939 objectum
560 876 693 940 irascibilis,
705 878 770 940 quies
787 883 863 929 autem

57 950 113 1001 ciam
131 948 162 999 sit
174 949 226 999 linis
244 948 333 1011 motis,
349 952 385 999 est
394 948 456 1012 prior
466 946 490 997 iu
505 948 631 998 intentione
637 985 645 1011 ,
657 948 697 998 sed
715 949 826 1013 posterior
838 950 862 999 in

58 1017 209 1073 executione.
226 1020 250 1070 Si
265 1032 319 1083 ergo
333 1023 491 1083 comparentur
505 1018 624 1083 passiones
634 1019 756 1070 nascibilis
768 1020 797 1070 ad
809 1031 862 1084 pas-

58 1093 141 1143 siones
159 1090 341 1156 concupiscibilis
352 1104 402 1155 quae
416 1090 545 1155 significant
555 1090 657 1155 quictem
669 1090 695 1139 in
708 1091 778 1155 bono,
790 1092 864 1140 mani-

54 1164 119 1214 feste
138 1161 257 1226 passiones
271 1162 390 1213 irascibilis
404 1162 536 1226 praecedunt
550 1163 630 1212 ordine
649 1162 803 1224 executionis,
818 1164 864 1213 hu-

56 1233 165 1300 jusmodi
173 1233 290 1297 passiones
300 1233 492 1297 concupiscibilis,
502 1233 561 1282 sicut
567 1246 619 1297 spes
628 1234 736 1297 praecedit
743 1234 862 1295 gaudiam:

59 1306 124 1356 unde
136 1308 215 1355 causat
228 1304 311 1369 ipsum,
319 1304 444 1357 secunddm
455 1305 510 1355 illud
522 1306 631 1368 Apostoli,
641 1308 721 1362 llcm,
729 1306 782 1355 llll:
795 1322 808 1352 c
818 1306 864 1369 Spe

60 1378 198 1442 gaudentes.
217 1392 230 1422 rr
241 1378 286 1427 Sed
300 1377 376 1441 passio
389 1376 571 1441 concupiscibilis
589 1376 714 1439 importans
726 1376 828 1440 quietem
838 1376 863 1427 iu

59 1449 133 1509 analo,
147 1448 233 1499 scilicet
246 1446 351 1509 tristitia,
366 1448 441 1497 media
458 1451 493 1497 est
506 1447 566 1497 iuter
582 1447 638 1496 duas
653 1447 770 1510 passiones
783 1448 864 1498 irasci-

58 1518 115 1569 bilis
134 1533 140 1567 :
156 1518 260 1581 sequitur
278 1518 339 1569 eninr
361 1519 477 1581 timorem,
491 1516 543 1569 cirm
563 1517 624 1567 enim
640 1518 763 1569 occurrerit
779 1519 863 1569 malum

56 1590 122 1654 quod
132 1588 263 1653 timebatur,
274 1592 381 1640 causatum
394 1589 497 1653 tristitia3
509 1588 617 1653 procedit
627 1593 703 1639 antem
714 1593 800 1640 motum
812 1590 861 1654 ire,

58 1660 117 1726 qnia
132 1659 184 1711 edm
198 1674 226 1711 ex
237 1660 328 1711 tristitia
341 1661 483 1725 precedente
493 1660 684 1724 aliquisinsurgit
694 1659 861 1723 invindictam,

55 1736 104 1785 boc
121 1732 220 1796 pertinet
236 1733 265 1782 ad
287 1736 374 1784 motum
388 1733 440 1796 irae;
460 1736 483 1783 et
499 1734 553 1797 quia
571 1734 694 1797 rependere
717 1733 789 1783 uicem
809 1733 863 1783 mali

58 1803 239 1868 apprehenditur
253 1806 278 1853 ut
296 1804 463 1868 bonum,ci1m
482 1806 553 1855 iratus
568 1807 611 1856 boc
630 1809 765 1857 consecutus
782 1805 863 1869 fucrit,

57 1875 154 1938 gaudet.
165 1875 194 1925 ut
207 1875 241 1925 sic
249 1875 395 1935 manifestum
402 1878 438 1926 est
445 1876 506 1939 qnod
517 1876 592 1926 omnis
601 1877 677 1939 passio
686 1876 806 1927 irascibilis
818 1880 864 1927 ter-

58 1947 162 1997 minatur
174 1946 202 1996 ad
213 1946 343 2010 passionem
355 1946 539 2009 concupiscibilis
550 1946 703 2010 pertinentem
714 1948 742 1997 ad
753 1946 864 2010 quietem,

57 2016 150 2068 scilicet
163 2018 200 2068 vel
215 2020 243 2068 ad
263 2018 368 2082 gaudium
387 2016 423 2067 vel
437 2019 466 2067 ad
480 2017 603 2066 tristitiam.
616 2018 660 2067 Sed
675 2016 695 2066 si
708 2021 865 2081 comparentur

58 2089 185 2154 passiones
196 2089 313 2140 irascibilis
323 2090 352 2141 ad
361 2088 479 2153 passiones
490 2087 671 2153 concupiscibilis
679 2102 730 2152 quae
741 2087 865 2151 important

60 2164 166 2220 motum,
181 2160 213 2211 sic
226 2160 346 2211 manifeste
364 2159 480 2225 passiones
499 2159 678 2224 concupiscibilis
697 2164 750 2209 sunt
762 2158 864 2223 priores,

59 2245 89 2282 eo
104 2230 166 2295 qudd
187 2232 304 2295 passiones
319 2232 441 2283 irascibilis
458 2232 545 2283 addunt
560 2244 629 2295 supra
643 2230 762 2294 passiones
777 2243 865 2280 concu-

59 2300 188 2367 piscibilis,
208 2302 265 2352 sicut
282 2305 306 2353 et
327 2303 440 2366 objectum
454 2302 572 2353 irascibilis
584 2302 646 2351 addit
663 2314 732 2365 supra
751 2301 865 2365 objectum

60 2373 247 2437 concupiscibilis
260 2375 394 2425 arduitatem
409 2374 458 2425 siue
472 2374 640 2424 difficultatem.
651 2372 708 2435 Spes
719 2373 781 2422 enim
797 2384 865 2436 supra

62 2444 204 2495 desiderium
213 2445 274 2495 addit
289 2447 408 2509 quemdam
422 2448 536 2506 miratum,
550 2448 574 2493 et
583 2443 704 2507 quamdam
715 2444 865 2495 elevationem

61 2515 135 2565 animi
157 2516 186 2565 ad
201 2518 385 2580 consequendum
400 2517 486 2567 bonum
506 2518 599 2565 arduum
619 2531 625 2563 :
645 2519 669 2565 et
682 2515 784 2566 similiter
797 2514 866 2564 timor

61 2587 126 2639 addit
135 2600 203 2650 supra
217 2589 292 2651 lugam
307 2602 347 2638 seu
360 2588 555 2638 abominationem
563 2588 684 2649 quamdam
694 2585 865 2651 depressionem

57 2656 135 2709 animi
154 2662 245 2722 propter
258 2659 414 2709 difficultatem
428 2658 490 2708 mali.
506 2659 543 2708 Sic
553 2671 607 2721 ergo
618 2658 735 2722 passiones
745 2654 865 2705 accubitis

61 2727 148 2781 medice
173 2733 228 2779 suut
249 2730 308 2781 inter
331 2729 447 2795 passiones
467 2728 649 2794 concupiscibilis
670 2742 720 2792 qua
742 2726 866 2789 important

60 2804 151 2853 motum
165 2799 190 2849 in
200 2800 285 2851 bonum
296 2801 333 2852 vel
346 2800 370 2849 in
387 2800 484 2861 malum,
502 2804 526 2850 et
538 2800 598 2850 inter
611 2798 729 2864 passiones
741 2796 864 2861 concupis-

61 2871 139 2923 cibilis
149 2884 200 2935 que
212 2871 334 2937 important
345 2870 446 2937 quietern
455 2870 480 2925 in
490 2872 551 2925 bono
562 2870 746 2927 ramnusia
756 2869 790 2922 sic
798 2871 862 2933 patet
921 2904 926 2910 .
