<?xml version="1.0" encoding="UTF-8"?>
<!DOCTYPE html PUBLIC "-//W3C//DTD XHTML 1.0 Transitional//EN"
    "http://www.w3.org/TR/xhtml1/DTD/xhtml1-transitional.dtd">
<html xmlns="http://www.w3.org/1999/xhtml" xml:lang="en" lang="en">
 <head>
  <title>
</title>
<meta http-equiv="Content-Type" content="text/html;charset=utf-8" />
  <meta name='ocr-system' content='tesseract 3.04.00' />
  <meta name='ocr-capabilities' content='ocr_page ocr_carea ocr_par ocr_line ocrx_word'/>
</head>
<body>
  <div class='ocr_page' id='page_1' title='image "./summatheologica00nicogoog_0432.png"; bbox 0 0 1984 3309; ppageno 0'>
   <div class='ocr_carea' id='block_1_1' title="bbox 137 186 847 234">
    <p class='ocr_par' dir='ltr' id='par_1_1' title="bbox 137 186 847 234">
     <span class='ocr_line' id='line_1_1' title="bbox 137 186 847 234; baseline 0.01 -7"><span class='ocrx_word' id='word_1_1' title='bbox 137 191 171 227; x_wconf 82' lang='lat' dir='ltr'>ua</span> <span class='ocrx_word' id='word_1_2' title='bbox 184 191 368 230; x_wconf 79' lang='lat' dir='ltr'>aaarrnnnrnus</span> <span class='ocrx_word' id='word_1_3' title='bbox 380 191 412 229; x_wconf 84' lang='lat' dir='ltr'>au</span> <span class='ocrx_word' id='word_1_4' title='bbox 426 192 641 232; x_wconf 82' lang='lat' dir='ltr'>consunvarrouau</span> <span class='ocrx_word' id='word_1_5' title='bbox 656 195 756 234; x_wconf 80' lang='lat' dir='ltr'>sescum.</span> <span class='ocrx_word' id='word_1_6' title='bbox 804 186 847 234; x_wconf 74' lang='lat' dir='ltr'>tat</span> 
     </span>
    </p>
   </div>
   <div class='ocr_carea' id='block_1_2' title="bbox 45 264 849 482">
    <p class='ocr_par' dir='ltr' id='par_1_2' title="bbox 45 264 849 482">
     <span class='ocr_line' id='line_1_2' title="bbox 45 264 848 336; baseline 0.01 -21"><span class='ocrx_word' id='word_1_7' title='bbox 45 264 100 316; x_wconf 80' lang='lat' dir='ltr'>tero</span> <span class='ocrx_word' id='word_1_8' title='bbox 114 265 211 331; x_wconf 77' lang='lat' dir='ltr'>passiua</span> <span class='ocrx_word' id='word_1_9' title='bbox 219 267 244 316; x_wconf 89' lang='lat' dir='ltr'>in</span> <span class='ocrx_word' id='word_1_10' title='bbox 252 267 359 330; x_wconf 82' lang='lat' dir='ltr'>immina,</span> <span class='ocrx_word' id='word_1_11' title='bbox 369 273 455 321; x_wconf 80' lang='lat' dir='ltr'>naturae</span> <span class='ocrx_word' id='word_1_12' title='bbox 466 271 521 321; x_wconf 89' lang='lat' dir='ltr'>ordo</span> <span class='ocrx_word' id='word_1_13' title='bbox 531 271 649 334; x_wconf 79' lang='lat' dir='ltr'>exigit,ut</span> <span class='ocrx_word' id='word_1_14' title='bbox 658 273 686 322; x_wconf 85' lang='lat' dir='ltr'>ad</span> <span class='ocrx_word' id='word_1_15' title='bbox 696 273 848 336; x_wconf 83' lang='lat' dir='ltr'>generandum</span> 
     </span>
     <span class='ocr_line' id='line_1_3' title="bbox 45 338 849 410; baseline 0.01 -22"><span class='ocrx_word' id='word_1_16' title='bbox 45 338 185 389; x_wconf 78' lang='lat' dir='ltr'>munaciant</span> <span class='ocrx_word' id='word_1_17' title='bbox 196 353 237 403; x_wconf 82' lang='lat' dir='ltr'>per</span> <span class='ocrx_word' id='word_1_18' title='bbox 249 339 335 390; x_wconf 82' lang='lat' dir='ltr'>coitum</span> <span class='ocrx_word' id='word_1_19' title='bbox 340 353 395 390; x_wconf 85' lang='lat' dir='ltr'>mas</span> <span class='ocrx_word' id='word_1_20' title='bbox 405 345 429 391; x_wconf 85' lang='lat' dir='ltr'>et</span> <span class='ocrx_word' id='word_1_21' title='bbox 442 341 545 392; x_wconf 78' lang='lat' dir='ltr'>immina.</span> <span class='ocrx_word' id='word_1_22' title='bbox 560 341 627 393; x_wconf 78' lang='lat' dir='ltr'>alliud</span> <span class='ocrx_word' id='word_1_23' title='bbox 638 347 712 394; x_wconf 86' lang='lat' dir='ltr'>autem</span> <span class='ocrx_word' id='word_1_24' title='bbox 724 345 785 410; x_wconf 90' lang='lat' dir='ltr'>quod</span> <span class='ocrx_word' id='word_1_25' title='bbox 796 359 849 396; x_wconf 86' lang='lat' dir='ltr'>coun-</span> 
     </span>
     <span class='ocr_line' id='line_1_4' title="bbox 45 408 848 482; baseline 0.01 -23"><span class='ocrx_word' id='word_1_26' title='bbox 45 408 139 460; x_wconf 81' lang='lat' dir='ltr'>sideraad</span> <span class='ocrx_word' id='word_1_27' title='bbox 152 413 236 475; x_wconf 82' lang='lat' dir='ltr'>potest,</span> <span class='ocrx_word' id='word_1_28' title='bbox 245 415 282 462; x_wconf 89' lang='lat' dir='ltr'>est</span> <span class='ocrx_word' id='word_1_29' title='bbox 293 413 396 475; x_wconf 80' lang='lat' dir='ltr'>quedam</span> <span class='ocrx_word' id='word_1_30' title='bbox 412 413 543 464; x_wconf 74' lang='lat' dir='ltr'><strong>deformitas</strong></span> <span class='ocrx_word' id='word_1_31' title='bbox 560 415 713 467; x_wconf 79' lang='lat' dir='ltr'>immoderata</span> <span class='ocrx_word' id='word_1_32' title='bbox 726 418 848 482; x_wconf 83' lang='lat' dir='ltr'>coucupis-</span> 
     </span>
    </p>
   </div>
   <div class='ocr_carea' id='block_1_3' title="bbox 45 482 856 2918">
    <p class='ocr_par' dir='ltr' id='par_1_3' title="bbox 45 482 849 910">
     <span class='ocr_line' id='line_1_5' title="bbox 45 482 848 551; baseline 0.011 -20"><span class='ocrx_word' id='word_1_33' title='bbox 45 482 144 543; x_wconf 74' lang='lat' dir='ltr'>centia,</span> <span class='ocrx_word' id='word_1_34' title='bbox 156 497 208 546; x_wconf 83' lang='lat' dir='ltr'>quae</span> <span class='ocrx_word' id='word_1_35' title='bbox 219 482 244 532; x_wconf 93' lang='lat' dir='ltr'>in</span> <span class='ocrx_word' id='word_1_36' title='bbox 253 486 315 534; x_wconf 81' lang='lat' dir='ltr'>statu</span> <span class='ocrx_word' id='word_1_37' title='bbox 327 484 464 536; x_wconf 76' lang='lat' dir='ltr'>innocentia</span> <span class='ocrx_word' id='word_1_38' title='bbox 473 500 519 536; x_wconf 92' lang='lat' dir='ltr'>uon</span> <span class='ocrx_word' id='word_1_39' title='bbox 529 486 618 548; x_wconf 80' lang='lat' dir='ltr'>luisset,</span> <span class='ocrx_word' id='word_1_40' title='bbox 632 490 720 551; x_wconf 88' lang='lat' dir='ltr'>quando</span> <span class='ocrx_word' id='word_1_41' title='bbox 730 489 848 542; x_wconf 82' lang='lat' dir='ltr'>inferiores</span> 
     </span>
     <span class='ocr_line' id='line_1_6' title="bbox 45 554 848 622; baseline 0.012 -20"><span class='ocrx_word' id='word_1_42' title='bbox 45 554 105 604; x_wconf 85' lang='lat' dir='ltr'>uires</span> <span class='ocrx_word' id='word_1_43' title='bbox 124 555 219 606; x_wconf 89' lang='lat' dir='ltr'>omuino</span> <span class='ocrx_word' id='word_1_44' title='bbox 236 554 320 605; x_wconf 86' lang='lat' dir='ltr'>rationi</span> <span class='ocrx_word' id='word_1_45' title='bbox 333 555 494 607; x_wconf 74' lang='lat' dir='ltr'><strong>subdebantur.</strong></span> <span class='ocrx_word' id='word_1_46' title='bbox 513 557 577 608; x_wconf 84' lang='lat' dir='ltr'>Unde</span> <span class='ocrx_word' id='word_1_47' title='bbox 596 557 734 622; x_wconf 76' lang='lat' dir='ltr'>Augustinus</span> <span class='ocrx_word' id='word_1_48' title='bbox 750 559 804 610; x_wconf 91' lang='lat' dir='ltr'>dicit</span> <span class='ocrx_word' id='word_1_49' title='bbox 823 561 848 612; x_wconf 88' lang='lat' dir='ltr'>iu</span> 
     </span>
     <span class='ocr_line' id='line_1_7' title="bbox 45 626 848 696; baseline 0.01 -22"><span class='ocrx_word' id='word_1_50' title='bbox 45 626 103 674; x_wconf 80' lang='lat' dir='ltr'><strong>XIV.</strong></span> <span class='ocrx_word' id='word_1_51' title='bbox 112 633 148 675; x_wconf 83' lang='lat' dir='ltr'>De</span> <span class='ocrx_word' id='word_1_52' title='bbox 158 627 237 675; x_wconf 74' lang='lat' dir='ltr'>eicit.</span> <span class='ocrx_word' id='word_1_53' title='bbox 248 626 385 692; x_wconf 77' lang='lat' dir='ltr'>Det(c.16)</span> <span class='ocrx_word' id='word_1_54' title='bbox 396 643 402 676; x_wconf 78' lang='grc' dir='ltr'>ε</span> <span class='ocrx_word' id='word_1_55' title='bbox 412 628 498 678; x_wconf 74' lang='lat' dir='ltr'>‹antsit</span> <span class='ocrx_word' id='word_1_56' title='bbox 508 631 533 678; x_wconf 91' lang='lat' dir='ltr'>ut</span> <span class='ocrx_word' id='word_1_57' title='bbox 543 629 684 694; x_wconf 78' lang='lat' dir='ltr'>suspicemur</span> <span class='ocrx_word' id='word_1_58' title='bbox 693 643 737 680; x_wconf 94' lang='lat' dir='ltr'>non</span> <span class='ocrx_word' id='word_1_59' title='bbox 746 631 848 696; x_wconf 86' lang='lat' dir='ltr'>potuisse</span> 
     </span>
     <span class='ocr_line' id='line_1_8' title="bbox 46 698 848 763; baseline 0.012 -17"><span class='ocrx_word' id='word_1_60' title='bbox 46 698 132 760; x_wconf 85' lang='lat' dir='ltr'>prolem</span> <span class='ocrx_word' id='word_1_61' title='bbox 148 698 198 747; x_wconf 80' lang='lat' dir='ltr'>fleri</span> <span class='ocrx_word' id='word_1_62' title='bbox 212 698 262 748; x_wconf 89' lang='lat' dir='ltr'>siue</span> <span class='ocrx_word' id='word_1_63' title='bbox 272 699 374 750; x_wconf 88' lang='lat' dir='ltr'>libidinis</span> <span class='ocrx_word' id='word_1_64' title='bbox 388 701 483 763; x_wconf 76' lang='lat' dir='ltr'>morlon3</span> <span class='ocrx_word' id='word_1_65' title='bbox 497 701 578 752; x_wconf 89' lang='lat' dir='ltr'>sedeo</span> <span class='ocrx_word' id='word_1_66' title='bbox 594 703 717 752; x_wconf 85' lang='lat' dir='ltr'>voluntatis</span> <span class='ocrx_word' id='word_1_67' title='bbox 730 708 788 754; x_wconf 87' lang='lat' dir='ltr'>nutu</span> <span class='ocrx_word' id='word_1_68' title='bbox 802 719 848 756; x_wconf 90' lang='lat' dir='ltr'>mo·</span> 
     </span>
     <span class='ocr_line' id='line_1_9' title="bbox 46 769 849 836; baseline 0.014 -21"><span class='ocrx_word' id='word_1_69' title='bbox 46 773 154 819; x_wconf 77' lang='lat' dir='ltr'>verentur</span> <span class='ocrx_word' id='word_1_70' title='bbox 166 769 205 819; x_wconf 87' lang='lat' dir='ltr'>illa</span> <span class='ocrx_word' id='word_1_71' title='bbox 213 771 315 820; x_wconf 86' lang='lat' dir='ltr'>membra</span> <span class='ocrx_word' id='word_1_72' title='bbox 323 785 369 836; x_wconf 93' lang='lat' dir='ltr'>quo</span> <span class='ocrx_word' id='word_1_73' title='bbox 383 774 465 822; x_wconf 81' lang='lat' dir='ltr'>cetera</span> <span class='ocrx_word' id='word_1_74' title='bbox 472 810 481 836; x_wconf 85' lang='lat'><em>,</em></span> <span class='ocrx_word' id='word_1_75' title='bbox 494 777 517 822; x_wconf 88' lang='lat' dir='ltr'>et</span> <span class='ocrx_word' id='word_1_76' title='bbox 529 773 577 823; x_wconf 90' lang='lat' dir='ltr'>sine</span> <span class='ocrx_word' id='word_1_77' title='bbox 590 774 668 824; x_wconf 85' lang='lat' dir='ltr'>audone</span> <span class='ocrx_word' id='word_1_78' title='bbox 682 777 704 824; x_wconf 91' lang='lat' dir='ltr'>et</span> <span class='ocrx_word' id='word_1_79' title='bbox 719 775 849 827; x_wconf 84' lang='lat' dir='ltr'>illecebroso</span> 
     </span>
     <span class='ocr_line' id='line_1_10' title="bbox 46 842 682 910; baseline 0.002 -18"><span class='ocrx_word' id='word_1_80' title='bbox 46 842 151 905; x_wconf 86' lang='lat' dir='ltr'>stimulo,</span> <span class='ocrx_word' id='word_1_81' title='bbox 167 855 220 892; x_wconf 89' lang='lat' dir='ltr'>cum</span> <span class='ocrx_word' id='word_1_82' title='bbox 230 844 396 906; x_wconf 77' lang='lat' dir='ltr'>tranquillitate</span> <span class='ocrx_word' id='word_1_83' title='bbox 410 844 492 895; x_wconf 84' lang='lat' dir='ltr'>animae</span> <span class='ocrx_word' id='word_1_84' title='bbox 508 849 531 895; x_wconf 88' lang='lat' dir='ltr'>et</span> <span class='ocrx_word' id='word_1_85' title='bbox 545 845 655 910; x_wconf 85' lang='lat' dir='ltr'>corporis.</span> <span class='ocrx_word' id='word_1_86' title='bbox 668 863 682 894; x_wconf 84' lang='lat' dir='ltr'>o</span> 
     </span>
    </p>

    <p class='ocr_par' dir='ltr' id='par_1_4' title="bbox 47 913 850 1270">
     <span class='ocr_line' id='line_1_11' title="bbox 79 913 850 983; baseline 0.009 -20"><span class='ocrx_word' id='word_1_87' title='bbox 79 915 112 964; x_wconf 84' lang='lat' dir='ltr'>nd</span> <span class='ocrx_word' id='word_1_88' title='bbox 126 913 227 978; x_wconf 84' lang='lat' dir='ltr'>primum</span> <span class='ocrx_word' id='word_1_89' title='bbox 240 928 296 978; x_wconf 82' lang='lat' dir='ltr'>ergo</span> <span class='ocrx_word' id='word_1_90' title='bbox 309 915 430 966; x_wconf 86' lang='lat' dir='ltr'>dicendum</span> <span class='ocrx_word' id='word_1_91' title='bbox 441 955 448 980; x_wconf 82' lang='grc'>,</span> <span class='ocrx_word' id='word_1_92' title='bbox 461 917 522 981; x_wconf 82' lang='lat' dir='ltr'>quod</span> <span class='ocrx_word' id='word_1_93' title='bbox 533 919 600 968; x_wconf 91' lang='lat' dir='ltr'>homo</span> <span class='ocrx_word' id='word_1_94' title='bbox 611 917 636 968; x_wconf 93' lang='lat' dir='ltr'>in</span> <span class='ocrx_word' id='word_1_95' title='bbox 649 917 754 983; x_wconf 82' lang='lat' dir='ltr'>paradiso</span> <span class='ocrx_word' id='word_1_96' title='bbox 768 920 850 970; x_wconf 83' lang='lat' dir='ltr'>luisset</span> 
     </span>
     <span class='ocr_line' id='line_1_12' title="bbox 47 987 848 1054; baseline 0.006 -17"><span class='ocrx_word' id='word_1_97' title='bbox 47 987 109 1037; x_wconf 83' lang='lat' dir='ltr'>sicut</span> <span class='ocrx_word' id='word_1_98' title='bbox 125 988 222 1050; x_wconf 78' lang='lat' dir='ltr'>angelus</span> <span class='ocrx_word' id='word_1_99' title='bbox 240 1001 283 1052; x_wconf 84' lang='lat' dir='ltr'>per</span> <span class='ocrx_word' id='word_1_100' title='bbox 298 987 439 1052; x_wconf 82' lang='lat' dir='ltr'>spiritualem</span> <span class='ocrx_word' id='word_1_101' title='bbox 455 994 555 1040; x_wconf 88' lang='lat' dir='ltr'>mentem</span> <span class='ocrx_word' id='word_1_102' title='bbox 563 1028 571 1054; x_wconf 85' lang='lat'><em>‚</em></span> <span class='ocrx_word' id='word_1_103' title='bbox 589 1005 639 1040; x_wconf 85' lang='lat' dir='ltr'>cuna</span> <span class='ocrx_word' id='word_1_104' title='bbox 657 995 734 1042; x_wconf 87' lang='lat' dir='ltr'>tamen</span> <span class='ocrx_word' id='word_1_105' title='bbox 754 993 848 1043; x_wconf 87' lang='lat' dir='ltr'>haberet</span> 
     </span>
     <span class='ocr_line' id='line_1_13' title="bbox 49 1058 849 1125; baseline 0.008 -19"><span class='ocrx_word' id='word_1_106' title='bbox 49 1058 120 1106; x_wconf 86' lang='lat' dir='ltr'>uitam</span> <span class='ocrx_word' id='word_1_107' title='bbox 133 1058 255 1109; x_wconf 84' lang='lat' dir='ltr'>animalem</span> <span class='ocrx_word' id='word_1_108' title='bbox 268 1064 379 1123; x_wconf 82' lang='lat' dir='ltr'>quantum</span> <span class='ocrx_word' id='word_1_109' title='bbox 392 1061 420 1112; x_wconf 91' lang='lat' dir='ltr'>ad</span> <span class='ocrx_word' id='word_1_110' title='bbox 434 1073 523 1124; x_wconf 78' lang='lat' dir='ltr'>corpus,</span> <span class='ocrx_word' id='word_1_111' title='bbox 537 1061 580 1111; x_wconf 85' lang='lat' dir='ltr'>Sed</span> <span class='ocrx_word' id='word_1_112' title='bbox 594 1065 646 1125; x_wconf 84' lang='lat' dir='ltr'>post</span> <span class='ocrx_word' id='word_1_113' title='bbox 659 1064 849 1115; x_wconf 72' lang='lat' dir='ltr'>ressurrectionem</span> 
     </span>
     <span class='ocr_line' id='line_1_14' title="bbox 49 1129 849 1196; baseline 0.006 -16"><span class='ocrx_word' id='word_1_114' title='bbox 49 1129 92 1180; x_wconf 88' lang='lat' dir='ltr'>erit</span> <span class='ocrx_word' id='word_1_115' title='bbox 105 1131 171 1181; x_wconf 87' lang='lat' dir='ltr'>homo</span> <span class='ocrx_word' id='word_1_116' title='bbox 181 1130 264 1181; x_wconf 87' lang='lat' dir='ltr'>similis</span> <span class='ocrx_word' id='word_1_117' title='bbox 275 1131 371 1195; x_wconf 77' lang='lat' dir='ltr'>angelo,</span> <span class='ocrx_word' id='word_1_118' title='bbox 386 1132 510 1196; x_wconf 82' lang='lat' dir='ltr'>spiritualis</span> <span class='ocrx_word' id='word_1_119' title='bbox 522 1132 616 1183; x_wconf 79' lang='lat' dir='ltr'>allectus</span> <span class='ocrx_word' id='word_1_120' title='bbox 629 1138 653 1184; x_wconf 90' lang='lat' dir='ltr'>et</span> <span class='ocrx_word' id='word_1_121' title='bbox 663 1135 786 1186; x_wconf 86' lang='lat' dir='ltr'>secundum</span> <span class='ocrx_word' id='word_1_122' title='bbox 800 1135 849 1185; x_wconf 85' lang='lat' dir='ltr'>ani-</span> 
     </span>
     <span class='ocr_line' id='line_1_15' title="bbox 49 1203 754 1270; baseline 0.007 -19"><span class='ocrx_word' id='word_1_123' title='bbox 49 1216 117 1264; x_wconf 86' lang='lat' dir='ltr'>mam,</span> <span class='ocrx_word' id='word_1_124' title='bbox 130 1204 155 1252; x_wconf 86' lang='lat' dir='ltr'>ct</span> <span class='ocrx_word' id='word_1_125' title='bbox 165 1203 294 1253; x_wconf 85' lang='lat' dir='ltr'>secundum</span> <span class='ocrx_word' id='word_1_126' title='bbox 303 1217 394 1267; x_wconf 87' lang='lat' dir='ltr'>corpus.</span> <span class='ocrx_word' id='word_1_127' title='bbox 409 1204 473 1254; x_wconf 90' lang='lat' dir='ltr'>Unde</span> <span class='ocrx_word' id='word_1_128' title='bbox 487 1215 534 1253; x_wconf 90' lang='lat' dir='ltr'>uon</span> <span class='ocrx_word' id='word_1_129' title='bbox 548 1208 582 1255; x_wconf 89' lang='lat' dir='ltr'>est</span> <span class='ocrx_word' id='word_1_130' title='bbox 595 1205 676 1270; x_wconf 81' lang='lat' dir='ltr'>similis</span> <span class='ocrx_word' id='word_1_131' title='bbox 688 1206 754 1257; x_wconf 86' lang='lat' dir='ltr'>ratio.</span> 
     </span>
    </p>

    <p class='ocr_par' dir='ltr' id='par_1_5' title="bbox 48 1273 852 1696">
     <span class='ocr_line' id='line_1_16' title="bbox 77 1273 849 1340; baseline 0.008 -18"><span class='ocrx_word' id='word_1_132' title='bbox 77 1274 110 1323; x_wconf 86' lang='lat' dir='ltr'>nd</span> <span class='ocrx_word' id='word_1_133' title='bbox 126 1274 252 1325; x_wconf 87' lang='lat' dir='ltr'>secundum</span> <span class='ocrx_word' id='word_1_134' title='bbox 273 1273 409 1337; x_wconf 89' lang='lat' dir='ltr'>dicendum,</span> <span class='ocrx_word' id='word_1_135' title='bbox 424 1274 485 1338; x_wconf 85' lang='lat' dir='ltr'>qudd</span> <span class='ocrx_word' id='word_1_136' title='bbox 505 1275 563 1326; x_wconf 83' lang='lat' dir='ltr'>sicut</span> <span class='ocrx_word' id='word_1_137' title='bbox 584 1277 723 1340; x_wconf 79' lang='lat' dir='ltr'>Augustinus</span> <span class='ocrx_word' id='word_1_138' title='bbox 741 1277 794 1327; x_wconf 90' lang='lat' dir='ltr'>dicit</span> <span class='ocrx_word' id='word_1_139' title='bbox 809 1279 849 1328; x_wconf 86' lang='lat' dir='ltr'>ill.</span> 
     </span>
     <span class='ocr_line' id='line_1_17' title="bbox 50 1345 845 1414; baseline 0.008 -20"><span class='ocrx_word' id='word_1_140' title='bbox 50 1345 131 1410; x_wconf 80' lang='lat' dir='ltr'>Super</span> <span class='ocrx_word' id='word_1_141' title='bbox 146 1349 206 1396; x_wconf 82' lang='lat' dir='ltr'>Gen.</span> <span class='ocrx_word' id='word_1_142' title='bbox 220 1347 255 1396; x_wconf 88' lang='lat' dir='ltr'>ud</span> <span class='ocrx_word' id='word_1_143' title='bbox 268 1347 311 1396; x_wconf 77' lang='lat' dir='ltr'>lit.</span> <span class='ocrx_word' id='word_1_144' title='bbox 327 1347 386 1412; x_wconf 87' lang='lat' dir='ltr'>(cap.</span> <span class='ocrx_word' id='word_1_145' title='bbox 397 1347 430 1410; x_wconf 82' lang='lat' dir='ltr'>l).</span> <span class='ocrx_word' id='word_1_146' title='bbox 443 1348 495 1398; x_wconf 92' lang='lat' dir='ltr'>ldeo</span> <span class='ocrx_word' id='word_1_147' title='bbox 508 1348 576 1412; x_wconf 84' lang='lat' dir='ltr'>primi</span> <span class='ocrx_word' id='word_1_148' title='bbox 587 1353 694 1414; x_wconf 85' lang='lat' dir='ltr'>parentes</span> <span class='ocrx_word' id='word_1_149' title='bbox 707 1349 730 1398; x_wconf 92' lang='lat' dir='ltr'>in</span> <span class='ocrx_word' id='word_1_150' title='bbox 740 1350 845 1414; x_wconf 83' lang='lat' dir='ltr'>paradiso</span> 
     </span>
     <span class='ocr_line' id='line_1_18' title="bbox 48 1419 852 1486; baseline 0.005 -18"><span class='ocrx_word' id='word_1_151' title='bbox 48 1432 91 1469; x_wconf 91' lang='lat' dir='ltr'>uon</span> <span class='ocrx_word' id='word_1_152' title='bbox 105 1419 229 1482; x_wconf 86' lang='lat' dir='ltr'>coierunt,</span> <span class='ocrx_word' id='word_1_153' title='bbox 244 1419 298 1483; x_wconf 90' lang='lat' dir='ltr'>quia</span> <span class='ocrx_word' id='word_1_154' title='bbox 312 1420 409 1470; x_wconf 78' lang='lat' dir='ltr'>formata</span> <span class='ocrx_word' id='word_1_155' title='bbox 423 1419 536 1481; x_wconf 87' lang='lat' dir='ltr'>muliere,</span> <span class='ocrx_word' id='word_1_156' title='bbox 550 1423 601 1484; x_wconf 84' lang='lat' dir='ltr'>post</span> <span class='ocrx_word' id='word_1_157' title='bbox 615 1422 740 1485; x_wconf 90' lang='lat' dir='ltr'>modicum,</span> <span class='ocrx_word' id='word_1_158' title='bbox 759 1426 852 1486; x_wconf 83' lang='lat' dir='ltr'>propter</span> 
     </span>
     <span class='ocr_line' id='line_1_19' title="bbox 48 1491 851 1557; baseline 0.004 -17"><span class='ocrx_word' id='word_1_159' title='bbox 48 1495 164 1554; x_wconf 70' lang='lat' dir='ltr'>penatum</span> <span class='ocrx_word' id='word_1_160' title='bbox 175 1491 204 1541; x_wconf 89' lang='lat' dir='ltr'>de</span> <span class='ocrx_word' id='word_1_161' title='bbox 218 1491 323 1554; x_wconf 81' lang='lat' dir='ltr'>paradiso</span> <span class='ocrx_word' id='word_1_162' title='bbox 332 1491 400 1555; x_wconf 82' lang='lat' dir='ltr'>ejecti</span> <span class='ocrx_word' id='word_1_163' title='bbox 409 1495 470 1541; x_wconf 89' lang='lat' dir='ltr'>sunt.</span> <span class='ocrx_word' id='word_1_164' title='bbox 481 1493 524 1542; x_wconf 85' lang='lat' dir='ltr'>Vel</span> <span class='ocrx_word' id='word_1_165' title='bbox 534 1492 587 1555; x_wconf 88' lang='lat' dir='ltr'>quia</span> <span class='ocrx_word' id='word_1_166' title='bbox 598 1493 760 1557; x_wconf 80' lang='lat' dir='ltr'>expectabatur</span> <span class='ocrx_word' id='word_1_167' title='bbox 770 1493 851 1543; x_wconf 85' lang='lat' dir='ltr'>divina</span> 
     </span>
     <span class='ocr_line' id='line_1_20' title="bbox 48 1562 852 1628; baseline 0.009 -19"><span class='ocrx_word' id='word_1_168' title='bbox 48 1563 170 1613; x_wconf 81' lang='lat' dir='ltr'>auctoritas</span> <span class='ocrx_word' id='word_1_169' title='bbox 180 1562 211 1612; x_wconf 89' lang='lat' dir='ltr'>ad</span> <span class='ocrx_word' id='word_1_170' title='bbox 229 1563 405 1613; x_wconf 85' lang='lat' dir='ltr'>determinatum</span> <span class='ocrx_word' id='word_1_171' title='bbox 419 1566 510 1628; x_wconf 83' lang='lat' dir='ltr'>tempus</span> <span class='ocrx_word' id='word_1_172' title='bbox 526 1564 703 1626; x_wconf 79' lang='lat' dir='ltr'>commixtionis,</span> <span class='ocrx_word' id='word_1_173' title='bbox 713 1564 726 1614; x_wconf 76' lang='lat' dir='ltr'>a</span> <span class='ocrx_word' id='word_1_174' title='bbox 735 1578 779 1628; x_wconf 89' lang='lat' dir='ltr'>qua</span> <span class='ocrx_word' id='word_1_175' title='bbox 789 1576 852 1616; x_wconf 87' lang='lat' dir='ltr'>acce·</span> 
     </span>
     <span class='ocr_line' id='line_1_21' title="bbox 48 1633 437 1696; baseline 0.008 -13"><span class='ocrx_word' id='word_1_176' title='bbox 48 1638 130 1696; x_wconf 84' lang='lat' dir='ltr'>parunt</span> <span class='ocrx_word' id='word_1_177' title='bbox 149 1633 282 1685; x_wconf 85' lang='lat' dir='ltr'>universale</span> <span class='ocrx_word' id='word_1_178' title='bbox 296 1635 437 1686; x_wconf 86' lang='lat' dir='ltr'>mandatnm.</span> 
     </span>
    </p>

    <p class='ocr_par' dir='ltr' id='par_1_6' title="bbox 47 1704 856 2918">
     <span class='ocr_line' id='line_1_22' title="bbox 76 1704 852 1771; baseline 0.004 -14"><span class='ocrx_word' id='word_1_179' title='bbox 76 1706 112 1757; x_wconf 74' lang='lat' dir='ltr'>dd</span> <span class='ocrx_word' id='word_1_180' title='bbox 130 1705 226 1771; x_wconf 74' lang='lat' dir='ltr'>tertium</span> <span class='ocrx_word' id='word_1_181' title='bbox 243 1704 365 1756; x_wconf 79' lang='lat' dir='ltr'>dcundum</span> <span class='ocrx_word' id='word_1_182' title='bbox 373 1744 383 1770; x_wconf 87' lang='lat'><em>,</em></span> <span class='ocrx_word' id='word_1_183' title='bbox 397 1705 458 1769; x_wconf 87' lang='lat' dir='ltr'>qudd</span> <span class='ocrx_word' id='word_1_184' title='bbox 479 1707 558 1758; x_wconf 77' lang='lat' dir='ltr'>hestiae</span> <span class='ocrx_word' id='word_1_185' title='bbox 577 1710 655 1758; x_wconf 88' lang='lat' dir='ltr'>carent</span> <span class='ocrx_word' id='word_1_186' title='bbox 671 1708 767 1760; x_wconf 85' lang='lat' dir='ltr'>ratione.</span> <span class='ocrx_word' id='word_1_187' title='bbox 789 1709 852 1760; x_wconf 89' lang='lat' dir='ltr'>Unde</span> 
     </span>
     <span class='ocr_line' id='line_1_23' title="bbox 47 1778 851 1844; baseline 0.002 -17"><span class='ocrx_word' id='word_1_188' title='bbox 47 1778 174 1829; x_wconf 77' lang='lat' dir='ltr'>secundeum</span> <span class='ocrx_word' id='word_1_189' title='bbox 191 1779 238 1828; x_wconf 88' lang='lat' dir='ltr'>lnoc</span> <span class='ocrx_word' id='word_1_190' title='bbox 247 1779 316 1828; x_wconf 85' lang='lat' dir='ltr'>homo</span> <span class='ocrx_word' id='word_1_191' title='bbox 329 1778 354 1827; x_wconf 91' lang='lat' dir='ltr'>in</span> <span class='ocrx_word' id='word_1_192' title='bbox 367 1778 429 1828; x_wconf 86' lang='lat' dir='ltr'>coitu</span> <span class='ocrx_word' id='word_1_193' title='bbox 439 1778 542 1829; x_wconf 85' lang='lat' dir='ltr'>bestialis</span> <span class='ocrx_word' id='word_1_194' title='bbox 561 1779 673 1842; x_wconf 83' lang='lat' dir='ltr'>elicitur,</span> <span class='ocrx_word' id='word_1_195' title='bbox 687 1779 740 1844; x_wconf 84' lang='lat' dir='ltr'>quia</span> <span class='ocrx_word' id='word_1_196' title='bbox 753 1779 851 1830; x_wconf 88' lang='lat' dir='ltr'>delecta-</span> 
     </span>
     <span class='ocr_line' id='line_1_24' title="bbox 49 1849 850 1914; baseline 0.002 -16"><span class='ocrx_word' id='word_1_197' title='bbox 49 1849 135 1901; x_wconf 85' lang='lat' dir='ltr'>tionem</span> <span class='ocrx_word' id='word_1_198' title='bbox 155 1849 231 1900; x_wconf 86' lang='lat' dir='ltr'>coitus</span> <span class='ocrx_word' id='word_1_199' title='bbox 246 1852 271 1912; x_wconf 78' lang='lat' dir='ltr'>et</span> <span class='ocrx_word' id='word_1_200' title='bbox 291 1850 405 1899; x_wconf 82' lang='lat' dir='ltr'>fervorem</span> <span class='ocrx_word' id='word_1_201' title='bbox 423 1851 615 1914; x_wconf 82' lang='lat' dir='ltr'>concupiscentiae</span> <span class='ocrx_word' id='word_1_202' title='bbox 636 1851 721 1902; x_wconf 87' lang='lat' dir='ltr'>ratione</span> <span class='ocrx_word' id='word_1_203' title='bbox 741 1852 850 1902; x_wconf 88' lang='lat' dir='ltr'>moderari</span> 
     </span>
     <span class='ocr_line' id='line_1_25' title="bbox 49 1919 850 1986; baseline 0.001 -15"><span class='ocrx_word' id='word_1_204' title='bbox 49 1935 93 1972; x_wconf 90' lang='lat' dir='ltr'>uon</span> <span class='ocrx_word' id='word_1_205' title='bbox 105 1924 192 1986; x_wconf 83' lang='lat' dir='ltr'>potest.</span> <span class='ocrx_word' id='word_1_206' title='bbox 213 1921 257 1971; x_wconf 88' lang='lat' dir='ltr'>Sed</span> <span class='ocrx_word' id='word_1_207' title='bbox 268 1921 294 1971; x_wconf 90' lang='lat' dir='ltr'>iu</span> <span class='ocrx_word' id='word_1_208' title='bbox 310 1924 371 1971; x_wconf 86' lang='lat' dir='ltr'>statu</span> <span class='ocrx_word' id='word_1_209' title='bbox 383 1921 519 1972; x_wconf 72' lang='lat' dir='ltr'>innocentiae</span> <span class='ocrx_word' id='word_1_210' title='bbox 535 1919 593 1972; x_wconf 87' lang='lat' dir='ltr'>nilail</span> <span class='ocrx_word' id='word_1_211' title='bbox 609 1922 740 1986; x_wconf 81' lang='lat' dir='ltr'>hujuusmodi</span> <span class='ocrx_word' id='word_1_212' title='bbox 754 1923 850 1983; x_wconf 85' lang='lat' dir='ltr'>luisset,</span> 
     </span>
     <span class='ocr_line' id='line_1_26' title="bbox 49 1992 851 2057; baseline 0.002 -15"><span class='ocrx_word' id='word_1_213' title='bbox 49 1995 108 2056; x_wconf 88' lang='lat' dir='ltr'>quod</span> <span class='ocrx_word' id='word_1_214' title='bbox 118 1992 210 2044; x_wconf 79' lang='lat' dir='ltr'>radone</span> <span class='ocrx_word' id='word_1_215' title='bbox 221 2006 268 2043; x_wconf 88' lang='lat' dir='ltr'>uon</span> <span class='ocrx_word' id='word_1_216' title='bbox 276 1993 447 2057; x_wconf 80' lang='lat' dir='ltr'>moderaretur3</span> <span class='ocrx_word' id='word_1_217' title='bbox 456 2006 504 2043; x_wconf 92' lang='lat' dir='ltr'>non</span> <span class='ocrx_word' id='word_1_218' title='bbox 513 1994 566 2057; x_wconf 85' lang='lat' dir='ltr'>quia</span> <span class='ocrx_word' id='word_1_219' title='bbox 575 1997 633 2044; x_wconf 90' lang='lat' dir='ltr'>esset</span> <span class='ocrx_word' id='word_1_220' title='bbox 645 1994 718 2044; x_wconf 89' lang='lat' dir='ltr'>minor</span> <span class='ocrx_word' id='word_1_221' title='bbox 731 1993 851 2046; x_wconf 88' lang='lat' dir='ltr'>delectatio</span> 
     </span>
     <span class='ocr_line' id='line_1_27' title="bbox 49 2065 854 2131; baseline -0.002 -15"><span class='ocrx_word' id='word_1_222' title='bbox 49 2067 175 2118; x_wconf 82' lang='lat' dir='ltr'>seeundum</span> <span class='ocrx_word' id='word_1_223' title='bbox 186 2079 280 2116; x_wconf 85' lang='lat' dir='ltr'>sensum</span> <span class='ocrx_word' id='word_1_224' title='bbox 287 2102 296 2126; x_wconf 91' lang='lat'>,</span> <span class='ocrx_word' id='word_1_225' title='bbox 304 2069 332 2115; x_wconf 89' lang='lat' dir='ltr'>ut</span> <span class='ocrx_word' id='word_1_226' title='bbox 342 2066 434 2129; x_wconf 88' lang='lat' dir='ltr'>quidam</span> <span class='ocrx_word' id='word_1_227' title='bbox 445 2065 524 2116; x_wconf 88' lang='lat' dir='ltr'>dicunt</span> <span class='ocrx_word' id='word_1_228' title='bbox 534 2066 628 2131; x_wconf 84' lang='lat' dir='ltr'>(luisset</span> <span class='ocrx_word' id='word_1_229' title='bbox 639 2067 698 2116; x_wconf 81' lang='lat' dir='ltr'>enin</span> <span class='ocrx_word' id='word_1_230' title='bbox 709 2068 774 2116; x_wconf 86' lang='lat' dir='ltr'>tanto</span> <span class='ocrx_word' id='word_1_231' title='bbox 782 2065 854 2128; x_wconf 82' lang='lat' dir='ltr'>major·</span> 
     </span>
     <span class='ocr_line' id='line_1_28' title="bbox 50 2137 854 2202; baseline -0.001 -15"><span class='ocrx_word' id='word_1_232' title='bbox 50 2139 173 2188; x_wconf 85' lang='lat' dir='ltr'>delectatio</span> <span class='ocrx_word' id='word_1_233' title='bbox 182 2137 305 2200; x_wconf 77' lang='lat' dir='ltr'>sandalis,</span> <span class='ocrx_word' id='word_1_234' title='bbox 313 2141 400 2200; x_wconf 88' lang='lat' dir='ltr'>quanto</span> <span class='ocrx_word' id='word_1_235' title='bbox 408 2139 555 2202; x_wconf 81' lang='lat' dir='ltr'>essetpurior</span> <span class='ocrx_word' id='word_1_236' title='bbox 564 2143 652 2198; x_wconf 87' lang='lat' dir='ltr'>natura,</span> <span class='ocrx_word' id='word_1_237' title='bbox 660 2143 683 2187; x_wconf 92' lang='lat' dir='ltr'>et</span> <span class='ocrx_word' id='word_1_238' title='bbox 692 2151 773 2202; x_wconf 82' lang='lat' dir='ltr'>corpus</span> <span class='ocrx_word' id='word_1_239' title='bbox 781 2137 854 2200; x_wconf 83' lang='lat' dir='ltr'>magis</span> 
     </span>
     <span class='ocr_line' id='line_1_29' title="bbox 50 2206 853 2273; baseline -0.001 -14"><span class='ocrx_word' id='word_1_240' title='bbox 50 2208 189 2273; x_wconf 86' lang='lat' dir='ltr'>sensibile);</span> <span class='ocrx_word' id='word_1_241' title='bbox 202 2209 243 2259; x_wconf 90' lang='lat' dir='ltr'>sed</span> <span class='ocrx_word' id='word_1_242' title='bbox 260 2208 315 2272; x_wconf 84' lang='lat' dir='ltr'>quia</span> <span class='ocrx_word' id='word_1_243' title='bbox 327 2208 363 2259; x_wconf 84' lang='lat' dir='ltr'>vis</span> <span class='ocrx_word' id='word_1_244' title='bbox 373 2207 557 2272; x_wconf 85' lang='lat' dir='ltr'>concupiscibilis</span> <span class='ocrx_word' id='word_1_245' title='bbox 576 2224 621 2260; x_wconf 91' lang='lat' dir='ltr'>nou</span> <span class='ocrx_word' id='word_1_246' title='bbox 634 2209 667 2258; x_wconf 89' lang='lat' dir='ltr'>ita</span> <span class='ocrx_word' id='word_1_247' title='bbox 680 2206 809 2258; x_wconf 76' lang='lat' dir='ltr'>inordinate</span> <span class='ocrx_word' id='word_1_248' title='bbox 828 2222 853 2258; x_wconf 85' lang='lat' dir='ltr'>se</span> 
     </span>
     <span class='ocr_line' id='line_1_30' title="bbox 50 2278 853 2345; baseline -0.002 -15"><span class='ocrx_word' id='word_1_249' title='bbox 50 2281 171 2332; x_wconf 83' lang='lat' dir='ltr'>extulisset</span> <span class='ocrx_word' id='word_1_250' title='bbox 183 2293 253 2345; x_wconf 84' lang='lat' dir='ltr'>super</span> <span class='ocrx_word' id='word_1_251' title='bbox 260 2278 393 2345; x_wconf 87' lang='lat' dir='ltr'>hujusmodi</span> <span class='ocrx_word' id='word_1_252' title='bbox 402 2281 565 2344; x_wconf 77' lang='lat' dir='ltr'>delectatione,</span> <span class='ocrx_word' id='word_1_253' title='bbox 574 2282 675 2344; x_wconf 78' lang='lat' dir='ltr'>regulata</span> <span class='ocrx_word' id='word_1_254' title='bbox 685 2294 725 2344; x_wconf 83' lang='lat' dir='ltr'>per</span> <span class='ocrx_word' id='word_1_255' title='bbox 734 2279 853 2343; x_wconf 84' lang='lat' dir='ltr'>rationem,</span> 
     </span>
     <span class='ocr_line' id='line_1_31' title="bbox 51 2352 855 2419; baseline -0.002 -17"><span class='ocrx_word' id='word_1_256' title='bbox 51 2355 155 2419; x_wconf 83' lang='lat' dir='ltr'>adquam</span> <span class='ocrx_word' id='word_1_257' title='bbox 170 2367 220 2404; x_wconf 88' lang='lat' dir='ltr'>non</span> <span class='ocrx_word' id='word_1_258' title='bbox 231 2352 330 2417; x_wconf 80' lang='lat' dir='ltr'>pertinet</span> <span class='ocrx_word' id='word_1_259' title='bbox 344 2357 371 2402; x_wconf 91' lang='lat' dir='ltr'>ut</span> <span class='ocrx_word' id='word_1_260' title='bbox 382 2352 412 2401; x_wconf 86' lang='lat' dir='ltr'>sit</span> <span class='ocrx_word' id='word_1_261' title='bbox 422 2353 496 2403; x_wconf 86' lang='lat' dir='ltr'>minor</span> <span class='ocrx_word' id='word_1_262' title='bbox 508 2354 629 2404; x_wconf 82' lang='lat' dir='ltr'>delectatio</span> <span class='ocrx_word' id='word_1_263' title='bbox 639 2354 663 2402; x_wconf 92' lang='lat' dir='ltr'>in</span> <span class='ocrx_word' id='word_1_264' title='bbox 677 2367 758 2414; x_wconf 90' lang='lat' dir='ltr'>sensu,</span> <span class='ocrx_word' id='word_1_265' title='bbox 775 2353 814 2402; x_wconf 89' lang='lat' dir='ltr'>sed</span> <span class='ocrx_word' id='word_1_266' title='bbox 829 2355 855 2401; x_wconf 92' lang='lat' dir='ltr'>ut</span> 
     </span>
     <span class='ocr_line' id='line_1_32' title="bbox 51 2423 856 2490; baseline 0.001 -19"><span class='ocrx_word' id='word_1_267' title='bbox 51 2425 85 2475; x_wconf 83' lang='lat' dir='ltr'>nis</span> <span class='ocrx_word' id='word_1_268' title='bbox 95 2425 286 2490; x_wconf 79' lang='lat' dir='ltr'>concupiscibilis</span> <span class='ocrx_word' id='word_1_269' title='bbox 301 2423 508 2475; x_wconf 74' lang='lat' dir='ltr'>nonimmoderatt</span> <span class='ocrx_word' id='word_1_270' title='bbox 527 2425 674 2475; x_wconf 87' lang='lat' dir='ltr'>delectationi</span> <span class='ocrx_word' id='word_1_271' title='bbox 692 2426 807 2474; x_wconf 82' lang='lat' dir='ltr'>inhaereat.</span> <span class='ocrx_word' id='word_1_272' title='bbox 828 2425 856 2473; x_wconf 87' lang='lat' dir='ltr'>Et</span> 
     </span>
     <span class='ocr_line' id='line_1_33' title="bbox 51 2494 855 2560; baseline -0.001 -14"><span class='ocrx_word' id='word_1_273' title='bbox 51 2497 100 2547; x_wconf 86' lang='lat' dir='ltr'>dico</span> <span class='ocrx_word' id='word_1_274' title='bbox 120 2496 309 2553; x_wconf 71' lang='lat' dir='ltr'>immoderate,</span> <span class='ocrx_word' id='word_1_275' title='bbox 325 2500 419 2560; x_wconf 79' lang='lat' dir='ltr'>propter</span> <span class='ocrx_word' id='word_1_276' title='bbox 434 2508 564 2546; x_wconf 88' lang='lat' dir='ltr'>mensnram</span> <span class='ocrx_word' id='word_1_277' title='bbox 577 2495 679 2546; x_wconf 88' lang='lat' dir='ltr'>rationis.</span> <span class='ocrx_word' id='word_1_278' title='bbox 692 2496 755 2548; x_wconf 87' lang='lat' dir='ltr'>Sicut</span> <span class='ocrx_word' id='word_1_279' title='bbox 769 2494 855 2546; x_wconf 88' lang='lat' dir='ltr'>sobrius</span> 
     </span>
     <span class='ocr_line' id='line_1_34' title="bbox 51 2566 855 2631; baseline 0.001 -16"><span class='ocrx_word' id='word_1_280' title='bbox 51 2569 74 2617; x_wconf 87' lang='lat' dir='ltr'>iu</span> <span class='ocrx_word' id='word_1_281' title='bbox 87 2570 139 2621; x_wconf 87' lang='lat' dir='ltr'>cibo</span> <span class='ocrx_word' id='word_1_282' title='bbox 153 2566 273 2619; x_wconf 71' lang='lat' dir='ltr'>moderate</span> <span class='ocrx_word' id='word_1_283' title='bbox 290 2570 406 2631; x_wconf 84' lang='lat' dir='ltr'>assumpto</span> <span class='ocrx_word' id='word_1_284' title='bbox 418 2581 465 2617; x_wconf 90' lang='lat' dir='ltr'>non</span> <span class='ocrx_word' id='word_1_285' title='bbox 480 2568 590 2618; x_wconf 87' lang='lat' dir='ltr'>minorem</span> <span class='ocrx_word' id='word_1_286' title='bbox 602 2569 669 2618; x_wconf 81' lang='lat' dir='ltr'>trahet</span> <span class='ocrx_word' id='word_1_287' title='bbox 682 2568 855 2618; x_wconf 86' lang='lat' dir='ltr'>delectationem</span> 
     </span>
     <span class='ocr_line' id='line_1_35' title="bbox 52 2637 856 2706; baseline -0.004 -16"><span class='ocrx_word' id='word_1_288' title='bbox 52 2655 118 2702; x_wconf 91' lang='lat' dir='ltr'>quam</span> <span class='ocrx_word' id='word_1_289' title='bbox 134 2641 241 2706; x_wconf 80' lang='lat' dir='ltr'>gulosus,</span> <span class='ocrx_word' id='word_1_290' title='bbox 251 2639 292 2690; x_wconf 90' lang='lat' dir='ltr'>sed</span> <span class='ocrx_word' id='word_1_291' title='bbox 306 2639 382 2688; x_wconf 89' lang='lat' dir='ltr'>minus</span> <span class='ocrx_word' id='word_1_292' title='bbox 393 2639 444 2704; x_wconf 86' lang='lat' dir='ltr'>ejus</span> <span class='ocrx_word' id='word_1_293' title='bbox 454 2637 637 2702; x_wconf 85' lang='lat' dir='ltr'>concupiscibilis</span> <span class='ocrx_word' id='word_1_294' title='bbox 648 2650 715 2704; x_wconf 82' lang='lat' dir='ltr'>super</span> <span class='ocrx_word' id='word_1_295' title='bbox 726 2637 856 2702; x_wconf 88' lang='lat' dir='ltr'>hujusmodi</span> 
     </span>
     <span class='ocr_line' id='line_1_36' title="bbox 55 2709 855 2776; baseline -0.004 -15"><span class='ocrx_word' id='word_1_296' title='bbox 55 2713 202 2764; x_wconf 85' lang='lat' dir='ltr'>delectatione</span> <span class='ocrx_word' id='word_1_297' title='bbox 215 2710 347 2776; x_wconf 86' lang='lat' dir='ltr'>requiescit.</span> <span class='ocrx_word' id='word_1_298' title='bbox 366 2711 394 2760; x_wconf 83' lang='lat' dir='ltr'>m</span> <span class='ocrx_word' id='word_1_299' title='bbox 408 2712 453 2760; x_wconf 82' lang='lat' dir='ltr'>laon</span> <span class='ocrx_word' id='word_1_300' title='bbox 467 2713 549 2760; x_wconf 87' lang='lat' dir='ltr'>sonant</span> <span class='ocrx_word' id='word_1_301' title='bbox 559 2711 629 2760; x_wconf 85' lang='lat' dir='ltr'>uerba</span> <span class='ocrx_word' id='word_1_302' title='bbox 644 2709 762 2774; x_wconf 77' lang='lat' dir='ltr'>Augustini</span> <span class='ocrx_word' id='word_1_303' title='bbox 775 2723 825 2773; x_wconf 79' lang='lat' dir='ltr'>quac</span> <span class='ocrx_word' id='word_1_304' title='bbox 842 2709 855 2757; x_wconf 75' lang='lat' dir='ltr'>a</span> 
     </span>
     <span class='ocr_line' id='line_1_37' title="bbox 56 2779 856 2843; baseline -0.004 -12"><span class='ocrx_word' id='word_1_305' title='bbox 56 2789 112 2835; x_wconf 86' lang='lat' dir='ltr'>statu</span> <span class='ocrx_word' id='word_1_306' title='bbox 125 2782 267 2835; x_wconf 83' lang='lat' dir='ltr'>innocentiae</span> <span class='ocrx_word' id='word_1_307' title='bbox 285 2796 332 2832; x_wconf 90' lang='lat' dir='ltr'>uon</span> <span class='ocrx_word' id='word_1_308' title='bbox 347 2781 469 2832; x_wconf 78' lang='lat' dir='ltr'>excludunt</span> <span class='ocrx_word' id='word_1_309' title='bbox 488 2780 666 2843; x_wconf 81' lang='lat' dir='ltr'>magnitudinem</span> <span class='ocrx_word' id='word_1_310' title='bbox 683 2779 843 2832; x_wconf 88' lang='lat' dir='ltr'>delectationis</span> <span class='ocrx_word' id='word_1_311' title='bbox 848 2815 856 2840; x_wconf 95' lang='lat'><em>,</em></span> 
     </span>
     <span class='ocr_line' id='line_1_38' title="bbox 57 2850 856 2918; baseline -0.009 -12"><span class='ocrx_word' id='word_1_312' title='bbox 57 2859 91 2906; x_wconf 82' lang='lat' dir='ltr'>sed</span> <span class='ocrx_word' id='word_1_313' title='bbox 105 2857 211 2907; x_wconf 84' lang='lat' dir='ltr'>ardorem</span> <span class='ocrx_word' id='word_1_314' title='bbox 226 2854 341 2916; x_wconf 74' lang='lat' dir='ltr'>lihidinis,</span> <span class='ocrx_word' id='word_1_315' title='bbox 358 2857 381 2904; x_wconf 90' lang='lat' dir='ltr'>et</span> <span class='ocrx_word' id='word_1_316' title='bbox 392 2853 574 2918; x_wconf 87' lang='lat' dir='ltr'>inquietudinem</span> <span class='ocrx_word' id='word_1_317' title='bbox 590 2853 667 2904; x_wconf 88' lang='lat' dir='ltr'>animi.</span> <span class='ocrx_word' id='word_1_318' title='bbox 684 2855 712 2902; x_wconf 89' lang='lat' dir='ltr'>Et</span> <span class='ocrx_word' id='word_1_319' title='bbox 723 2852 775 2902; x_wconf 94' lang='lat' dir='ltr'>ideo</span> <span class='ocrx_word' id='word_1_320' title='bbox 785 2850 856 2900; x_wconf 86' lang='lat' dir='ltr'>conti·</span> 
     </span>
    </p>
   </div>
   <div class='ocr_carea' id='block_1_4' title="bbox 58 2922 857 2991">
    <p class='ocr_par' dir='ltr' id='par_1_7' title="bbox 58 2922 857 2991">
     <span class='ocr_line' id='line_1_39' title="bbox 58 2922 857 2991; baseline -0.009 -13"><span class='ocrx_word' id='word_1_321' title='bbox 58 2929 133 2984; x_wconf 81' lang='lat' dir='ltr'>nentia</span> <span class='ocrx_word' id='word_1_322' title='bbox 141 2929 169 2980; x_wconf 90' lang='lat' dir='ltr'>iu</span> <span class='ocrx_word' id='word_1_323' title='bbox 181 2930 245 2981; x_wconf 81' lang='lat' dir='ltr'>statu</span> <span class='ocrx_word' id='word_1_324' title='bbox 257 2926 396 2981; x_wconf 79' lang='lat' dir='ltr'>innocentie</span> <span class='ocrx_word' id='word_1_325' title='bbox 410 2940 457 2980; x_wconf 89' lang='lat' dir='ltr'>nou</span> <span class='ocrx_word' id='word_1_326' title='bbox 469 2925 551 2978; x_wconf 82' lang='lat' dir='ltr'>luisset</span> <span class='ocrx_word' id='word_1_327' title='bbox 559 2925 687 2991; x_wconf 85' lang='lat' dir='ltr'>laudabilis,</span> <span class='ocrx_word' id='word_1_328' title='bbox 696 2937 748 2988; x_wconf 79' lang='lat' dir='ltr'>qua</span> <span class='ocrx_word' id='word_1_329' title='bbox 766 2922 790 2973; x_wconf 92' lang='lat' dir='ltr'>iu</span> <span class='ocrx_word' id='word_1_330' title='bbox 800 2925 857 2973; x_wconf 82' lang='lat' dir='ltr'>tenu·</span> 
     </span>
    </p>
   </div>
   <div class='ocr_carea' id='block_1_5' title="bbox 0 0 1005 3309">
    <p class='ocr_par' dir='ltr' id='par_1_8' title="bbox 0 0 1005 3309">
     <span class='ocr_line' id='line_1_40' title="bbox 0 0 1005 3309; baseline 0 0"><span class='ocrx_word' id='word_1_331' title='bbox 0 0 1005 3309; x_wconf 95' lang='lat' dir='ltr'> </span> 
     </span>
    </p>
   </div>
  </div>
 </body>
</html>
