1984 3309
95 158 123 196 nn
138 157 182 194 ms
195 155 222 194 nr
234 155 319 202 onnus
336 157 436 196 nonrms
449 157 584 198 sunnone
598 157 731 198 noueram.
785 151 834 200 ort

43 231 61 283 in
75 247 110 298 quo
132 233 254 286 beatitudo
277 233 396 296 consistit,
416 235 476 298 quod
498 234 585 286 seilicet
600 236 693 289 beatum
713 236 784 303 feeit,
798 241 835 289 est

41 304 77 370 aliq
92 305 110 358 'd
125 308 196 358 extra
213 303 310 356 ammam
318 343 325 368 ,
340 309 365 356 ut
384 302 523 358 dictumest.

308 448 471 504 ARTICULUS
486 451 544 504 vnn.

53 561 130 606 urum
141 557 267 605 mturare
282 557 385 604 toarno
399 560 514 604 consuatur
527 561 554 604 or
567 561 648 619 aequo
657 562 716 608 eom
730 555 818 610 mro.

64 672 91 722 td
103 674 215 723 ootawm
230 667 263 718 sie
276 668 405 734 proceditur
420 668 462 733 (1).
477 668 570 720 Videtur
585 670 646 734 qudd
663 672 780 725 beatitudo
788 675 834 725 bo·

40 744 96 794 uiur's
105 740 223 794 consistat
231 739 255 789 in
263 739 338 804 aliquo
349 741 410 791 beno
418 745 505 792 create.
514 741 572 791 broit
579 741 640 792 enim
648 743 780 810 dionysius,
790 745 829 794 lv.

39 827 78 876 rap.
95 814 190 865 Dr'az'ra.
209 812 284 862 Nom.
306 812 366 875 quod
386 829 399 860 u
413 812 490 864 diviua
511 813 623 877 sapientia
639 815 758 879 conjungit
775 817 834 870 fines

38 885 151 946 pinorum
164 881 285 947 principiis
298 884 465 944 secundorum:
481 899 495 932 u
505 898 587 948 eiquo
600 889 677 950 potest
687 888 760 952 aroipi
772 889 832 954 quod

38 970 140 1008 sumnum
149 954 267 1006 inferioris
279 958 365 1004 nature
380 954 409 1006 sit
419 954 531 1019 attingere
544 956 647 1007 intimum
663 961 750 1010 natura
764 973 833 1025 supe·

37 1028 99 1080 rioris.
114 1027 163 1080 Sed
174 1039 290 1077 summum
305 1026 405 1077 bominis
420 1027 504 1078 bonum
518 1032 555 1079 est
568 1028 692 1082 beatitudo.
707 1029 763 1082 O'am
777 1044 832 1095 ergo

37 1103 126 1164 ‚rogetus
136 1104 226 1152 nature
237 1097 316 1148 ordine
326 1097 356 1147 sit
365 1112 433 1162 supra
441 1100 567 1161 bominem,
576 1103 603 1150 ut
610 1101 634 1150 iu
645 1100 718 1164 primo
727 1103 832 1153 babitans

37 1178 64 1222 est
76 1174 126 1238 (rel
139 1174 159 1223 1.
175 1173 235 1235 part.
248 1174 329 1234 quest.
344 1174 400 1234 108,
419 1177 462 1222 art.
478 1172 523 1234 8.),
537 1171 626 1222 ridetur
637 1171 699 1236 qudo
715 1173 833 1226 beatitudo

36 1245 126 1296 trunonis
135 1241 249 1295 consistat
260 1241 282 1291 in
294 1243 337 1292 troo
346 1243 406 1306 quod
418 1243 492 1306 atiquo
503 1243 570 1293 niodo
577 1242 668 1306 attingit
677 1244 706 1297 ad
713 1245 829 1308 aufidum.

61 1320 81 1366 1,
99 1319 218 1368 Praeterea
227 1351 236 1377 ‚
249 1313 335 1368 ultimis
355 1312 407 1366 dois
421 1313 543 1380 cujustibet
559 1314 592 1364 rei
609 1318 645 1364 est
659 1313 685 1364 in
704 1327 747 1365 suu
760 1329 830 1380 opere

36 1389 127 1449 perireto
144 1403 151 1434 ε
167 1385 229 1436 unde
241 1398 294 1449 pars
311 1389 346 1436 est
361 1389 453 1450 propter
467 1388 556 1446 bium,
567 1385 627 1434 siout
643 1389 737 1450 propter
748 1387 827 1438 bnon.

35 1462 72 1509 sed
81 1465 129 1512 tota
138 1458 276 1510 universitas
287 1460 450 1518 aeturnum,
460 1471 512 1521 quae
521 1457 603 1508 dieitur
614 1457 700 1522 major
710 1458 830 1523 mundus,
901 1500 906 1508 .

35 1535 171 1596 rumperetur
186 1531 215 1580 ad
232 1529 364 1592 bominem,
379 1529 418 1594 qui
436 1528 461 1580 iu
481 1530 543 1580 vlit.
560 1529 658 1601 deor'e.
675 1532 751 1591 (text.
772 1531 835 1595 17.)

34 1603 109 1654 dicitur
119 1603 208 1652 mr'rrer
218 1600 337 1658 mandas,
350 1601 410 1652 sieut
420 1601 545 1665 perfeetum
555 1601 762 1667 adimperieotum.
773 1600 835 1666 Ergo

36 1674 145 1725 beatitudo
155 1672 256 1724 hominis
267 1673 372 1724 consistit
384 1674 466 1724 intuta
477 1673 625 1724 universitate
636 1678 799 1725 ruiturarum.

61 1751 82 1795 a.
93 1747 225 1807 preterea,
238 1758 279 1808 per
292 1745 336 1794 boe
351 1745 419 1794 bomo
432 1743 530 1794 efficitur
542 1745 637 1805 matus,
651 1758 692 1810 per
707 1744 769 1808 qaod
779 1744 833 1809 ejus

34 1817 131 1866 naturate
153 1814 288 1866 desiderium
309 1813 429 1878 quietatur.
444 1815 488 1865 Sed
511 1813 649 1865 desiderium
666 1814 767 1866 bominis
786 1828 833 1866 non

33 1887 160 1939 contenditur
169 1887 199 1936 ad
208 1886 283 1950 majus
293 1886 377 1938 benum
388 1884 455 1949 quim
462 1885 512 1952 ipse
523 1898 604 1950 sapere
615 1890 700 1951 potest.
711 1886 768 1940 edu
777 1899 832 1950 ergo

34 1961 96 2010 trono
107 1972 156 2010 non
169 1957 200 2009 sit
209 1971 280 2022 capax
292 1957 347 2008 boni
361 1957 420 2021 quod
432 1957 522 2008 excedit
531 1957 616 2008 limites
625 1959 696 2010 totius
709 1962 829 2020 creature,

32 2031 119 2080 ridetur
136 2029 197 2094 quod
216 2042 256 2093 per
272 2029 363 2092 aliquod
380 2029 464 2080 bonum
481 2033 583 2080 oreatum
598 2031 667 2080 bomo
684 2030 764 2081 beatus
783 2029 834 2080 deri

34 2102 121 2163 possit:
136 2105 161 2152 et
178 2101 212 2152 ita
227 2101 343 2152 beatitudo
359 2100 457 2153 bominis
474 2101 500 2152 in
513 2101 588 2165 atiquo
606 2101 666 2151 bone
681 2103 758 2153 ereato
779 2114 833 2151 oon÷

33 2173 99 2224 sistit.

62 2245 107 2296 Sed
117 2250 198 2300 eontra
212 2251 260 2309 est,
273 2246 334 2308 quod
346 2245 483 2310 Augustinus
494 2244 549 2294 dido
565 2243 625 2295 XIX.
638 2243 675 2293 De
691 2242 772 2294 civit.
786 2243 835 2294 Dei

34 2317 102 2380 (cap.
120 2317 178 2382 16.)
192 2334 197 2367 ;
214 2334 227 2364 u
240 2318 269 2367 Ut
282 2317 329 2366 uita
343 2318 416 2368 caruis
430 2316 506 2366 anina
516 2321 566 2379 est,
577 2315 610 2365 ita
618 2316 684 2366 beata
699 2315 748 2366 uita
758 2315 834 2368 bomi-

34 2389 81 2451 nis,
98 2389 160 2441 bens
174 2392 247 2452 est3o
263 2389 348 2452 dequo
367 2388 462 2449 dicitur,
476 2388 572 2438 Psutm.
591 2386 680 2439 exitu
694 2403 700 2437 :
716 2404 730 2436 u
750 2388 834 2440 Beatus

33 2461 129 2522 poprdus
141 2463 208 2526 nujus
219 2460 326 2512 dominns
337 2462 396 2511 bens
410 2461 460 2523 ejus
472 2465 516 2511 est.
531 2477 546 2508 o

63 2532 227 2594 (mundusne.
238 2559 270 2570 ·-
280 2531 338 2582 edm
354 2532 481 2597 appetitum
502 2533 626 2583 humanum
643 2531 684 2596 qui
698 2534 734 2584 est
751 2531 835 2583 rotun·

67 2701 99 2762 tlt
113 2705 148 2750 Da
160 2704 197 2752 bis
209 2707 281 2751 etiarn
289 2708 310 2751 1.
323 2712 394 2764 part,
405 2717 447 2762 qn.
461 2704 505 2764 12,
518 2711 561 2751 art.
575 2705 603 2764 1,
614 2710 639 2750 et
647 2714 687 2762 qa.
697 2704 743 2764 82,
753 2707 798 2750 art.
809 2698 833 2757 ἲς

36 2769 59 2806 et
70 2765 99 2824 Ξ,
110 2765 140 2825 b,
158 2781 198 2826 qu.
211 2768 255 2823 85,
267 2773 313 2814 art.
325 2769 352 2822 ²2
369 2775 393 2815 ot
408 2768 499 2815 Contra
513 2769 595 2819 (ἰωή,
607 2769 649 2814 tib.
661 2770 704 2826 IV,
718 2779 770 2824 oap.
782 2766 798 2810 Ἰ
811 2770 835 2811 et

38 2839 92 2882 rap.
107 2829 151 2885 st;
167 2838 191 2878 et
206 2831 308 2890 Opere„
326 2831 373 2888 ΙΙΙ,
387 2843 439 2889 oap.
459 2829 506 2876 108
518 2837 543 2877 et
555 2843 608 2888 rap.
623 2830 682 2884 aot,
698 2835 722 2875 et
736 2830 835 2886 Opere-1

39 2889 91 2947 XX,
105 2892 147 2940 tib.
161 2897 185 2956 1,
199 2895 278 2952 rapit
292 2900 315 2940 at
326 2894 354 2948 93
370 2899 427 2940 utet
442 2895 465 2940 in
480 2894 569 2942 Pasira.
582 2894 677 2951 XXXII,
692 2892 737 2938 eol.
747 2889 770 2935 8.
