1984 3309
980 77 982 108 Ι

149 164 196 213 eit
286 174 360 212 nunu
377 172 505 223 semme,
521 172 614 218 conso
631 172 696 222 mr,
714 172 771 210 uir.
789 174 817 209 u.

147 254 215 317 prout
229 250 338 315 importat
350 250 504 314 receptionem
516 250 600 309 wem,
615 262 662 299 nou
675 253 713 300 est
723 248 878 299 umora
889 248 947 311 quoi
980 249 982 288 i

148 322 179 373 sit
191 323 308 386 matario,
323 323 361 372 sed
375 325 514 385 potestesse
528 320 691 384 cujuscumque
703 320 828 370 eusteutis
837 320 950 383 inpoten-
980 321 982 362 i

148 394 189 446 tiu.
205 395 284 445 lnima
297 396 372 445 autem
383 391 428 442 etsi
442 406 488 443 nou
499 392 530 442 sit
540 391 667 455 composita
676 406 708 443 ex
718 392 815 441 materia
828 394 852 441 et
866 392 947 454 torma,

149 467 218 517 habet
230 470 306 516 manen
320 462 405 526 aliquid
422 463 610 527 potentialitatis,
623 465 751 514 wcunduur
766 477 837 527 quaro
849 465 952 514 conuenit
980 435 982 494 l

149 535 192 587 sibi
206 536 305 599 resipere
323 538 347 585 et
359 535 407 598 pali
416 572 424 599 ,
435 536 560 586 meandum
577 536 639 597 quod
653 535 786 599 intelligere
803 535 853 599 pati
864 539 916 598 ost,
930 542 952 583 ut
980 555 982 590 ;

149 608 231 659 otetur
245 607 269 656 iu
283 608 321 657 ur.
332 608 464 657 Mentore
479 608 546 670 (text.
559 608 599 669 ts)
610 605 654 670 (1).
980 609 982 672 J

180 680 213 729 ld
232 678 358 729 secuudum
378 678 514 740 dicendum,
535 677 596 741 quoi
613 678 663 739 pati
682 681 708 727 et
725 678 831 741 moveri,
845 680 892 729 etsi
910 693 951 729 non
980 679 982 706 ³

150 748 272 801 conueniat
286 750 368 801 anime
380 764 420 814 per
435 762 472 810 se,
488 748 596 799 convenit
608 752 690 799 amen
700 748 722 799 ei
739 762 779 813 per
793 749 917 811 accidens,
931 756 954 797 nl
980 751 982 754 '

150 820 173 871 iu
183 822 202 870 l.
216 822 251 870 De
262 824 349 871 unirna
362 820 443 870 dicitur
459 822 525 883 (lent.
543 820 592 883 63).
980 761 982 876 1

182 893 214 943 lid
232 894 324 943 tertium
341 892 474 955 (licendum,
486 892 547 955 quel
562 893 620 942 ratic
633 890 673 941 illa
689 892 795 956 procedit
810 894 840 943 ‹le
852 894 954 956 passione
980 883 982 930 Ι

150 977 201 1027 que
214 966 249 1013 est
262 977 315 1013 cum
332 963 520 1013 transmutatione
531 962 559 1012 erl
574 961 687 1025 octauum
701 965 726 1013 et
736 964 873 1027 hujusmodi
883 965 955 1029 passio
980 997 982 1004 -

150 1034 232 1085 anime
243 1034 365 1085 conuenire
379 1048 424 1085 uou
441 1037 518 1097 potest
534 1034 580 1084 nisi
590 1047 631 1098 per
648 1033 772 1099 accidens;
782 1048 826 1099 per
840 1049 867 1085 se
883 1041 953 1085 autern
980 1037 982 1068 ἑ

150 1106 259 1157 convenit
270 1106 395 1170 composito
412 1106 472 1169 quod
486 1108 522 1157 est
536 1104 693 1168 corruptibile.

449 1256 608 1309 iuncosus
622 1258 651 1307 11.
980 1325 982 1372 Ι

188 1372 275 1419 Uirium
288 1374 365 1431 ucesiu
382 1374 459 1433 mepte
473 1374 506 1419 sit
522 1374 549 1417 io
563 1352 632 1430 purte
647 1375 794 1431 appetitiva,
811 1376 923 1433 enimin

465 1433 644 1491 apprehensione.
980 1447 982 1450 ·

185 1546 217 1593 lu
230 1544 355 1595 secunlum
371 1545 404 1594 sic
415 1543 543 1608 proceditur
555 1542 603 1606 (t).
613 1542 710 1592 Videtur
722 1544 787 1606 quod
798 1545 878 1609 passio
889 1545 953 1606 magis

153 1612 953 1679 eitiuparteanimaeapprelrensivaquummpertsappetitira.0uou
980 1649 982 1658 .

152 1687 214 1735 euim
228 1690 263 1736 est
275 1704 290 1733 «
299 1686 396 1750 primum
408 1686 432 1735 'un
442 1684 542 1748 quolibet
554 1697 651 1748 genere,
664 1685 755 1735 uidetur
769 1699 824 1737 esse
835 1688 952 1737 maumnu

151 1757 240 1807 illorum
258 1772 307 1820 qne
324 1762 378 1807 sunt
393 1759 418 1809 in
433 1770 514 1820 genere
528 1755 580 1819 illo,
593 1760 617 1807 ct
630 1770 702 1806 causa
719 1758 837 1818 aliorum,
856 1777 871 1806 o
883 1766 908 1809 nt
922 1761 953 1808 di·
980 1793 982 1804 .

153 1828 210 1878 citur
226 1828 250 1878 iu
268 1830 296 1878 ll.
312 1828 421 1893 Metapa.
439 1830 507 1892 (text.
525 1828 558 1890 t).
578 1828 625 1878 Sed
637 1827 715 1891 passio
726 1829 794 1893 prius
805 1831 921 1882 invenitur
933 1831 953 1878 in
980 1825 982 1830 '

152 1902 218 1963 porto
230 1899 407 1963 apprehensione,
419 1912 486 1963 pann
494 1898 524 1947 in
537 1903 601 1962 parte
617 1898 762 1963 appetitiua;
777 1903 903 1952 nonenim
919 1916 954 1965 pu-
980 1913 982 1918 ·

155 1972 209 2022 titur
222 1984 275 2037 pars
287 1972 424 2035 appetitiva,
434 1970 480 2021 nisi
493 1970 600 2035 passione
610 1972 754 2035 procedente
765 1972 790 2023 in
800 1978 866 2038 parte
879 1987 954 2037 appre-
980 1993 982 2026 :

153 2043 258 2094 hensiru.
273 2045 330 2106 Ergo
341 2042 417 2107 passio
428 2047 464 2093 est
473 2042 547 2106 magis
558 2043 582 2091 iu
592 2044 846 2110 parteapprelrensina‚
858 2059 923 2109 quan
933 2046 952 2093 iu
980 2045 982 2060 '

153 2118 216 2178 parte
232 2114 363 2179 appetitiva.

185 2192 208 2237 1.
223 2189 351 2246 proterea,
368 2186 427 2249 quod
444 2189 479 2235 est
496 2185 695 2248 magnentium,
711 2186 870 2239 videturesse
884 2189 951 2236 minus

155 2258 283 2319 prosarump
295 2256 353 2307 actio
368 2256 428 2306 enim
442 2255 544 2320 passioni
556 2256 686 2320 opponitur.
698 2256 744 2307 Serl
762 2271 820 2321 pars
835 2259 952 2324 appetitiva
980 2259 982 2328 ᾗ

191 2383 221 2445 (l)
237 2386 281 2431 Vei
295 2386 328 2431 sic
340 2398 368 2429 ex
379 2384 500 2441 hypothesi
510 2396 580 2440 quatu
592 2390 618 2429 ut
633 2390 721 2429 certam
732 2388 865 2443 supponit:
879 2389 907 2434 st
919 2388 951 2431 in·

155 2446 260 2492 tellectus
268 2446 428 2504 impassibilis
437 2451 458 2492 ct
468 2447 574 2504 simplex
582 2452 625 2497 eet,
634 2449 699 2493 siccet
710 2447 880 2507 Amaporos
891 2452 953 2496 eicit,

154 2508 269 2565 quomodo
288 2509 427 2567 inteltc'pet,
441 2510 464 2553 ei
480 2508 621 2567 inmitem
641 2510 764 2567 quoddam
775 2515 834 2569 poti
850 2516 901 2559 est?
915 2521 951 2557 etc.

154 2570 276 2626 Appendix
295 2576 372 2615 autem
387 2582 487 2626 sequens
501 2572 617 2629 colligitur
631 2584 678 2618 nen
696 2573 770 2618 solim
786 2588 816 2621 ex
826 2573 867 2620 hle
881 2583 953 2621 notato

153 2636 226 2689 textu,
239 2630 278 2675 sed
290 2642 317 2674 er
330 2631 454 2687 adjunctis.

187 2696 218 2759 (2)
236 2702 269 2743 Ite
286 2699 322 2744 iris
338 2700 409 2745 etiarn
424 2701 496 2760 loiri,
512 2714 553 2759 qu.
572 2702 618 2763 tr,
638 2710 682 2749 art.
703 2706 730 2759 1;
746 2712 773 2751 ut
788 2713 813 2752 et
826 2710 871 2754 ΠΙ.
889 2713 954 2766 part..
980 2681 982 2698 Ι

153 2770 192 2812 qu.
207 2760 245 2817 15,
258 2766 301 2805 art.
313 2760 340 2813 1;
356 2766 380 2805 et
390 2775 430 2817 qu.
441 2764 481 2821 26,
496 2765 525 2809 de
535 2766 614 2821 verit„
624 2773 669 2812 nrt.
681 2767 770 2826 3,turn
782 2769 807 2814 iu
816 2782 897 2829 corp„
911 2778 954 2816 turo

152 2819 239 2874 ad183
255 2822 315 2866 etin
334 2822 459 2883 Dionysio,
475 2826 510 2871 De
532 2827 584 2873 dic.
603 2829 716 2879 Nonas„
736 2843 791 2887 cap.
807 2834 838 2890 2,
860 2834 912 2879 tect.
928 2834 952 2880 5.

152 2880 195 2923 cot.
207 2881 234 2935 23
251 2888 274 2925 et
288 2883 312 2927 in
324 2884 354 2928 ll.
367 2884 460 2937 little„
474 2887 530 2935 lect
548 2889 575 2949 5,
589 2892 636 2937 col.
650 2890 677 2948 ¹³
693 2894 844 2947 ce1.Pctr.,
858 2897 912 2943 lect.
929 2883 950 2939 iss
