1984 3309
145 188 191 235 tal
325 194 385 237 anas
397 198 417 249 r,
430 194 523 243 worm.
535 196 641 247 mm,
653 194 710 236 m.
723 192 759 233 rr.

396 400 398 407 a
439 356 597 409 iuncosus
609 349 648 405 lv,

246 472 332 519 Utricm
343 473 426 519 antimo
439 475 550 531 aeporctc
564 474 688 530 cognoscat
700 468 845 527 singularia.

175 594 212 643 Ad
221 597 326 657 quartum
338 592 371 643 sic
384 592 511 657 proceditur
521 592 669 656 (illidetur
680 588 740 655 quod
753 590 831 641 anima
840 592 943 655 separata

144 677 191 715 non
204 668 323 729 cognoscat
334 664 465 727 singularia.
478 664 544 713 Nulla
555 662 616 713 cuim
628 661 731 727 potentia
740 662 896 725 cognoscitira
907 677 944 713 rc-

145 741 223 788 manet
239 737 263 790 in
279 736 355 787 anima
368 739 473 801 separata
485 734 533 785 nisi
548 733 695 798 intellectus,'
704 736 730 783 nt
745 747 775 784 en
792 734 863 799 snpra
877 734 943 785 dions

145 811 209 875 patet
224 810 279 874 [qu.
296 812 339 871 ii,
353 811 395 857 art.
412 807 452 871 1).
467 808 513 857 sco
524 806 653 857 intellectos
665 818 712 856 non
726 809 764 856 est
776 805 945 870 cognoscitirus

146 881 305 945 singularium,
316 879 417 943 utsupra
426 879 530 930 habitum
538 878 630 945 est(qu.
641 882 681 941 86,
693 880 737 928 art.
748 877 783 942 1).
799 880 859 943 lirgc
870 879 944 928 anima

146 957 250 1018 separata
263 951 384 1015 singularia
398 964 445 1003 non
456 951 581 1015 cognoscit.

178 1031 201 1075 a.
217 1028 338 1085 Praeterea,
348 1024 420 1087 magis
431 1029 465 1074 est
477 1023 626 1073 determinata
636 1022 736 1087 cognitio
746 1036 791 1086 qua
801 1024 948 1087 cognoscitur

147 1097 230 1161 aliquid
243 1097 268 1145 in
279 1094 401 1159 singulari,
415 1095 483 1160 qnam
497 1095 536 1145 illa
549 1108 594 1159 qna
607 1093 750 1158 cognoscitur
758 1094 847 1157 aliquid
861 1094 886 1144 in
894 1095 946 1144 nni·

146 1167 237 1219 censali,
256 1168 301 1217 scd
315 1166 388 1217 anima
400 1170 504 1230 separata
517 1179 563 1216 non
575 1166 645 1217 hahet
657 1165 757 1229 aliquam
772 1168 947 1217 determinatam

147 1240 301 1304 cognitionem
315 1240 343 1289 cle
356 1239 475 1303 speciebus
489 1252 565 1289 rerum
575 1238 721 1288 naturalium.
735 1238 807 1288 llelto
821 1238 893 1302 igitur
905 1239 948 1289 mi-

147 1310 191 1361 nius
208 1310 324 1375 cognoscit
334 1311 466 1373 singularis.

179 1388 202 1434 ³.
217 1384 342 1443 Pusione,
356 1383 377 1433 si
394 1380 510 1446 cognoscit
521 1380 661 1446 singularia,
672 1385 697 1433 et
711 1394 758 1433 non
777 1394 821 1447 per
837 1396 946 1446 sensnm,

147 1455 195 1519 pari
215 1455 303 1505 renone
318 1454 395 1505 omnia
415 1455 540 1517 singularia
557 1455 684 1517 cognoscit.
701 1454 747 1504 Seu
766 1468 813 1505 non
832 1456 948 1519 cognoscit

145 1527 222 1577 cornia
236 1526 367 1590 singularia.
386 1527 445 1593 Ergo
459 1526 521 1579 nulla
534 1525 660 1589 cognoscit.

176 1599 220 1648 Sed
229 1602 308 1648 contra
316 1602 365 1662 est,
378 1598 437 1661 quod
448 1598 514 1649 dives
526 1598 651 1648 in-'inierno
659 1597 748 1661 positus
762 1598 836 1649 dixit:
847 1599 949 1650 «liabeo

144 1670 351 1735 quinquennium,
367 1687 380 1717 n
394 1672 420 1719 ot
433 1670 530 1721 habetur
545 1677 613 1727 Luc„
629 1670 689 1719 xvi.
978 1713 980 1734 ,

137 1752 140 1759 ’
180 1742 339 1805 (Coucnusro.
352 1768 382 1779 --
399 1741 482 1791 Anima
499 1738 604 1806 separata
617 1742 735 1805 cognoscit
752 1742 858 1805 quadam
871 1744 950 1807 singu-
978 1743 980 1774 ³

147 1812 214 1876 lania,
231 1811 429 1874 scinomannis,
442 1812 523 1864 verium
532 1826 559 1863 ea
570 1811 659 1862 tantirm
672 1814 701 1863 acl
711 1827 763 1876 qna
774 1814 949 1875 determinatur,

147 1886 184 1935 vel
202 1898 243 1950 per
254 1885 418 1951 precedentem
435 1884 602 1948 cognitionem,
618 1884 655 1935 rel
668 1883 768 1948 aliquam
786 1886 949 1948 allectionem,

141 1958 184 2007 rel
196 1958 321 2008 naturalem
333 1956 502 2017 habitudinem,
516 1956 554 2007 cel
570 1955 672 2006 divinam
690 1951 886 2022 ordinationem.)

180 2030 315 2093 Respondeo
331 2029 461 2091 dicendum,
478 2028 539 2092 qnod
558 2028 641 2078 animae
652 2030 763 2091 separatae
776 2028 854 2092 aliqua
869 2029 952 2092 singu-

149 2100 204 2151 laria
220 2106 370 2165 cngncscont,
390 2102 431 2151 secl
446 2113 494 2151 non
508 2100 585 2150 omnia
589 2123 598 2163 ,1
613 2099 684 2149 etiam
694 2113 744 2163 qoae
755 2104 809 2150 sunt
818 2102 951 2165 praesentia.

150 2174 184 2223 nd
194 2175 258 2239 cnjus
272 2174 411 2225 euidentiam
422 2172 611 2224 considerandum
618 2176 668 2234 est,
685 2172 745 2236 quod
759 2172 890 2236 duplexest
901 2187 953 2224 mc·
978 2229 980 2234 ,

150 2246 192 2296 dns
209 2246 359 2310 intelligendi.
374 2247 438 2297 linus
451 2258 493 2309 per
502 2245 677 2297 abstractionem
686 2245 916 2308 aphautasmatibns3
929 2251 952 2295 ct

151 2317 274 2370 secundiani
291 2317 361 2368 istum
377 2318 470 2367 modurn
490 2316 614 2379 singularia
631 2330 673 2380 per
685 2316 826 2367 intellectum
842 2318 952 2380 cognosci

150 2402 196 2441 non
211 2393 308 2455 possunt
321 2388 420 2452 directi,
438 2389 479 2439 sed
492 2388 621 2451 indirecte,
642 2388 704 2438 sicut
727 2386 796 2451 sopri
815 2388 903 2438 dicmur
916 2392 953 2440 ecl

150 2461 198 2525 (qu.
209 2466 248 2525 86,
259 2465 302 2512 art.
311 2460 345 2524 l).
360 2460 423 2511 illius
440 2460 522 2511 modus
541 2458 686 2523 intelligendi
699 2463 734 2510 est
746 2473 793 2524 per
806 2460 950 2510 influentiam

150 2533 277 2597 specierum
291 2532 305 2583 a
317 2532 376 2597 lleo;
385 2536 409 2583 cl
423 2532 544 2597 per‘istnm
559 2534 651 2586 muium
662 2527 792 2581 intellectus
805 2535 886 2595 potest
901 2533 951 2581 sin·
978 2549 980 2552 ·

151 2604 237 2667 goslaria
247 2616 393 2667 cognoscere.
408 2604 471 2654 Sicut
486 2602 548 2654 euim
561 2604 611 2668 ipse
622 2605 683 2653 Dens
694 2616 735 2667 per
743 2603 952 2667 auamessentinm

149 2676 293 2741 inquantum
308 2680 345 2727 est
352 2688 421 2727 causa
431 2676 594 2727 anniversalinrn
605 2680 629 2727 et
638 2674 811 2726 individualinnr
825 2675 952 2740 principio

184 2810 214 2877 (l)
236 2815 318 2861 Deliis
333 2814 402 2861 etiarn
419 2816 467 2873 IV,
482 2815 561 2865 Seot„
578 2813 632 2858 dist.
651 2812 695 2872 50,
713 2825 753 2871 qn.
773 2811 802 2871 3,
818 2820 864 2860 art.
885 2816 914 2871 1;
930 2819 954 2860 et

151 2890 199 2987 3:1⁸
200 2876 298 2987 rmolle
309 2878 387 2938 verit,
402 2884 446 2923 art.
459 2879 485 2933 2;
503 2884 528 2924 et
540 2890 580 2934 qu.
592 2877 622 2921 dc
637 2877 714 2925 anima
726 2882 752 2921 ul
770 2875 849 2939 priris,
862 2884 907 2925 ort.
924 2877 953 2923 15
