1984 3309
154 154 199 203 rut
276 164 352 205 rum
366 164 497 213 urrunnu,
514 162 608 207 oum.
625 162 703 213 nm,
718 163 775 203 m.
792 164 825 202 nv.

153 243 191 293 vet
209 254 299 294 recessu
310 243 338 292 ad
353 241 443 291 bouum
457 241 495 290 vet
511 240 541 291 td
554 239 669 297 Mum,
683 254 778 291 neoesae
789 240 875 291 vidum
886 242 939 304 quod

153 316 228 367 omnis
242 315 367 365 diderentin
384 313 514 377 pussionnm
529 311 612 364 mimo
624 312 655 363 sit
668 314 706 363 rel
719 314 855 363 mumdum
873 312 941 374 diffe-

155 389 265 438 rentium
275 387 333 435 boui
343 389 367 434 ei
378 386 443 435 muti
448 424 455 442 ,
466 386 504 435 rel
513 385 650 434 mundum
659 385 835 448 differentium
843 399 941 434 accessus

153 464 178 511 et
199 474 322 517 recessus,
336 457 372 507 uui
390 458 527 507 secuudum
541 457 666 521 mojorem
680 457 720 506 red
736 460 861 506 minorem
873 471 942 505 uetes-

153 549 210 584 sum
232 537 257 581 et
271 546 401 580 mersum.
418 532 461 581 Sed
473 531 551 595 primun
566 532 617 582 dure
627 530 765 581 differentiae
774 531 884 581 inducunt
896 543 942 578 ron

153 606 291 655 trurietmern
302 604 327 653 in
339 602 482 669 passionibus
496 603 591 663 anime,
602 606 630 651 nt
642 602 729 661 dietum
739 606 792 661 est3
802 603 870 652 tentia
877 608 941 651 nutem

153 676 279 728 uidemur
299 688 347 725 non
364 674 502 725 dversiduut
515 674 629 738 speeiem,
642 674 696 738 quir
714 674 749 723 n'e
764 679 843 724 ensem
858 675 941 723 induite

153 748 240 812 speeies
253 746 383 810 pensionum
392 746 483 795 inimo.
494 746 553 806 Ergo
562 745 825 809 nonpoteutensepnod
837 747 943 809 piufones

153 820 256 882 ejusdem
275 816 383 882 potenu'm
404 817 485 868 aninum
500 816 608 867 differunt
629 817 721 882 speum,
735 821 761 867 et
777 828 828 867 non
839 818 886 868 sint
900 830 943 866 eon

154 891 237 942 trunio.

184 963 229 1013 Sed
237 965 324 1023 uentre,
337 972 400 1011 umor
410 965 433 1012 et
442 960 550 1024 goudium
557 960 666 1010 differunt
676 961 756 1023 speeie
768 964 794 1010 et
802 964 859 1011 runt
868 961 892 1011 in
901 974 943 1009 osu·

153 1035 294 1098 oupisoibili,
309 1044 351 1085 neo
363 1038 439 1084 temen
456 1032 620 1083 uonnarianuu
637 1032 666 1081 ad
677 1032 796 1096 inrident,
809 1034 866 1097 quin
880 1034 943 1097 potius

152 1118 224 1155 nuum
239 1112 274 1155 est
285 1118 351 1154 causa
362 1104 464 1155 nimrim.
478 1106 536 1167 ingo
554 1107 607 1154 suut
617 1104 699 1167 utique
714 1105 837 1167 prmiones
855 1106 943 1169 ejusden

153 1176 272 1241 potentiae,
289 1188 340 1238 que
355 1175 463 1224 diterunt
478 1174 568 1237 specie,
581 1187 625 1223 nee
634 1177 688 1224 sunt
699 1177 831 1227 oontrnuiae.

186 1248 335 1309 (Cousnosro.
346 1272 377 1283 -
387 1246 444 1295 Sunt
456 1246 539 1310 aliqum
549 1246 574 1295 in
581 1249 647 1309 purte
662 1246 746 1297 uniusne
755 1248 890 1311 appetitiue
901 1260 944 1310 pas-

153 1319 228 1369 siones
244 1318 373 1369 differentes
388 1318 478 1381 speeie,
492 1331 540 1369 nou
555 1321 631 1369 tamon
650 1319 785 1384 mni-urim,
806 1324 835 1370 nt
850 1333 911 1370 umor
927 1323 946 1365 et

153 1388 289 1454 gaudium.)
748 1402 753 1404 ·
975 1415 977 1456 Ι

183 1462 318 1525 [despondeo
334 1460 468 1524 dicendum,
481 1463 542 1525 quod
561 1463 679 1526 passiones
694 1462 809 1514 differunt
828 1465 944 1516 seeundum
975 1465 977 1512 ἰ

152 1535 242 1595 rodun,
256 1548 307 1599 quae
319 1538 372 1583 sunt
384 1534 474 1597 objecta
486 1534 618 1597 passionum
627 1535 717 1585 enimn.
731 1536 870 1587 differentia
879 1543 945 1586 nutem
975 1535 977 1572 ἱ

152 1605 275 1657 aeduorum
289 1605 457 1669 poteststtendi
471 1606 599 1669 dupliciter.
611 1607 661 1657 Uno
677 1607 745 1657 modo
761 1610 890 1659 seeundum
902 1619 945 1669 spe
975 1597 977 1638 Ι

152 1677 210 1727 ciem
229 1677 265 1727 vel
283 1681 386 1726 naturum
406 1676 507 1741 ipsorum
526 1676 665 1738 activorum,
678 1678 738 1727 sieut
751 1677 815 1740 ignis
836 1679 908 1729 differt
922 1677 945 1723 ui

152 1763 219 1811 aqua.
233 1748 283 1797 Atio
297 1749 377 1809 modo,
395 1750 518 1799 moundum
535 1748 648 1798 diversam
664 1749 775 1799 uirtutem
790 1751 897 1800 uotiuum.
914 1749 945 1797 iii·

151 1820 247 1869 versitas
256 1822 331 1869 autem
341 1820 409 1868 uctivi
419 1820 457 1869 voi
465 1819 552 1880 mutini,
560 1823 671 1883 quintum
677 1820 706 1869 ud
713 1821 828 1871 virtutem
838 1822 944 1872 movendi.

152 1896 228 1957 potest
245 1891 316 1955 accipi
332 1890 357 1941 in
375 1891 518 1955 passionibus
530 1889 613 1941 animo
631 1893 758 1941 smundnur
780 1894 944 1944 similitudinem

152 1964 267 2026 agentium
281 1963 424 2014 naturalium.
433 1964 505 2013 Omne
519 1962 582 2013 enim
595 1976 690 2013 moruus
698 1964 771 2014 uniit
786 1966 943 2028 quodmodo
975 1953 977 2084 Ι

152 2038 180 2086 ud
191 2050 216 2087 ee
231 2036 334 2099 patiens,
346 2035 382 2084 uel
396 2034 444 2085 ise
455 2035 553 2098 repetiit.
566 2035 685 2085 Trebendo
699 2036 796 2097 quidem
815 2039 845 2087 ud
858 2050 896 2100 se,
909 2036 943 2083 triu

151 2108 204 2158 fauit
223 2108 248 2156 in
267 2106 326 2170 ipso.
341 2107 398 2156 Nam
418 2106 492 2169 primo
515 2107 608 2169 quidem
624 2106 663 2155 dut
679 2105 702 2156 ei
722 2106 898 2159 inordinationem
915 2107 943 2153 uei

151 2178 314 2243 aptitudinem,
325 2180 352 2227 ut
360 2177 384 2227 iu
398 2177 474 2240 ipsum
485 2179 576 2240 tendat,
587 2177 647 2227 sicud
659 2191 711 2227 oum
719 2192 809 2242 eorpus
816 2180 882 2243 leve,
892 2177 941 2241 qued

151 2254 187 2299 ost
200 2263 301 2313 sursum,
318 2249 485 2300 satientatem
503 2248 591 2312 oorpori
607 2252 728 2311 generuto,
743 2263 787 2313 per
800 2264 870 2313 mum
886 2250 941 2299 habet

150 2320 320 2369 indiuutiouem
329 2320 366 2368 uel
375 2319 525 2383 aptitudinem
533 2321 614 2371 adhoc
622 2321 683 2383 quod
691 2319 832 2371 sitsursnm.
842 2322 940 2372 Summo.
975 2343 977 2376 p

151 2391 262 2454 sicorpus
275 2396 406 2453 generatum
418 2396 454 2441 est
468 2395 533 2442 extra
543 2392 618 2441 losum
632 2392 849 2456 proprium,dutei
867 2390 941 2441 moneri

151 2463 178 2511 ad
193 2462 274 2513 iocum.
290 2463 384 2523 Tertio,
400 2463 473 2519 datei
486 2463 603 2527 quiescere
617 2463 643 2513 in
655 2464 724 2523 loeo,
738 2478 793 2513 oum
803 2463 940 2529 peruenerit:

150 2534 203 2599 quia
216 2546 245 2584 ex
260 2535 339 2583 eudem
356 2548 423 2584 ouum
441 2534 526 2598 aliquid
537 2534 636 2598 quiesuit
647 2533 673 2584 iu
686 2535 748 2597 tooo,
767 2548 811 2599 per
823 2550 890 2600 quum
902 2546 941 2583 mo

150 2608 245 2657 vehatur
256 2606 376 2655 odiosum.
389 2607 417 2654 Et
430 2606 532 2657 similiter
543 2606 714 2670 intelligendum
732 2610 770 2656 ost
783 2608 814 2658 de
833 2621 898 2657 muse
913 2618 941 2653 re
975 2607 977 2656 Ι

149 2676 269 2740 pulsionis.
287 2676 313 2724 ln
328 2675 425 2725 motibus
441 2681 517 2726 sutem
531 2678 659 2742 appetitiuae
671 2677 758 2742 perdo,
774 2679 867 2728 bouum
881 2679 940 2729 nutet
975 2661 977 2742 Ι

149 2745 214 2807 quasi
234 2746 341 2795 uirtutem
357 2748 515 2811 uttrnotivsm,
530 2748 629 2797 muium
643 2753 720 2799 aowin
734 2749 845 2801 uirtutem
856 2748 941 2813 repidsi·
975 2745 977 2750 '

149 2816 939 2885 vanu.Bonumorgoprimoinpotentiuappetitiunosusatquumdsn
975 2827 977 2860 ἑ

147 2882 329 2949 inclinationem,
343 2898 386 2937 seu
398 2886 566 2953 aptitudinem,
580 2904 621 2943 seu
633 2892 849 2945 oouuuturalitutem
863 2893 890 2943 nd
903 2892 940 2939 tu·
