1984 3309
133 160 181 209 teo
268 166 358 208 „nm
371 165 502 216 smnus,
514 162 610 210 oum.
622 162 673 214 ru,
686 162 747 203 nnn.
759 164 788 201 u.

432 330 591 383 iuuentus
606 328 635 381 ll.

285 458 371 505 Ulrr'em
380 457 482 505 intentio
491 458 524 503 rit
533 430 629 502 lantum
637 455 800 513 ultimifinia.

167 587 200 637 id
214 586 338 637 secuudum
356 586 390 637 sic
408 584 536 653 proceditur
545 584 590 649 (l).
607 581 703 643 Videtur
716 582 778 646 quod
799 581 940 633 intentioni
981 591 983 664 p

137 658 226 711 tantirm
244 658 319 709 rdtimi
337 658 399 710 finis.
418 657 506 709 Dicitur
522 657 583 707 enim
601 654 627 706 in
643 654 684 706 lib.
704 656 822 704 sentent.
837 653 939 718 Prospri
981 673 983 720 ;

138 731 193 797 (rel
207 728 347 794 Augustini)
364 745 370 780 ε
390 730 505 781 lcumor
519 728 548 781 ad
565 729 638 778 licum
657 730 693 777 est
708 725 814 777 intentio
832 726 938 778 codun

117 826 120 835 ·
136 803 180 852 Sed
193 802 254 853 Deris
266 805 301 853 est
310 801 405 851 ultimus
413 800 464 851 linis
472 798 569 850 humani
578 797 661 851 cordis.
669 799 730 861 Ergo
740 797 845 849 intentio
857 811 939 862 semper

137 872 233 937 respicit
244 872 349 923 ultimum
360 870 437 921 duem.

170 950 194 995 θ.
213 946 340 1005 Preterea,
355 941 452 995 intenlio
475 941 570 1005 respicit
589 941 660 991 finem
678 938 811 991 secundim
831 938 896 1005 qnid
914 944 944 988 est

139 1016 265 1077 terminus,
279 1019 303 1065 ul
315 1014 444 1065 dictumest
455 1013 507 1078 (art.
520 1017 544 1079 1,
556 1014 584 1063 ad
594 1011 627 1076 3).
641 1011 687 1063 Sed
700 1011 818 1064 terminus
832 1013 902 1064 hahet
913 1026 943 1060 ru-

139 1087 225 1138 tionem
246 1085 322 1137 ultimi
340 1084 400 1137 fluis.
423 1086 482 1151 Ergo
503 1084 599 1135 intentio
619 1096 711 1149 semper
728 1084 827 1149 respicit
846 1084 943 1136 ultimum

140 1158 217 1209 linem.

172 1233 195 1278 a.
210 1230 339 1293 proterea,
349 1228 407 1279 sicit
417 1226 514 1278 intentio
528 1226 623 1291 respicit
632 1223 794 1288 finemfiner
804 1226 895 1279 fruitio.
904 1225 944 1276 sed

141 1300 218 1352 fruitio
235 1313 326 1365 semper
341 1304 377 1351 est
390 1299 464 1349 ultimi
478 1298 540 1349 tirus.
555 1300 616 1362 Ergo
629 1301 654 1348 et
665 1296 777 1349 intentio.

173 1372 217 1423 Sed
228 1376 305 1423 contra
319 1388 325 1421 :
340 1371 435 1422 ultimus
446 1370 499 1420 linis
508 1370 660 1423 humanarum
671 1369 823 1420 voluntatum
838 1375 876 1422 est
885 1382 944 1430 unu,
982 1393 983 1398 =

142 1444 230 1495 scilicet
247 1442 379 1506 beatitudo,
393 1447 420 1493 ut
439 1441 508 1505 supra
521 1441 609 1493 dictum
623 1445 660 1493 est
678 1442 733 1506 (qu.
759 1444 790 1505 1,
808 1446 856 1493 art.
871 1441 909 1506 7),
925 1440 945 1487 si

144 1514 214 1577 igitur
226 1513 323 1566 intentio
337 1518 399 1567 esset
417 1512 506 1563 lantum
519 1511 596 1563 ultimi
611 1512 678 1576 duis,
696 1525 745 1564 non
758 1518 844 1565 esseut
859 1514 945 1567 diverse

143 1584 262 1635 hominum
275 1584 427 1648 intentiones,
443 1584 504 1647 quod
517 1586 583 1648 patet
592 1596 644 1635 csse
658 1583 750 1636 falsum.

176 1654 335 1721 (Concnusro.
347 1683 378 1695 -
391 1657 490 1709 Tametsi
507 1655 606 1707 intentio
622 1656 653 1707 sit
673 1670 767 1722 semper
788 1658 868 1722 ipsius
887 1658 945 1716 inu,

145 1738 191 1777 nou
205 1730 281 1777 tamen
302 1742 391 1795 semper
405 1731 441 1779 ost
454 1726 529 1778 ultimi
539 1726 614 1792 linis.)

176 1797 310 1861 Respondes
321 1800 450 1863 dicendum,
460 1798 521 1863 qudd
530 1797 590 1849 siout
597 1797 684 1849 dictum
695 1801 731 1848 esi
742 1798 797 1864 (art.
808 1800 849 1865 1),
859 1798 947 1852 intentio

145 1868 238 1932 respicit
254 1868 332 1934 tinem,
343 1869 467 1921 secundina
480 1870 542 1933 quod
555 1873 591 1919 est
601 1870 713 1919 terminus
730 1875 810 1922 motus
821 1872 947 1922 voluntatis¹

146 1940 173 1989 Iu
186 1942 251 1990 motu
265 1944 342 1992 autem
354 1945 429 2006 potest
447 1941 521 2005 accipi
538 1940 650 1991 terminus
663 1940 787 2005 dupliciter
804 1958 810 1992 :
826 1956 875 1995 nno
893 1944 950 1993 modo

146 2009 197 2073 ipse
209 2012 319 2063 terminus
329 2013 421 2064 ultimus
431 2013 454 2062 iu
465 2026 511 2077 quo
521 2012 655 2076 quiescitur,
665 2010 750 2076 quiesi
759 2014 877 2067 orminos
886 2015 948 2067 totius

146 2085 234 2145 moius3
253 2082 297 2135 alio
311 2086 378 2151 modo
393 2084 481 2149 aliquod
496 2083 596 2135 modium
607 2084 668 2148 quod
679 2087 715 2135 est
729 2084 875 2151 principium
888 2086 947 2136 unius

145 2152 217 2213 portis
229 2156 318 2217 motus,
330 2159 353 2207 et
368 2156 420 2206 linis
429 2156 467 2207 vol
483 2156 594 2206 terminus
608 2155 715 2221 alterius,
726 2156 787 2207 sicut
796 2157 822 2208 in
837 2160 901 2209 motu
911 2170 947 2220 quo

145 2218 191 2297 itui·
203 2222 232 2273 de
247 2227 266 2274 d
280 2227 304 2277 in
319 2228 336 2278 C
350 2242 390 2293 per
403 2230 435 2291 B,
450 2227 467 2277 C
483 2230 521 2278 osi
536 2226 646 2279 terminus
660 2226 769 2292 ultimus,
784 2227 804 2278 B
817 2233 896 2281 autem
909 2235 947 2277 ter-

147 2300 233 2365 mlaus,
243 2298 340 2349 sednon
349 2299 451 2363 ultimus,
462 2302 485 2349 et
496 2298 614 2363 utriusque
622 2301 758 2363 potestesse
766 2299 880 2352 intentio.
891 2299 947 2350 Unde

147 2358 199 2473 {tisias
206 2372 299 2428 sempor
308 2370 337 2421 sit
347 2372 409 2436 inis,
420 2384 466 2423 non
476 2374 555 2422 nmen
565 2374 654 2435 oportet
663 2369 725 2435 qnod
736 2384 830 2436 semper
840 2372 874 2423 sit
883 2370 948 2423 nltiui

178 2494 211 2543 Μ
226 2503 329 2561 Primum
346 2524 401 2577 ergo
419 2513 557 2574 dicendum,
571 2511 631 2575 quoa
646 2514 754 2563 interitio
773 2515 863 2565 cordis
874 2516 951 2567 dicitnr

145 2561 244 2615 clami
261 2578 297 2625 od
311 2582 408 2639 mom,
425 2598 472 2635 uon
488 2584 549 2649 quod
566 2586 625 2635 lleus
640 2584 670 2635 sit
688 2585 805 2649 obJectum
823 2586 952 2638 intentionis

145 2642 250 2703 semper,
266 2649 308 2698 Sed
325 2653 379 2715 qnia
394 2659 429 2706 est
441 2654 576 2707 intentionis
594 2654 705 2719 coguitor,
720 2658 759 2708 nel
773 2658 829 2721 quia
839 2658 890 2709 cdru
901 2670 948 2708 ora·

145 2796 209 2901 dis(Ji
209 2806 259 2909 318>ιι
279 2814 315 2861 uu
329 2820 400 2867 enlm
419 2826 443 2869 sn
461 2827 490 2884 s,
504 2828 534 2886 s,
550 2841 590 2886 qu.
605 2827 767 2887 rso,nn.1;
782 2838 808 2877 a
827 2830 950 2891 nanc,

192 2890 198 2902 ·
248 2882 315 2927 »δή
330 2880 358 2937 33
374 2891 398 2931 et
411 2898 452 2945 qu.
462 2889 543 2949 ωε
557 2891 639 2952 reric,
652 2897 698 2939 nrt.
712 2890 752 2938 18.
