1984 3309
151 146 196 193 titi
369 155 430 196 anns
445 155 468 206 1,
484 153 577 202 qnnsr.
595 154 624 206 c,
638 153 694 192 nnr.
711 154 731 190 r.

151 237 235 282 naturae
243 231 348 282 humanae
356 232 469 295 pertinet,
482 231 574 282 insum
582 231 717 282 innocentie
726 234 902 296 uterqnesexus
910 241 950 294 per

151 303 319 368 generationem
332 305 456 368 productus
469 299 575 362 inisset.)

181 377 315 441 Respondeo
326 375 456 440 dicendum,
468 375 529 440 qudd
540 376 597 426 nihii
606 389 684 428 eorum
695 389 745 440 quae
756 374 785 425 ad
799 373 952 440 complemen-

150 451 199 499 tum
212 449 319 499 humane
332 451 419 498 natue
429 448 561 511 pertinent,
571 447 596 498 in
611 452 671 498 statu
684 441 821 498 innocentie
835 446 950 498 defuisset.
974 439 975 522 i

151 521 213 569 Sicut
226 523 303 571 autem
316 520 344 569 ad
357 519 522 584 perfectionem
533 519 635 570 universi
645 519 763 583 pertinent
776 518 861 570 diversi
872 519 954 582 gradus
974 523 975 597 t

152 604 227 641 rerum
233 629 242 655 ,
256 592 289 642 ita
300 590 369 640 etiam
380 591 498 642 diversitas
508 605 577 642 serus
588 594 624 641 est
637 592 665 641 nd
675 591 840 654 perfectionem
848 592 953 640 humane

151 665 245 712 nature.
261 663 290 712 Et
304 662 356 714 ideo
369 663 394 713 in
405 666 466 713 statu
485 663 730 726 innocentiae'uterqne
747 677 817 714 sexus
831 677 874 728 per
889 676 953 726 gene

152 735 266 786 rationem
279 735 401 799 productus
415 735 504 785 fnisset.

182 808 217 857 nd
227 806 325 870 primum
336 819 390 870 ergo
401 805 538 870 dicendum,
548 805 608 872 qudd
620 806 714 858 immina
725 805 808 858 dicitur
822 822 881 857 mne
890 821 952 856 occo·

152 877 388 941 eionotuc‚quiacst
396 882 478 940 preter
487 878 640 930 intentionem
649 883 736 929 naturae
745 879 900 943 particularis,
911 891 951 928 non
974 919 975 944 q

152 954 228 1000 autem
238 953 322 1015 preter
331 948 483 1004 intentionem
492 955 578 1006 naturae
591 951 740 1016 universalis,
753 955 779 1002 ιιι
790 951 862 1016 suprd
871 950 954 1006 dictum
974 951 975 999 i

156 1022 492 1086 est(qu.9a,art.tad1t.

186 1094 221 1142 nd
230 1094 353 1143 secundum
364 1092 484 1143 dicendum
490 1131 499 1157 ‚
512 1093 571 1158 quod
583 1094 698 1158 generatio
711 1093 813 1147 immine
826 1109 875 1146 non
885 1093 953 1146 solim

153 1165 265 1228 contingit
282 1179 311 1216 ex
326 1165 417 1215 deiectu
432 1164 522 1215 uirtutis
536 1166 625 1233 active,
640 1167 677 1217 vel
689 1165 868 1230 indispositione
886 1171 953 1217 mate-
974 1197 975 1232 q

153 1237 207 1301 riae,
220 1241 246 1287 ιιι
255 1236 352 1300 objectio
362 1236 444 1300 tangit,
455 1238 496 1287 sed
509 1239 644 1302 quandoque
654 1237 745 1318 quidem
759 1251 788 1288 ex
804 1238 884 1306 aliquo
897 1237 951 1288 ami-
974 1235 975 1296 i

154 1309 217 1360 denti
231 1309 372 1370 extrinseco,
386 1306 445 1358 sicut
459 1309 611 1374 Philosophus
626 1308 681 1359 dicut
697 1309 722 1357 in
741 1309 781 1359 tit.
801 1309 840 1358 De
859 1311 955 1360 anr'mo·
974 1297 975 1332 ι

154 1381 232 1443 libne,
241 1380 322 1446 qudd«
330 1385 412 1430 uentus
423 1377 609 1445 septentrionalis
618 1381 738 1444 coadjuvat
749 1381 777 1431 nd
786 1381 955 1444 generationem

154 1456 321 1518 masculorum,
340 1453 443 1504 australis
460 1451 515 1504 uero
538 1453 565 1504 ad
582 1453 753 1516 generationem
769 1453 932 1516 foeminarum
945 1468 955 1497 ιι

155 1528 290 1590 quandoque
312 1525 380 1576 etiam
398 1539 426 1575 ex
444 1525 594 1589 conceptione
610 1527 704 1588 anime,
721 1527 747 1576 nd
764 1538 834 1588 quam
855 1529 884 1578 de
903 1521 956 1574 taciti

155 1599 287 1648 immutatur
301 1611 400 1661 corpus;
415 1601 438 1647 et
451 1595 566 1662 precipue
582 1596 606 1646 in
622 1601 681 1646 statu
695 1596 833 1647 innocentie
852 1599 899 1650 hoe
913 1607 956 1646 esse

155 1673 252 1732 poterat,
260 1669 350 1732 quando
359 1681 442 1732 corpus
454 1667 527 1732 magis
542 1672 589 1718 erat
598 1667 679 1718 animae
691 1668 830 1732 subjectum,
841 1673 869 1720 ιιι
878 1667 957 1719 scilicet

155 1741 282 1793 secundnm
292 1741 432 1790 voluntatem
441 1741 573 1804 generantis
583 1739 759 1804 distingueretur
768 1747 839 1790 sexus
854 1742 880 1792 in
891 1740 956 1806 prole.

188 1814 221 1864 nd
238 1813 331 1864 tertium
346 1813 483 1878 dicendum,
497 1811 569 1877 quod
580 1815 656 1880 proles
673 1813 758 1864 inisset
779 1813 863 1876 genita
884 1815 957 1862 niveus

156 1884 204 1935 vita
218 1885 322 1950 animali3
339 1886 367 1936 ad
382 1900 450 1949 quam
461 1885 520 1936 sicut
531 1885 632 1949 pertinet
646 1884 754 1950 alimento
769 1885 802 1934 uti
809 1923 818 1950 ‚
837 1886 875 1938 sic
895 1884 957 1936 etiam

157 1971 273 2020 generare.
293 1958 355 2007 Unde
372 1956 521 2007 conueniebat
535 1956 596 2020 quod
611 1970 692 2006 omnes
710 1961 866 2020 generarent,
882 1960 904 2006 et
916 1967 956 2004 non

156 2029 230 2080 solium
249 2029 318 2094 primi
331 2033 447 2095 parentes.
462 2029 494 2078 nd
512 2029 572 2092 quod
587 2041 728 2092 consequens
743 2028 833 2078 ridetur
852 2027 914 2093 qnod
928 2028 957 2074 tot

156 2100 255 2150 tuissent
269 2103 382 2162 generate
396 2099 497 2149 immine
509 2102 564 2163 quot
578 2111 660 2148 maren.

447 2451 620 2527 QUAESTIO
638 2454 665 2520 d.

160 2608 195 2655 De
208 2607 346 2654 conditione
354 2609 435 2667 protis
448 2609 593 2666 gerrerondoe
604 2608 721 2665 quantiam
735 2605 915 2664 adjustitiam,
929 2604 952 2646 ιἰι

406 2681 466 2726 dune
480 2680 600 2726 articulos
613 2679 703 2726 diuino.

192 2823 278 2874 Deinde
296 2822 482 2873 considerandum
500 2827 535 2874 est
552 2821 578 2873 de
597 2822 727 2874 conditione
741 2821 813 2886 prolis
826 2815 952 2884 generanda

161 2901 271 2960 quantum
284 2895 312 2946 ad
323 2894 444 2958 justitiam.
