1984 3309
121 206 157 242 nnc
171 205 213 241 nus
226 203 284 248 ons
297 205 434 244 inarmans
446 207 478 245 un
490 208 591 247 eoum.
606 209 703 260 ism,
717 212 770 252 suc.
804 202 850 253 tic

33 280 169 347 principio,
184 280 223 331 rel
235 294 266 331 ex
279 280 328 331 line
340 295 384 331 seu
397 281 504 335 termino..
515 284 594 339 llillect
609 285 671 337 enim
688 288 807 342 calefactio
821 291 851 343 ab

33 352 231 415 infrigidatione,
242 352 373 402 morandum
382 353 443 415 quod
456 355 507 405 haec
515 354 529 404 t
537 356 623 420 caldo,
636 358 723 411 scilicet
733 361 807 413 activo
817 362 850 427 (t)

33 427 59 472 ad
73 424 197 486 calidum
216 423 256 473 illa
270 428 349 474 autem
366 422 380 475 l
396 422 477 488 frigido
495 426 525 477 cd
543 426 648 490 trigidum
660 429 771 495 procedit.
785 434 850 485 Unde

34 509 131 549 necesse
145 500 201 558 est,
217 496 281 557 quod
292 496 404 559 potentie
417 496 596 549 diuersiiccntur
606 502 731 553 secundum
749 508 813 555 actus
825 509 849 557 ct

33 567 134 629 nnjecca.
153 568 204 617 Sed
217 571 297 616 mmen
311 566 499 630 considerandum
514 572 565 631 est,
579 569 640 637 quid
660 586 715 623 «ea
731 588 781 637 quae
797 580 849 627 suut

33 652 72 700 per
82 639 209 699 accidens,
218 652 267 688 uon
275 638 566 704 diversificantspcciem,n
576 641 629 704 quia
638 643 700 695 enim
707 645 849 698 coloratum

35 710 116 759 accidit
127 709 250 769 animm,
263 722 312 759 non
324 709 508 762 diversificantur
517 712 604 775 species
616 714 720 767 animalis
733 730 774 781 per
785 719 849 771 dille·

35 782 131 831 rentiam
144 781 236 836 coloris
241 817 251 843 ‚
264 782 304 831 sed
318 794 361 844 per
374 780 526 833 differentiam
540 784 591 847 ejus
606 785 667 849 qnod
677 800 718 851 per
732 802 757 839 sc
769 790 849 841 accidit

36 853 140 915 animali,
154 866 202 917 per
214 851 371 902 differentiam
382 851 469 903 scilicet
479 853 560 905 anima
571 856 699 919 sensilium,
709 872 761 921 quc
774 874 848 923 quan·

37 922 108 985 loque
124 922 252 974 invenitur
265 935 317 971 cum
330 922 435 987 ratione,
450 926 587 989 quandoque
602 927 651 979 sine
671 930 769 981 ratiom.
785 933 848 985 Unde

40 996 161 1045 rationale
174 997 204 1044 et
220 993 377 1043 irrationale
395 998 450 1045 sunt
462 996 598 1049 dillerentiae
610 998 712 1053 divisiva
727 1002 846 1068 animalis,

41 1063 134 1116 diversas
147 1066 206 1131 ejus
221 1064 313 1129 species
327 1065 500 1118 constituentes.
513 1069 552 1118 Sic
565 1069 633 1133 igitur
646 1084 691 1125 non
703 1087 847 1138 quecunque

39 1134 153 1188 diversitas
170 1136 322 1199 objectomm
337 1136 476 1189 diversificat
489 1140 604 1203 potentius
615 1143 711 1200 animae.
727 1145 766 1195 scd
782 1144 847 1197 dine-

38 1207 108 1257 rentis
117 1211 169 1275 ejus
182 1209 215 1259 ad
229 1208 293 1271 quod
306 1221 348 1273 per
361 1221 385 1258 se
399 1210 501 1271 potentia
511 1210 603 1275 respicit
616 1228 622 1261 t
641 1213 700 1264 sicut
714 1226 795 1266 sensns
805 1230 847 1280 per

39 1292 62 1326 se
72 1281 166 1345 respicit
178 1272 320 1345 pa'ssihilcm
333 1279 474 1343 qualitatem,
489 1296 543 1344 qno
555 1296 597 1346 per
610 1297 635 1334 se
648 1286 756 1336 dividitur
767 1287 793 1338 in
805 1302 845 1339 co·

38 1347 119 1415 lorem,
131 1364 242 1412 sonum,
261 1354 286 1401 et
299 1350 431 1413 hujusmodi
444 1366 450 1399 :
465 1356 488 1401 et
501 1352 553 1403 ideo
566 1354 611 1404 alia
623 1357 724 1419 potentia
737 1359 847 1409 sensitiva

39 1423 184 1486 estentona,
200 1421 295 1472 scilicet
307 1420 386 1481 uisus,
400 1425 424 1471 ct
443 1422 487 1472 alia
507 1424 569 1485 soni,
586 1426 672 1477 scilicet
689 1428 786 1479 auditus.
802 1430 845 1483 Sed

42 1493 137 1551 passibili
146 1492 276 1559 qualitati,
286 1495 326 1543 ant
334 1493 433 1543 colorato
442 1493 524 1545 accidit
533 1509 584 1547 csse
592 1496 717 1558 musicum,
726 1500 762 1549 uel
774 1514 846 1562 gram

44 1562 157 1627 uiaticum,
171 1564 215 1615 uel
228 1576 340 1627 magnum
354 1567 378 1613 et
391 1577 498 1627 parvum,
514 1569 553 1615 aut
563 1567 677 1619 hominem
691 1570 727 1619 vel
738 1568 844 1635 lapidem.

42 1633 68 1681 Et
84 1635 132 1686 ideo
150 1649 230 1702 penes
249 1635 385 1699 hujusmodi
403 1634 554 1687 differentiam
573 1638 680 1703 potentie
698 1640 780 1693 arrimn
798 1656 845 1693 non

40 1705 217 1773 dislinguunlur.

67 1779 98 1827 td
111 1780 214 1843 primum
225 1791 281 1841 ergo
293 1777 426 1841 dicendum,
435 1777 495 1842 qnod
510 1783 572 1831 actus
583 1780 636 1831 licet
648 1781 678 1831 sit
686 1782 797 1845 posterior
804 1797 845 1848 po·

40 1851 104 1899 tentia
114 1852 140 1901 in
154 1854 274 1910 ecce,cst
286 1854 363 1900 tamen
377 1850 439 1913 prior
453 1850 478 1901 in
491 1852 615 1903 intentione
629 1856 652 1903 et
667 1855 791 1905 mcuudum
806 1869 843 1906 ra-

40 1920 135 1986 tionem,
147 1924 212 1973 siem
225 1921 280 1973 linis
295 1926 388 1985 agente.
404 1921 523 1987 Objcetum
536 1928 629 1988 antem,
644 1924 698 1975 licit
710 1924 741 1974 sit
753 1925 843 1977 extrin-

40 2006 121 2056 secum,
131 1998 171 2044 est
183 1999 265 2044 minen
279 1991 431 2057 principium,
443 1993 481 2043 vel
492 1994 546 2044 linis
557 1994 653 2045 actionis
667 1997 711 2059 (Ξ).
728 1996 843 2063 Principio

40 2072 111 2117 autem
121 2072 146 2118 et
157 2067 199 2116 tini
211 2065 418 2130 proportionantur
430 2079 458 2116 ea
470 2080 521 2130 quae
533 2072 587 2117 sunt
600 2068 722 2119 intrinseca
737 2068 779 2119 rei.

66 2139 98 2186 nd
111 2137 242 2189 secundnm
254 2137 391 2199 (licendum,
404 2136 465 2200 quil
475 2137 496 2187 si
506 2138 607 2201 potentia
620 2140 694 2203 aliqua
708 2153 749 2203 per
758 2153 782 2191 se
796 2154 843 2192 res

40 2209 121 2268 piceret
142 2221 217 2258 unum
236 2206 404 2258 contrariomm
422 2206 481 2258 sieut
500 2210 631 2273 obiectum,
650 2214 764 2275 oporteret
782 2212 843 2277 quod

39 2280 175 2330 contrarium
190 2278 219 2329 acl
233 2278 303 2329 aliam
313 2278 441 2342 potentiam
451 2279 588 2344 pertineret3
599 2282 638 2331 sed
649 2282 751 2345 potentia
761 2282 842 2337 animo

40 2364 80 2398 non
88 2365 130 2417 per
140 2365 167 2402 se
177 2349 273 2414 respicit
281 2350 397 2415 propriam
406 2348 514 2401 rationem
523 2352 639 2415 contrarii,
650 2352 689 2403 sect
700 2366 843 2405 communem

39 2422 148 2473 rationem
161 2423 284 2485 utriusque
297 2422 464 2472 contrariomm
476 2437 482 2471 :
495 2422 557 2480 sicut
565 2422 630 2473 uisus
643 2437 689 2474 non
701 2422 792 2487 respicit
801 2438 843 2489 per

40 2505 61 2540 se
72 2495 185 2545 raconem
196 2493 242 2542 albi
250 2531 257 2556 ,
266 2494 307 2543 sccl
318 2492 433 2545 rau'onem
442 2494 532 2544 coloris.
542 2494 573 2543 Et
579 2494 623 2543 hoc
632 2494 699 2558 ideo,
708 2495 761 2559 quia
772 2508 842 2546 unum

69 2658 98 2717 (t)
110 2659 150 2705 An
161 2657 232 2705 calidi
243 2657 328 2715 pumici
336 2654 492 2711 differentiam
503 2658 563 2713 quod
577 2654 653 2705 calefit
662 2672 708 2704 non
719 2659 840 2707 calefacit:

44 2722 138 2795 elidem
151 2722 181 2767 dc
201 2720 284 2777 frigido
297 2719 449 2778 proportione
465 2720 564 2776 quadam
577 2721 716 2780 subintelligi
734 2724 803 2769 dehet
817 2723 841 2769 in

46 2782 162 2911 ³(uitililcltl'ctl
169 2854 276 2909 quamuis
284 2852 437 2899 materialiter
445 2852 475 2897 sit
484 2853 638 2899 extrinsecum
648 2854 774 2901 lormalitcr
783 2853 841 2901 nihi·

48 2912 136 2962 tnminna
144 2922 181 2961 est
190 2916 354 2975 intrinsecum,
367 2916 418 2961 cive
427 2914 484 2961 crdo
496 2916 524 2960 ccl
533 2916 601 2976 illud,
613 2922 659 2963 cto.

162 3024 189 3061 lt.
709 3014 723 3059 5
