1984 3309
142 176 174 213 not
187 174 304 214 concrum
317 176 344 215 nr
359 178 456 217 urorum
469 179 623 218 unumunurn
637 180 744 220 toruum.
800 174 845 221 861

79 253 113 303 bd
123 253 247 303 secondum
259 252 388 314 dicendum,
400 254 458 317 quon
470 256 574 319 quamvis
583 257 635 307 bois
644 258 674 308 sit
682 272 750 309 consu
761 260 846 310 extrin-

48 338 110 387 seco,
126 328 204 374 umen
229 324 303 375 debito
324 326 440 390 proportio
455 327 484 377 ad
504 327 574 379 finem
589 334 612 379 et
631 330 712 381 relatio
726 331 751 380 iu
770 332 846 395 ipsum

48 397 146 448 inbaeret
159 396 252 447 actioni

80 469 114 517 Ad
130 467 223 517 tertium
242 466 376 533 dicendum,
388 468 448 533 qubd
466 470 523 519 nihil
537 472 643 535 probibet
659 474 743 524 actioni
756 474 849 525 habenti

47 552 115 589 onam
131 537 292 603 predictorum
303 540 428 591 bonitatum
438 542 518 593 deesse
530 544 616 594 obem:
632 549 656 595 et
670 546 793 596 secoodbm
802 547 847 597 boc

47 609 159 673 contingit
170 610 282 660 actionem
292 624 342 674 quoe
353 616 388 663 est
397 614 455 663 bono
467 613 592 664 secondum
609 618 708 679 speciem
720 630 798 678 suram,
810 618 849 667 rcl

47 680 169 732 secuodbm
188 681 384 745 circumstantias,
403 684 504 735 ordinari
525 687 552 735 ud
571 686 640 737 tinem
665 689 764 749 malum,
778 687 847 739 cele

47 766 172 816 converso3
187 764 233 802 non
251 756 330 804 tamen
343 759 379 805 est
398 755 456 805 ectio
474 756 534 805 bona
547 756 694 821 simpliciter,
705 758 749 807 nisi
767 772 847 809 omnes

46 825 161 875 bonitates
174 828 319 886 concurrant,
331 826 384 889 quio
395 843 409 874 o
417 826 513 891 quilibet
525 828 646 892 singularis
653 830 756 879 deiectus
769 832 848 879 mosot

46 896 144 958 maium,
156 893 242 945 bonum
256 899 331 947 autem
344 901 448 947 causatur
460 910 488 947 ex
499 896 588 959 integra
601 911 686 961 causo,
698 915 712 946 n
723 902 751 948 ut
762 899 848 963 biony-

46 966 93 1017 sius
103 966 159 1016 dicit
174 967 247 1017 c.1V.
262 968 300 1017 De
314 968 409 1017 dr'vc'or‘o
425 968 586 1019 Nominibus.

342 1080 500 1153 norroooo's
513 1103 541 1151 v.

75 1198 162 1243 Utritm
178 1200 260 1256 utiquo
276 1200 336 1245 actio
350 1200 457 1245 bumana
475 1202 508 1246 cit
523 1200 582 1245 botro
598 1202 636 1245 vel
649 1202 716 1246 molo
731 1202 758 1245 icc
776 1214 820 1245 ouo

406 1274 487 1319 specto.

76 1362 110 1411 bo
122 1362 228 1424 quintum
244 1360 277 1415 sic
288 1362 416 1427 proceditur
431 1363 475 1427 (t).
490 1362 583 1413 Videtur
599 1362 659 1426 qubd
672 1367 737 1412 actus
749 1364 848 1415 moratos

45 1446 92 1483 uon
109 1432 218 1485 differant
236 1434 312 1499 specie
336 1434 459 1485 secundbm
478 1434 569 1483 bonum
590 1438 614 1484 et
631 1434 739 1484 motum.
759 1435 848 1483 Bonum
878 1486 884 1499 ,

47 1505 108 1555 enim
116 1507 141 1555 et
149 1504 231 1555 malum
238 1505 262 1554 in
270 1504 476 1555 actibusinvenitur
485 1504 630 1556 conformiter
637 1506 716 1565 rebuS,
727 1508 753 1553 ut
761 1505 848 1554 dictum

46 1582 81 1627 est
96 1576 153 1640 (qu.
169 1578 212 1637 1).
225 1576 268 1627 Sed
279 1577 303 1626 in
316 1579 384 1628 rebus
394 1576 485 1626 bonum
495 1580 519 1627 ot
528 1576 626 1625 motum
640 1589 685 1627 nou
695 1574 850 1625 diversificant

45 1648 164 1711 speciem;
179 1647 238 1697 idem
254 1649 317 1699 cuim
335 1648 412 1713 specie
426 1652 460 1699 est
471 1649 540 1699 bomo
559 1648 634 1697 bonos
649 1651 673 1698 et
689 1648 770 1696 molus.
788 1648 848 1709 Ergo

45 1732 121 1782 neque
140 1717 209 1769 etiam
224 1718 316 1769 bonum
331 1724 355 1771 et
368 1720 470 1778 oculum,
486 1720 511 1769 in
528 1719 616 1770 actibus
628 1718 782 1769 diversificant
794 1732 847 1783 spe-

45 1804 114 1839 orem.

76 1866 101 1911 2.
123 1864 251 1925 Praetcroo,
267 1864 350 1914 metron
369 1877 419 1913 curo
435 1862 466 1913 sit
485 1862 596 1927 privatio,
614 1865 649 1913 est
668 1862 781 1924 quoddam
800 1876 849 1924 oon

44 1949 96 1982 eno.
108 1932 154 1983 Sed
165 1946 213 1981 coo
227 1948 269 1983 eno
283 1947 328 1985 oon
340 1937 416 1997 potest
434 1948 485 1985 esse
499 1933 641 1996 differentia,
658 1933 783 1983 secundum
795 1931 849 1979 Phi-

44 2005 168 2068 losopbum
182 2003 205 2053 in
217 2004 256 2059 111.
271 2005 390 2069 Metopb.,
401 2009 458 2056 tent.
469 2010 508 2055 itt.
519 2004 575 2054 cum
587 2017 640 2066 ergo
650 2001 776 2052 diberentia
793 2014 848 2051 con-

45 2077 128 2125 stituat
143 2075 239 2139 speciem
247 2112 257 2138 ,
272 2076 362 2126 videtur
375 2078 434 2141 quod
453 2075 535 2139 aliquis
549 2079 613 2124 octos
629 2087 657 2125 ex
674 2075 718 2123 boc
735 2073 797 2135 quod
814 2076 849 2121 est

45 2148 136 2211 malus,
150 2160 196 2197 non
215 2147 364 2201 constituatur
380 2148 405 2202 in
421 2150 497 2211 aliqua
511 2145 586 2212 specie
604 2161 611 2195 z
626 2148 650 2195 et
668 2146 701 2193 ita
718 2146 808 2193 bonum
825 2148 848 2194 et

45 2218 149 2269 crolum
161 2233 207 2270 non
221 2219 373 2271 diversificant
383 2218 482 2283 speciem
493 2222 643 2269 bumanorum
659 2219 760 2265 actuum

78 2294 102 2340 3.
116 2292 242 2352 Praetcnca,
255 2290 396 2341 diversorum
407 2294 497 2341 actuum
511 2287 637 2341 seouodbm
650 2286 752 2367 speciem
766 2285 849 2337 diuersi

45 2364 100 2411 sont
110 2364 181 2412 effect
182 2377 217 2412 us.
228 2363 271 2413 Sed
282 2362 342 2415 idem
354 2363 430 2427 specie
442 2362 538 2413 effectus
551 2363 627 2425 potest
637 2358 745 2422 consequi
758 2372 787 2407 ex
795 2362 849 2408 octo

44 2434 105 2483 bono
118 2434 144 2483 ct
157 2434 238 2485 malo:
252 2416 311 2484 sicut
328 2436 396 2485 bomo
412 2438 507 2497 generet
509 2448 534 2482 or
549 2445 579 2482 ex
590 2430 701 2481 adulterio
719 2432 787 2481 etex
802 2443 850 2479 ruu-

44 2504 173 2555 trimonicli
184 2504 313 2557 concubitu.
324 2506 383 2569 Ergo
399 2510 461 2557 actus
470 2504 545 2556 bonus
558 2504 582 2553 ct
595 2502 667 2553 malus
682 2516 729 2553 uon
744 2501 850 2552 biberunt

44 2576 135 2640 specie.

78 2650 102 2697 t.
116 2650 242 2713 Prummu,
256 2648 347 2699 boccum
363 2653 386 2699 et
400 2648 497 2698 oculum
512 2646 614 2697 dicitur'
608 2660 633 2697 m
646 2646 735 2696 actibus
747 2643 849 2707 quando-

44 2732 90 2783 que
114 2719 239 2771 secundum
258 2720 464 2781 circumsttaniom,
483 2723 510 2769 ut
531 2718 616 2769 dictum
634 2722 669 2769 est
682 2719 740 2777 (art.
754 2712 791 2776 i).
804 2712 850 2762 Sed

80 2836 113 2898 (1)
129 2839 208 2887 Debre
222 2840 291 2887 etium
305 2853 344 2897 qu.
357 2840 385 2898 2,
401 2839 428 2885 dc
440 2840 512 2899 mulo,
526 2843 569 2888 ort.
579 2836 610 2897 i,
622 2835 687 2897 nub,
697 2839 722 2879 et
736 2839 780 2879 art
791 2831 832 2891 5,Ι
826 2845 851 2877 m

44 2913 113 2957 corp.
