1984 3309
135 154 165 201 tt
333 160 727 214 rnaer‚oneer.t11v‚rar.r.
808 138 813 143 ’

134 239 181 290 diet
193 238 344 303 institutione,
357 239 387 289 ad
396 238 557 303 designandum
566 240 625 305 quod
634 238 715 303 uiginti
724 242 932 305 quatuorhorarum

132 310 207 377 apatia
222 310 338 375 pertinent
352 311 381 361 ad
400 325 469 360 unum
485 311 553 361 diem.
570 310 634 362 Unde
650 325 691 377 per
704 312 748 363 hoe
763 314 823 377 quod
838 312 931 377 dicitur,

132 395 198 430 anuo
213 380 336 444 prefigitur
351 394 458 431 mensura
473 380 519 431 diei
535 380 651 433 naturalis.
669 382 708 433 Vel
728 386 822 447 propter
834 382 891 445 hoe,
906 385 931 431 ut

132 450 337 516 signiticaretdiem
345 451 495 503 consummari
505 466 545 517 per
555 452 652 503 reditum
662 452 716 504 entis
725 452 752 503 nd
759 466 830 503 unum
838 458 862 504 et
871 452 931 503 idem

133 524 309 587 punctum.·tet
328 524 381 588 quia
399 525 511 587 completo
532 524 661 589 septenario
680 523 781 584 dierum,
799 525 887 575 reditur
903 522 930 574 ad

132 595 230 659 primurn
246 594 319 658 diem,
335 595 374 660 qui
389 599 496 647 eotenus
509 596 701 645 contortorum
715 596 756 645 has
769 599 816 645 tros
830 594 931 646 rationes

134 666 231 717 Basilius
241 667 348 731 designat.

338 890 342 895 ‘
373 946 549 1022 QUAESTIO
564 946 690 1019 LXXV.

133 1098 169 1147 De
182 1099 292 1152 domiue,
306 1099 352 1161 pot
365 1112 396 1147 eo
408 1100 540 1159 optritooto'
550 1104 572 1147 et
582 1098 707 1159 corporate·
721 1096 856 1149 micuerit
869 1110 934 1147 corna

136 1212 139 1219 .
163 1173 282 1232 portitor,
299 1177 321 1221 et
338 1174 420 1233 primo
439 1172 469 1218 de
484 1171 523 1217 tie
542 1182 595 1231 pon
609 1174 736 1231 peretum
755 1172 788 1217 od
806 1172 935 1219 meeum

164 1246 263 1296 emm,
275 1246 305 1290 ior
317 1248 404 1303 reptem
415 1242 533 1290 ortteettor
545 1242 635 1290 diviso.

163 1383 218 1436 Post
228 1384 431 1437 ooneiderationem
442 1386 551 1435 ereatura
563 1378 687 1447 'spiritualis
698 1385 721 1433 et
733 1382 868 1447 corporatio,
877 1396 936 1435 oon-
978 1430 979 1437 ,

131 1454 277 1508 siderandum
287 1461 322 1507 est
335 1456 363 1507 de
373 1454 479 1519 homine,
493 1454 535 1521 qui
549 1468 577 1505 er
592 1452 706 1520 spirituali
715 1456 739 1504 et
751 1453 863 1517 corporati
876 1456 934 1506 sub·
978 1452 979 1481 Τ

131 1527 216 1579 etantin
223 1527 373 1592 componitur.
381 1525 488 1592 Etprimd
496 1526 524 1577 de
534 1524 809 1589 naturaipsiushominis;
819 1525 933 1591 secundo,

133 1598 161 1649 de
175 1598 226 1663 ejue
235 1596 392 1662 productione.
402 1598 512 1647 Naturam
524 1599 601 1647 autem
615 1594 715 1648 hominis
724 1594 868 1646 considerare
879 1610 934 1661 per-

132 1668 192 1719 tinet
208 1668 237 1719 ad
254 1668 392 1731 t‘neologum
411 1681 440 1718 ex
461 1670 527 1731 parte
547 1666 644 1733 anime,
663 1680 710 1718 non
731 1670 807 1717 auum
826 1670 937 1731 exparte

132 1738 248 1803 eorporis,
261 1738 307 1789 nisi
322 1736 445 1790 seeundum
459 1736 615 1789 habitudinem
635 1749 703 1803 quam
720 1738 789 1788 hahet
806 1750 890 1803 corpus
907 1736 936 1789 ad

133 1809 241 1860 animam.
250 1810 279 1860 ut
291 1810 343 1861 ideo
356 1809 429 1873 prima
443 1808 594 1861 consideratio
605 1809 667 1861 oiroa
678 1808 778 1860 animam
792 1807 933 1859 versabitur.

133 1881 162 1931 Et
176 1881 241 1946 qnia,
255 1880 379 1932 secundum
393 1880 541 1946 dionysium,
553 1894 603 1945 cap.
622 1878 643 1930 11
658 1878 783 1944 Aepolium
796 1878 934 1941 hierarch..

133 1952 178 2002 tria
188 1952 336 2003 inveniuntur
351 1951 377 2003 in
391 1950 523 2003 remundis
538 1950 704 2017 spiuruahtus,
716 1949 801 2003 seilicet
818 1952 937 2015 essentia,

134 2021 207 2075 virtus
218 2027 241 2075 et
257 2024 373 2088 operatio,
384 2022 457 2089 primd
473 2022 665 2076 oonsiderabimus
677 2035 704 2073 ea
714 2032 766 2088 que
776 2018 895 2087 pertinent
908 2020 938 2075 ad

135 2094 259 2147 ementium
273 2095 367 2158 animae3
378 2094 477 2147 recundd
482 2134 492 2160 ‚
502 2109 528 2146 ea
539 2108 589 2158 que
600 2092 715 2159 pertinent
726 2094 754 2145 ed
766 2092 875 2143 uirtutem
886 2094 937 2145 siue

134 2167 249 2230 potentiae
260 2166 323 2231 ejm3
338 2165 416 2229 tertio,
428 2180 456 2217 ea
469 2180 520 2231 qnae
532 2166 649 2233 pertinent
662 2166 690 2215 ad
703 2160 861 2229 operationem
872 2164 935 2229 ejus.

165 2237 338 2303 irruptionum
352 2238 436 2301 duplex
453 2238 551 2287 occurrit
568 2234 735 2296 consideratio;
749 2248 845 2299 quarum
859 2237 946 2303 prima.

133 2312 169 2359 eet
181 2309 210 2360 de
223 2308 273 2373 ipoa
289 2308 366 2359 anima
379 2307 503 2359 seeundum
521 2322 559 2373 ee,
570 2310 669 2359 secunda
676 2344 685 2372 ,
697 2308 725 2359 de
739 2304 824 2358 unione
840 2306 893 2373 ejus
907 2310 936 2360 ad

132 2392 224 2444 eorpus.

162 2451 225 2503 Circo
239 2451 338 2517 primurn
350 2456 480 2515 queruntur
491 2454 597 2517 septem:
612 2454 639 2501 1⁰
653 2448 733 2503 Utrum
747 2447 866 2501 animarit
882 2464 935 2502 eor-

131 2535 183 2586 pus.
200 2526 226 2573 2⁰
238 2522 318 2574 Utrum
333 2523 409 2573 anima
420 2525 520 2574 humana
532 2523 563 2573 sit
575 2522 661 2587 ationid
673 2520 798 2573 eubistens.
813 2525 840 2569 3⁰
852 2521 939 2573 Utrum

131 2593 213 2645 animan
230 2596 346 2647 brutorum
356 2594 405 2645 oint
416 2596 576 2647 subsistentes.
589 2598 615 2645 t⁰
626 2592 707 2646 Utrdm
721 2592 797 2643 anima
806 2592 838 2643 eit
854 2593 936 2656 homo,

131 2664 170 2715 rel
182 2666 255 2729 magio
262 2703 271 2729 ‚
283 2668 352 2718 homo
361 2666 392 2718 rit
404 2666 490 2732 aliquid
501 2666 651 2731 compositum
661 2664 776 2717 exanima
790 2666 814 2713 et
826 2676 934 2729 corpore.

134 2740 161 2786 t⁰
175 2737 255 2788 Utrdm
266 2738 296 2789 rit
309 2739 434 2804 oompooita
446 2737 584 2789 exmateria
596 2740 620 2788 et
634 2737 715 2788 torma.
727 2741 753 2785 6ο
764 2732 846 2785 Utrirm
858 2734 939 2785 anima

133 2808 233 2860 numana
243 2808 274 2859 rit
285 2809 470 2875 inoorruptititis.
484 2814 512 2860 ‘¹⁰
524 2808 603 2859 Utrum
615 2807 690 2858 anima
699 2806 840 2871 ritejnsdem
850 2804 938 2873 speciei

135 2890 187 2928 eum
200 2880 296 2944 Angelo.
