1984 3309
335 191 368 226 os
384 190 573 230 consuscitatus.
811 184 858 233 2¹5

40 268 111 316 dium
130 264 251 330 superiori
271 266 344 329 parii,
363 268 389 315 in
406 280 451 331 qua
468 273 506 317 est
525 269 676 329 inlelleotus,
691 270 741 321 sine
759 272 818 321 ralio
831 276 859 323 et

41 342 168 403 noluntas,
180 338 305 402 dupliciter
313 356 320 388 :
327 353 374 389 uno
384 342 453 391 modo
462 342 566 405 quidem,
577 348 686 407 mantum
697 346 726 394 orl
736 346 856 409 rationem,

42 413 86 461 alio
96 411 156 462 nero
167 411 253 474 modo,
266 415 377 473 quantum
390 413 420 461 ad
431 415 581 463 volunlatem.
595 414 687 465 Rationi
699 416 791 479 quidem
803 418 859 468 obe-

43 485 108 533 diunt
130 487 250 547 quntum
272 483 300 531 ad
322 483 385 547 ipsos
402 498 456 534 suos
475 489 548 535 aolus.
570 485 643 549 Cujus
661 487 719 537 nulio
739 492 790 552 est,
805 490 858 553 quia

42 556 161 619 nppstitns
176 552 309 603 sensitiuus
321 554 345 602 iu
357 554 409 603 rtiis
421 555 513 618 quidem
530 558 669 608 animalibus
682 564 749 609 natus
763 564 798 609 est
810 574 858 611 mo·

43 628 93 675 neri
105 627 136 676 ab
152 624 296 676 sslimulira
307 626 407 675 nnuc:
423 626 485 676 sicut
493 628 545 677 orb
558 629 676 679 estimans
689 630 768 693 lupum
782 630 859 680 iuimi-

45 711 108 757 cuur,
121 697 204 747 timec
217 696 279 745 loco
293 699 373 745 cnon
388 697 529 749 uslimntivae
543 700 650 763 vinulis,
664 704 700 750 esi
716 702 738 750 in
754 702 857 764 hunnine,

45 771 102 819 scs
112 760 191 833 'snpra
209 768 299 818 cicun
313 770 350 817 cst
364 773 411 831 (qn.
434 774 477 832 ns,
493 775 537 820 aa.
554 772 592 835 a),
607 772 643 821 vis
659 772 790 835 cogitativa,
805 786 857 837 nnc

46 841 126 890 licitu
137 840 154 889 'u
165 838 310 903 quibusdam
322 844 389 889 cccco
399 841 577 903 particularis,
591 841 619 891 eb
633 842 694 906 quoi
707 846 742 893 cst
752 844 857 893 collativa

47 912 198 964 intentionum
215 911 395 961 infimum
411 927 417 961 :
434 912 496 963 uude
510 914 539 963 ab
553 927 581 963 eo
599 917 668 963 uatus
683 919 719 964 est
732 916 821 965 moreni
831 916 857 964 iu

48 983 138 1035 bombo
148 983 269 1048 ippolitus
282 982 414 1034 sensitirns.
424 984 477 1047 ipsa
489 989 566 1034 autom
576 986 635 1034 ratio
649 985 792 1049 particularis
804 988 858 1036 nala

49 1059 86 1102 cst
99 1056 186 1106 moreni
199 1058 227 1105 ct
239 1052 310 1117 dirigi
326 1055 351 1104 in
366 1056 459 1105 nominc
474 1058 597 1107 secunlum
611 1057 721 1107 rationem
739 1058 858 1107 nniversa-

49 1125 103 1175 lom.
121 1128 184 1177 Urnis
202 1126 232 1176 in
254 1126 416 1190 syllogisticis,
433 1142 463 1177 sn
480 1128 647 1179 univorsalibns
665 1128 858 1193 propositionibus

46 1198 212 1249 concluduntur
224 1198 387 1248 conclumouos
397 1199 532 1262 singulares.
542 1200 571 1249 Et
582 1200 634 1249 idco
649 1198 783 1263 palecqnbrl
797 1201 856 1249 ralis

47 1270 180 1320 universalis
199 1270 304 1335 imperet
321 1269 431 1333 sppctilai
452 1270 578 1331 sossitiro,
593 1270 633 1334 qui
649 1271 795 1333 distinguitur
815 1284 857 1335 per

46 1342 259 1407 concupiscibilour,
267 1340 444 1402 mmmmm,
454 1345 478 1391 et
485 1342 525 1390 bic
532 1342 652 1405 oppetilns
662 1346 697 1391 esi
706 1344 728 1391 ci
737 1342 855 1393 obediens.

48 1413 73 1460 Et
82 1413 136 1476 nuic
146 1414 264 1463 collucere
277 1410 417 1465 umvmsaliu
431 1412 544 1477 principia
562 1413 587 1461 in
604 1412 763 1463 conclusiones
778 1414 857 1476 singu·

48 1483 114 1546 lares,
128 1498 179 1535 uon
191 1488 232 1534 cst
248 1483 438 1547 opus-simplus
455 1484 603 1543 intellectus,
624 1484 664 1533 sori
681 1483 791 1548 inbonis,
804 1484 856 1535 idco

49 1554 166 1608 incurius
185 1560 211 1606 ct
229 1554 416 1618 concupiscibilis
429 1555 502 1618 magis
520 1556 626 1605 dicuntur
645 1554 736 1605 obedire
753 1556 853 1619 rationi,

49 1626 109 1687 quim
120 1626 264 1677 intellectui.
280 1627 328 1677 ucc
341 1626 413 1677 oisc
425 1627 519 1689 qriibot
532 1625 632 1690 experiri
642 1630 720 1689 potost
732 1626 758 1675 in
771 1626 854 1691 scipso.

46 1698 259 1762 applioenrloonim
269 1698 358 1761 obsum
366 1698 508 1748 universales
516 1698 711 1749 considerationes
722 1698 857 1761 mitigantur

47 1772 90 1831 ira,
103 1777 145 1821 sut
159 1772 240 1834 timor,
259 1774 300 1819 aui
313 1770 399 1833 aliquid
412 1771 562 1833 bujrrsuodi,
577 1771 613 1820 rel
627 1770 694 1821 ctiam
707 1771 854 1833 instigantur.

47 1843 163 1893 l¹olnnlaoi
180 1842 254 1893 otiam
274 1842 378 1905 subitost
397 1843 513 1906 appetitus
536 1842 673 1902 scrisitirns,
694 1846 807 1906 quantum
826 1843 855 1893 ad

44 1915 205 1965 executionem
215 1927 268 1977 quc
276 1912 302 1961 iil
311 1927 353 1977 per
361 1914 408 1962 rim
420 1914 539 1964 molinam.
549 1914 574 1963 ln
588 1912 639 1963 aliis
650 1914 711 1963 cuim
720 1913 856 1964 animalibus

45 1986 119 2035 statim
132 1988 162 2036 ad
177 1984 310 2049 appetitum
321 1985 503 2049 concupiscibilis
516 1989 541 2035 ei
555 1984 678 2035 irascibilis
689 1986 792 2049 seqnitur
806 1998 855 2035 mo·
868 1986 870 1992 '

46 2061 95 2119 tus,
108 2057 236 2107 siccioris
249 2057 335 2106 timeus
348 2058 437 2120 lupum,
445 2057 523 2106 statim
538 2057 607 2121 fugit,
620 2058 673 2121 qrnin
684 2070 730 2107 non
743 2061 778 2107 cst
788 2056 813 2105 in
821 2056 856 2106 cis

45 2129 147 2192 superior
156 2129 279 2193 qnpetitus
287 2127 327 2191 qui
335 2132 459 2191 repugnet.
468 2127 513 2178 Sed
523 2130 591 2179 bomo
601 2142 647 2178 non
658 2128 736 2178 stutinn
748 2130 856 2177 movetur

46 2204 170 2251 secuudum
178 2200 312 2267 appetitum
323 2200 460 2250 irascibilem
467 2204 491 2250 et
500 2200 710 2265 concupiscibilem,
720 2200 761 2250 sed
769 2212 854 2263 expec-

47 2277 104 2322 tatur
118 2272 246 2338 imperium
265 2272 410 2336 voluntatis,
429 2287 479 2335 qnae
504 2277 539 2323 est
560 2274 677 2337 appetitus
698 2271 808 2335 superior.
829 2271 854 2319 ln

46 2346 149 2398 omuibus
162 2345 229 2395 crrirn
241 2343 352 2408 potentiis
365 2344 458 2393 moniis
475 2345 587 2395 ordinatis
599 2385 605 2407 ,
618 2345 743 2395 mcnndnrn
758 2356 853 2393 movens

46 2420 200 2477 sonuisset,
218 2416 267 2465 uisi
283 2415 367 2466 russie
384 2416 451 2479 primi
464 2415 587 2466 moventis.
604 2418 666 2466 Unde
684 2414 800 2479 uppciitus
818 2413 854 2461 iu·

47 2488 109 2538 ferior
125 2503 177 2539 non
190 2488 282 2538 srrllicit
292 2500 385 2537 monere
394 2524 401 2549 ,
411 2487 456 2535 uisi
470 2487 586 2551 appetitus
604 2486 705 2551 superior
715 2485 852 2536 consentiat.

47 2560 72 2607 Et
82 2563 126 2611 boc
138 2565 178 2612 est
187 2560 252 2625 qnod
262 2559 416 2623 Philosophus
424 2559 481 2609 dicit
489 2561 514 2608 in
525 2562 565 2613 lll.
574 2562 612 2609 De
620 2562 708 2609 caiam
717 2558 784 2622 (lert.
802 2556 852 2619 ot),

48 2631 101 2692 qnod
117 2652 132 2682 n
149 2632 273 2697 appetitus
287 2631 393 2694 superior
405 2636 480 2681 movet
491 2632 619 2695 appetitum
632 2630 779 2689 inferiorem,
794 2628 854 2677 sicut

47 2705 128 2764 subscrc
146 2703 259 2768 superior
277 2702 419 2755 inferiorem.
438 2719 453 2749 o
467 2704 520 2753 -lioc
536 2717 591 2767 crgo
610 2703 677 2753 ruodo
690 2699 813 2750 irascibilis
829 2702 852 2747 et

48 2774 233 2841 concupiscibilis
247 2773 333 2824 rationi
345 2775 481 2824 subduntur.

76 2849 107 2897 td
116 2848 222 2913 primum
236 2858 294 2909 ergo
305 2845 434 2901 dicendum,
445 2846 506 2909 quod
515 2845 653 2895 sensnnlitas
662 2842 803 2905 significatur
810 2853 855 2903 per

51 2925 189 2982 serpentem,
200 2924 320 2983 (μυῖαι
335 2916 400 2966 noio
421 2918 480 2980 quoi
495 2920 530 2967 cst
544 2918 660 2981 proprium
678 2914 722 2964 sibi
742 2926 770 2962 cx
789 2914 852 2974 purte
