1984 3309
160 176 206 244 ιιι
354 202 414 241 rere
428 204 451 254 r,
464 201 559 247 unser.
575 199 640 250 rcus,
655 199 709 238 sur.
725 199 760 238 ιι.

159 285 184 334 in
200 281 283 333 tutioris
293 293 340 332 non
357 284 392 330 est
400 277 493 330 noxium
505 277 607 340 homiui3
620 281 644 328 et
656 289 685 327 er
696 289 742 342 quo
755 275 838 327 oemer'e
850 287 957 326 assensus

158 368 205 406 nun
212 353 345 415 adhibetur,
354 365 401 403 non
410 355 448 403 eet
455 350 575 416 culpabile.
586 349 632 400 Sed
640 351 690 400 hec
699 348 781 414 positio
791 360 835 397 uon
845 348 957 398 conuenit

157 424 283 489 integritati
298 424 367 489 primi
379 426 452 474 statue
469 422 557 488 :quia,
572 425 598 472 ut
611 419 750 484 Augustinus
766 418 821 469 dicit
839 419 902 470 XiV.
928 421 960 468 De

160 499 239 548 civit.
254 498 303 547 Dei
316 498 382 562 (cap.
397 495 441 557 ιιι)
453 533 459 556 ,
472 512 487 542 «
495 495 521 544 in
530 493 569 544 iiio
580 495 641 543 statu
652 495 701 542 erat
714 489 823 542 devitatio
836 491 959 555 trancpriiia

159 569 262 634 peccati3
277 581 322 634 qna
336 569 441 618 monente
454 567 542 616 nntium
560 565 645 614 malum
654 562 751 614 omnino
766 575 818 612 esse
830 567 933 626 poterat.
948 579 960 607 s

159 642 302 693 scutetum
312 639 508 704 estantem,quod
517 638 672 688 sicutorrum
681 637 809 687 estbonum
819 635 960 696 intellectus,
975 657 976 690 ς

159 714 191 765 ita
203 713 300 778 fudam
312 716 350 764 eet
363 713 446 762 maium
462 710 527 775 ejus,
541 714 566 759 ut
585 708 666 759 dicitur
680 709 719 758 vi.
741 707 824 758 Etdic.
837 709 906 759 Unde
920 722 961 758 uon

160 789 247 851 poterat
265 799 315 836 esse
335 783 414 848 qudd,
430 782 563 832 innocentie
576 785 697 844 mouente,
710 780 843 831 intellectus
861 779 961 830 hominis

160 857 226 908 alicui
244 858 301 908 saiso
316 855 471 920 acquiesceret
490 853 557 918 quasi
575 864 641 906 uero.
658 853 720 903 Sicut
736 851 837 902 enimin
855 852 961 902 memhris

160 930 261 994 corporis
271 927 338 993 primi
354 927 453 978 hominis
466 928 515 976 erat
532 923 624 989 quidem
638 923 738 974 carentia
752 923 907 988 perfectionis
921 925 962 976 aii·

160 1001 240 1065 cujus,
257 1003 311 1065 puta
326 997 449 1061 clantatis3
464 1011 510 1048 non
524 1001 604 1046 tamen
617 995 708 1060 aiipuod
722 995 807 1045 malurn
821 997 903 1048 inesse
922 981 977 1066 poi

160 1076 237 1122 terat:
252 1072 284 1122 itu
294 1071 319 1120 in
330 1070 448 1121 intellectu
460 1071 550 1133 poterat
566 1081 617 1119 esse
631 1066 732 1118 carentia
748 1067 838 1120 notitia
855 1070 962 1132 aiicujus,

163 1143 226 1193 nulla
241 1146 318 1192 tamen
335 1145 424 1206 poterat
433 1140 466 1191 ibi
480 1153 531 1192 csse
548 1139 687 1192 existimatio
700 1139 761 1190 taisi.
776 1141 843 1200 Quod
854 1142 928 1193 etium
939 1156 964 1190 er

160 1213 212 1276 ipsa
222 1212 357 1264 rectitudine
369 1211 438 1275 primi
448 1215 522 1262 stature
534 1214 636 1276 apparet.
649 1211 693 1262 Sed
707 1211 816 1275 quamdiu
830 1213 911 1264 anima
922 1228 964 1263 rna-

162 1288 227 1335 ueret
242 1285 291 1334 Deo
307 1283 396 1335 subdita
408 1321 415 1343 ,
429 1283 518 1333 tamdiu
533 1282 558 1332 in
575 1281 668 1332 homine
681 1281 790 1332 inferiora
808 1285 965 1349 superioribus

162 1355 324 1416 subderentur,
338 1369 383 1406 nec
394 1355 512 1420 superiora
529 1368 571 1418 per
584 1353 692 1404 inferiora
706 1353 884 1417 impedirentur.
899 1316 978 1407 stanti

162 1430 245 1480 testum
257 1429 293 1478 ιιι
302 1430 378 1478 antem
386 1440 416 1478 ex
426 1426 558 1491 premissis,
566 1425 627 1490 quod
635 1425 764 1476 intellectus
775 1425 836 1476 circa
849 1428 965 1492 propriurn

162 1501 275 1565 objectum
285 1511 376 1564 semper
384 1512 452 1549 renus
460 1502 504 1548 est,
515 1498 579 1549 Unde
588 1511 617 1548 ex
628 1497 704 1562 seipso
714 1501 832 1560 nunpranr
842 1499 964 1563 decipitur,

162 1574 202 1624 sed
221 1572 296 1623 omnis
314 1570 418 1636 deceptio
432 1569 514 1621 accidit
528 1570 554 1620 in
570 1569 688 1620 intellectu
705 1583 734 1620 cr
751 1569 827 1632 aliquo
845 1570 965 1628 interiori,

162 1647 219 1708 puta
241 1644 376 1708 phantasia,
392 1643 431 1693 uei
446 1642 523 1706 adque
538 1641 677 1706 hujusmodi.
701 1642 765 1692 Uude
781 1641 893 1694 videmus
913 1643 979 1708 quodi

163 1715 252 1780 quaudo
266 1715 368 1764 naturaie
378 1713 537 1778 judicatorium
548 1725 595 1763 non
613 1715 649 1763 est
659 1713 767 1775 ligatum,
779 1726 826 1762 non
842 1715 967 1781 decipimur

163 1799 205 1850 per
217 1785 347 1851 hujusmodi
357 1785 521 1850 apparitiones,
532 1785 572 1836 sed
582 1784 656 1835 solum
666 1785 757 1848 quando
766 1783 861 1847 ligatur,
871 1791 901 1837 nt
910 1789 966 1852 patei

163 1858 189 1908 in
201 1855 373 1909 dormientibus.
384 1859 448 1908 Unde
465 1857 611 1908 manitestnnr
623 1859 678 1919 est,
693 1857 752 1920 qnod
766 1857 884 1910 rectitudo
903 1858 967 1924 prini

165 1931 236 1980 status
253 1942 299 1980 non
317 1929 496 1994 compatiebatur
520 1929 618 1993 aliquam
638 1928 796 1992 deceptionem
816 1928 880 1981 circa
904 1931 967 1982 iutel-

126 2007 131 2024 '
163 2001 255 2051 lectum.
520 2023 523 2030 v

196 2073 230 2124 dd
241 2073 340 2138 primunr
348 2086 402 2137 ergo
412 2073 546 2136 dicendum,
557 2071 616 2136 pudd
625 2072 664 2123 iila
679 2071 781 2124 seductio
792 2073 918 2136 mulieris,
929 2075 968 2126 etsi

164 2144 307 2210 precesserit
324 2148 441 2209 peccatum
455 2144 548 2208 operis,
566 2144 686 2196 subsecuta
698 2147 774 2196 tanen
792 2149 828 2194 est
844 2151 964 2209 peccatum

165 2219 260 2269 internae
274 2216 385 2268 elationis.
396 2215 460 2266 Dicit
473 2215 535 2266 enim
551 2217 692 2281 Augustinus
702 2217 785 2280 Super
797 2217 860 2268 Gerr.
876 2219 913 2269 nd
928 2219 966 2267 lit.

167 2291 233 2353 (cap.
246 2288 306 2353 se),
320 2289 381 2352 qnod
393 2305 407 2336 u
417 2286 499 2338 mulier
514 2287 590 2338 uerbis
603 2287 715 2352 serpentis
724 2299 772 2337 uon
787 2289 912 2351 crederet,
929 2289 968 2339 uisi

163 2363 213 2425 jam
227 2361 313 2411 inesset
327 2361 399 2412 menti
410 2360 462 2424 ejus
476 2373 540 2410 amor
558 2360 655 2426 proprie
671 2359 808 2424 potestatis,
823 2365 848 2410 ct
863 2362 966 2426 quedam

166 2433 195 2482 de
207 2445 232 2483 ae
248 2433 346 2497 superba
357 2432 513 2498 presumptis.
531 2449 545 2480 u

197 2504 231 2554 tu
243 2505 368 2554 secundum
377 2505 508 2566 dicendum,
518 2503 579 2568 qudd
589 2504 671 2556 mulier
679 2505 770 2570 putarit
782 2510 917 2570 serpentem
927 2509 967 2556 hoc

166 2576 282 2639 accepisse
296 2576 404 2639 loquendi
414 2576 528 2640 odicium,
538 2589 584 2627 nou
597 2589 639 2640 per
651 2581 770 2640 naturam,
786 2579 827 2628 sed
843 2578 922 2644 aliqua
934 2593 967 2628 su-

59 2706 61 2709 ,
166 2645 304 2710 peruaturali
320 2647 459 2710 operatione.
477 2647 583 2706 Quamvis
597 2662 643 2698 uon
659 2649 688 2699 sit
700 2649 858 2700 necessarium
872 2649 967 2701 auctori·

167 2722 238 2769 tatem
252 2716 353 2780 Magistri
363 2719 552 2770 Sententiarum
566 2719 666 2784 sequitu
682 2722 725 2772 hac
741 2725 805 2786 parte
816 2722 866 2786 (t).

202 2872 233 2935 (i)
250 2876 296 2920 (tur
306 2887 347 2932 per
355 2881 487 2932 arpensem
501 2875 577 2932 potius
590 2876 659 2934 quim
678 2889 719 2935 per
732 2878 794 2924 eliud
806 2879 965 2936 quatecunque

169 2935 255 2984 animet
268 2937 373 2984 deuotus
389 2939 481 2996 aggredi
496 2939 621 2986 mutierem·
634 2946 659 2986 et
672 2941 695 2987 et
708 2941 772 2999 loqui
785 2941 816 2989 sit
827 2943 963 3000 permissus,
