1984 3309
226 203 257 239 nu
272 203 450 244 emmennone
465 207 548 246 amun
563 209 588 247 ιιι
604 207 720 249 munau.
830 203 872 253 tet

355 364 514 416 manculos
531 367 580 417 Vll.

115 479 201 525 Utraim
217 479 311 538 aliquid
323 484 414 536 proter
426 481 535 526 ordinem
551 483 638 530 divino
652 485 833 541 qudnmtionia

354 544 490 600 contingere
507 546 589 602 possit.

99 661 266 725 bisentinum
277 661 310 711 sie
325 661 506 728 proselitum).
518 663 680 728 videturqubd
691 664 776 730 aliquid
789 670 874 731 prater
902 711 904 718 .

69 733 171 785 ordinem
189 732 274 783 divine
294 733 464 795 gubernationis
478 735 609 798 contingere
626 737 708 800 possit.
730 737 789 788 Dicit
810 737 873 789 enim

70 804 159 855 Boetius
173 804 198 854 in
212 806 252 854 lll.
269 805 405 854 Deeooeol.
420 806 504 870 (prosa
519 807 591 869 llll),
603 806 664 870 qubd
679 809 762 859 «Deus
778 823 819 874 per
832 811 872 861 bo-

69 890 122 926 num
135 881 218 927 cuneta
231 877 341 940 disponit.
354 893 368 924 u
382 877 406 927 Si
417 890 472 940 ergo
483 878 541 929 nibil
551 879 576 928 in
587 879 655 929 rebus
667 879 779 944 contingit
791 887 874 946 prater

70 947 169 998 ordinem
187 947 274 998 divine
297 947 483 1012 gubernationis,
504 955 635 1014 sequeretur
655 949 715 1015 qubd
735 951 793 1002 nihil
810 956 873 1004 esset

73 1021 153 1070 malum
168 1019 192 1069 in
207 1020 285 1071 rebus.

101 1095 124 1139 a.
138 1091 264 1154 meteres,
275 1090 332 1141 nibil
345 1094 380 1142 est
389 1093 479 1142 casuale
489 1091 549 1156 quud
558 1092 636 1142 euenit
649 1093 773 1145 seeundim
785 1108 872 1160 praeor-

68 1162 206 1215 dinationem
219 1162 317 1227 alicujus
328 1163 485 1226 gubernantis.
497 1161 523 1212 Si
535 1161 605 1226 igitur
614 1162 672 1214 nibil
682 1164 761 1215 assidit
769 1165 793 1215 in
802 1167 872 1217 rebus

67 1238 145 1298 praeter
165 1234 269 1286 ordinem
282 1233 453 1297 gubernationis
467 1233 568 1296 dirinae,
585 1235 687 1298 sequitur
700 1236 759 1300 quid
776 1237 833 1288 nibil
847 1239 872 1289 in

68 1307 133 1357 rebus
146 1307 179 1356 sit
192 1306 312 1357 fortuitum
326 1309 349 1357 et
360 1307 459 1356 casuale.

97 1383 121 1428 3.
136 1379 265 1440 Praeterea,
275 1378 330 1427 ordo
348 1377 430 1428 divinae
441 1377 613 1441 gubernationis
626 1381 662 1428 est
670 1383 745 1430 sertus
754 1383 777 1429 et
786 1379 869 1431 immu-

68 1449 159 1513 tabilis,
173 1448 228 1513 quia
245 1452 280 1500 est
295 1448 421 1499 seeundium
434 1449 546 1501 rationem
557 1453 672 1500 aternam.
691 1451 714 1501 Si
728 1451 796 1516 igitur
815 1453 872 1504 nihil

66 1522 137 1587 possit
154 1520 289 1585 contingere
309 1521 333 1570 in
353 1521 421 1571 rebus
440 1525 524 1586 prater
542 1521 643 1572 ordinem
657 1521 741 1574 divinae
759 1524 872 1587 guberne-

66 1593 149 1658 tiouis,
159 1593 264 1657 sequitur
280 1591 340 1657 qu'ud
352 1593 429 1643 omnia
442 1607 471 1642 er
489 1592 623 1644 necessitate
640 1593 761 1659 eveniant,
776 1599 799 1645 et
814 1595 871 1646 nibil

67 1666 130 1715 sitin
143 1667 212 1716 rebus
223 1663 361 1728 contingens
374 1680 380 1712 ε
393 1665 453 1727 quod
470 1668 506 1714 est
520 1664 696 1715 inconvenieus.
713 1667 791 1718 Potest
801 1666 872 1730 igltur

65 1737 90 1787 in
102 1739 173 1788 robus
190 1736 276 1801 aliquid
293 1735 424 1798 contingere
436 1740 519 1800 preter
530 1735 631 1787 ordinem
646 1737 816 1802 gubernationis
836 1739 872 1789 di-

66 1823 134 1860 mnae.

98 1881 142 1932 Sed
152 1883 294 1947 summost,
308 1880 368 1944 quod
381 1879 466 1930 dieitur
479 1878 585 1940 Esther,
596 1879 664 1930 lllll:
678 1881 796 1932 «Domine
809 1883 869 1932 bens

68 1953 115 2003 ilex
126 1953 283 2018 omnipotens,
298 1952 321 2001 in
332 1950 418 2002 ditione
428 1954 468 2000 tua
483 1953 566 2002 cuneta
579 1953 631 2002 suut
642 1952 726 2016 posita,
738 1955 762 2003 et
778 1958 870 2004 nonest

66 2027 105 2090 qui
116 2028 190 2092 uomit
204 2025 309 2077 resistere
320 2029 366 2076 tue
377 2025 500 2076 uoluntati.
515 2041 529 2072 a

99 2101 107 2160 l
113 2099 260 2149 Concuusuo.
270 2125 301 2135 -
309 2096 366 2147 Cium
376 2097 453 2147 divina
463 2096 607 2162 prouidentia
617 2095 647 2146 sit
658 2096 793 2146 universalis
804 2109 872 2147 eausa

67 2185 113 2222 nou
126 2170 196 2221 unius
205 2168 294 2220 tantini
311 2170 410 2234 generis,
421 2170 461 2220 sed
476 2168 634 2220 universaliter
643 2168 712 2218 totius
726 2168 786 2218 entis
792 2205 801 2232 ‚
812 2168 870 2219 nibil

66 2246 144 2307 potest
159 2245 243 2308 praeter
255 2241 317 2292 illius
330 2242 432 2292 ordinem
441 2242 466 2293 in
476 2241 585 2294 uniuerso
599 2239 716 2304 euenire.)

96 2315 236 2378 despondeo
248 2313 383 2376 dicendum,
396 2314 456 2376 quod
470 2316 553 2378 preter
570 2312 673 2364 ordinem
686 2311 783 2376 alieuius
797 2311 868 2376 parti-

66 2387 149 2437 cularis
160 2399 237 2437 causae
245 2385 328 2449 aliquis
337 2386 433 2435 effeetus
442 2384 535 2435 euenire
546 2387 634 2448 potest,
645 2397 691 2433 non
701 2387 777 2433 autem
787 2387 869 2448 praeter

66 2458 171 2509 ordinem
183 2471 257 2508 causae
271 2457 418 2508 uniuersalis:
428 2457 500 2522 Cujus
513 2455 569 2506 ratio
583 2459 629 2511 est,
645 2454 698 2519 quia
713 2457 796 2520 prater
809 2454 870 2505 ordi-

65 2543 119 2580 nem
130 2528 275 2594 parlieularis
285 2542 359 2579 eausa
367 2529 425 2578 nibil
435 2527 555 2592 prouenit,
567 2527 649 2577 nisiex
660 2525 735 2590 abque
749 2525 793 2576 alia
802 2539 870 2576 rausa

65 2600 208 2666 impediente
218 2618 225 2664 3
236 2614 305 2666 quam
315 2601 408 2663 quidem
419 2613 511 2650 eausam
523 2611 616 2650 neeesse
629 2600 663 2648 est
674 2596 780 2648 redueene
790 2597 815 2647 in
824 2595 869 2660 uri·

65 2689 127 2725 mam
147 2688 242 2726 eausam
262 2674 424 2724 universalem.
445 2673 510 2722 Sient
528 2669 647 2734 indigestio
666 2669 776 2736 contingit
788 2673 871 2734 preter

65 2746 170 2798 ordinem
175 2745 269 2797 mentis
276 2745 393 2796 nutritivae
402 2759 431 2796 ex
439 2743 514 2806 aliquo
525 2741 697 2806 impedimento,
708 2739 762 2806 nuti
770 2755 800 2790 ex
808 2749 870 2802 grus-

98 2883 132 2947 (1)
148 2889 181 2932 lle
195 2886 232 2931 bis
243 2885 313 2930 etiam
325 2883 403 2944 suprt,
415 2895 458 2940 qu.
467 2881 511 2941 22,
525 2885 568 2926 art.
580 2877 669 2935 dad15
683 2883 708 2924 ut
717 2884 741 2924 et
752 2877 783 2936 11,
794 2873 871 2922 Sento

67 2947 120 2993 diet.
134 2948 161 3006 d,
175 2947 242 2995 arti
260 2947 289 2994 ad
300 2945 325 2992 3.
