1984 3309
128 127 176 178 ott
270 135 345 176 sumn
363 134 492 186 smenon,
507 133 601 181 auser.
619 134 659 181 ιιι,
676 131 730 172 lar.
748 131 793 172 ιιι.

414 285 575 337 ninculus
590 285 639 335 vll.

160 414 246 460 Uirrim
260 411 381 457 beatitudo
395 410 509 454 consistat
523 410 550 454 ia
563 409 699 466 cognitione
712 409 907 454 substantiarum

303 476 483 529 separatorum,
500 473 590 517 scilieet
605 473 757 528 angelornm.

162 605 195 654 uo
208 601 330 668 sensnum
340 601 375 651 sn
386 597 568 664 remiserat
579 569 745 661 uideturne
762 599 881 652 beatitudo
895 602 934 650 ue

131 675 200 726 minis
212 673 325 724 consistat
342 671 376 720 in*
383 670 512 734 cognitione
525 669 703 721 sumendorum
718 675 895 734 separatarum,
912 671 933 720 id

130 745 313 809 estangelorum.
324 742 383 793 Dicit
391 742 453 792 enim
464 741 586 806 Gregorius
597 741 623 791 iu
633 742 731 804 medam
738 742 839 793 homilia
847 744 932 809 (xxvi.

129 830 200 882 sapor
211 814 350 879 Evangel.)
365 829 373 864 .·
387 812 472 863 «Nihil
486 814 580 877 prodest
593 813 706 863 interesse
719 811 786 864 festis
802 815 933 876 hommum,

129 889 204 941 alnou
212 886 332 950 contingat
340 886 449 936 interesse
457 884 524 935 lestis
532 885 678 948 angelomm3
690 901 704 931 o
713 898 756 948 per
771 888 837 950 quod
847 887 934 938 finolam

131 959 298 1010 beatitudinem
310 957 422 1024 designat.
436 957 482 1006 Sed
494 955 559 1006 iestis
577 956 710 1018 angelorum
724 956 843 1009 interesse
857 971 935 1023 possu-

131 1044 183 1084 mus
194 1044 235 1097 per
250 1043 328 1081 eorum
340 1028 565 1092 contemplationem.
578 1029 637 1090 Ergo
652 1027 744 1078 uidetur
757 1027 822 1092 qubd
836 1029 863 1080 in
882 1043 936 1080 con-

130 1101 278 1167 templatione
291 1099 423 1163 angelorum
436 1098 517 1149 ultima
531 1099 631 1150 bominis
644 1099 762 1150 beatitudo
777 1099 901 1152 consisto.

162 1176 186 1221 2.
208 1172 335 1233 Prmnm,
355 1169 436 1220 ultima
454 1169 573 1233 pertento·
584 1169 765 1235 uniuscuiusque
784 1171 822 1222 rei
844 1177 895 1236 est,
914 1177 937 1222 ut

133 1244 286 1310 conjungatur
297 1254 339 1293 ouo
348 1241 461 1306 principio
472 1256 479 1290 :
491 1242 552 1292 nude
565 1244 589 1292 et
600 1240 697 1291 circulus
708 1241 793 1292 dicitur
803 1255 859 1295 esse
871 1245 938 1308 lgna

131 1316 246 1382 perlectn
258 1317 312 1378 qula
319 1314 390 1364 babet
402 1311 608 1376 idempuincipium
619 1315 642 1362 et
651 1313 729 1362 linem.
741 1313 789 1364 Sed
799 1315 937 1380 pmucipium

132 1386 269 1451 cognitionis
278 1387 384 1436 hnmanae
393 1386 430 1434 est
438 1383 532 1448 abigeis
542 1383 640 1447 angeio,
652 1395 694 1447 per
702 1397 761 1448 quos
770 1386 885 1438 homines
892 1387 938 1437 ilo·

133 1459 262 1521 sumantur,
274 1461 301 1507 ut
315 1456 370 1507 dicit
383 1454 521 1520 Dionysius,
536 1455 573 1505 lli.
590 1469 639 1520 cap.
655 1457 693 1506 De
704 1455 797 1507 coelest.
813 1457 936 1508 Mmorcl.

134 1531 196 1594 Ergo
207 1528 319 1594 perfectio
333 1524 428 1578 humani
438 1524 568 1578 intellectos
581 1529 616 1576 est
628 1525 653 1576 in
663 1527 861 1591 contemplatione
875 1541 938 1592 augo

134 1601 217 1651 lorum.

167 1675 190 1720 a.
205 1671 330 1732 manu,
343 1680 486 1734 unaquoque
506 1671 587 1718 natura
600 1669 701 1733 perlecta
712 1673 762 1733 est,
775 1673 873 1734 orando
887 1686 938 1724 cou-

134 1739 238 1806 juugitur
252 1741 364 1804 superiori
377 1744 477 1803 nuture3
492 1738 553 1789 sieut
562 1739 641 1790 ultima
653 1739 763 1804 perfectio
776 1745 883 1808 mrporis
892 1749 938 1805 est,

134 1816 161 1862 nt
177 1811 329 1876 conjungatur
344 1814 431 1862 nature
448 1809 568 1875 spirituali.
586 1811 631 1862 Sed
650 1823 719 1875 supra
736 1811 885 1869 intellectum
902 1817 940 1865 luu-

134 1896 227 1934 manum
237 1882 316 1934 ordine
332 1886 420 1933 naturas
434 1885 488 1932 sunt
503 1881 585 1945 angeli.
598 1883 658 1944 llrge
672 1882 755 1932 ultima
763 1885 886 1950 *perfectio
900 1889 939 1936 luu-

134 1954 197 2006 mani
207 1954 339 2006 intellectis
347 1959 392 2020 est,
404 1959 432 2004 ut
440 1953 594 2018 conjungatur
602 1967 643 2019 per
652 1954 874 2019 contemplationem
886 1957 941 2022 ipsis

135 2026 232 2092 angelis.

166 2099 211 2150 sed
228 2103 305 2150 contra
313 2103 361 2162 est,
371 2097 433 2162 quod
443 2096 524 2148 dicitur
535 2098 638 2157 ierem„
648 2097 679 2148 lll
690 2110 697 2147 ι
709 2113 723 2145 «
732 2098 759 2148 ln
768 2098 814 2150 hoc
824 2099 940 2164 glorietur,

136 2170 176 2234 qui
187 2171 304 2234 gloriatur,
314 2170 371 2222 scire
385 2172 409 2220 et
421 2182 491 2220 nesse
505 2181 551 2220 me.
562 2185 580 2218 o
592 2171 650 2232 drgo
662 2169 741 2219 ultima
754 2171 862 2223 hominis
871 2174 941 2237 gloria

135 2243 174 2292 uel
183 2242 299 2293 beatitudo
311 2241 415 2292 consistit
427 2241 452 2290 in
465 2241 596 2305 cognitione
607 2241 655 2291 bei.

167 2312 330 2376 (donauero.
345 2340 376 2350 -
389 2312 449 2372 Quin
467 2311 600 2364 substantioe
614 2314 723 2376 separate
743 2327 843 2378 omnes,
862 2321 941 2381 prens

134 2384 215 2443 ileum
222 2385 468 2449 perparlicipationem
476 2384 597 2448 quamdam
607 2397 659 2433 esee
666 2384 760 2448 babent,
768 2385 856 2438 idcirco
867 2399 940 2451 neque

135 2453 253 2505 verimima
269 2455 358 2518 objecta
375 2455 470 2505 humani
487 2455 618 2506 intellectis
635 2467 684 2505 esse
698 2459 813 2520 'possunt,
828 2471 904 2522 nequm
918 2461 940 2507 iu

135 2537 214 2575 eorum
227 2526 418 2658 c)ontemplalione
433 2529 509 2590 potest
521 2525 623 2590 perlecta
636 2525 736 2576 hominis
751 2525 872 2579 beatitudo
885 2543 940 2579 oon·

136 2595 228 2648 tntae.

169 2730 202 2792 (l)
219 2734 252 2778 llo
266 2732 301 2776 lule
314 2732 385 2777 etiam
400 2737 420 2779 1.
429 2740 501 2793 part„
514 2747 554 2792 qu.
566 2733 611 2793 tii,
624 2739 668 2781 art.
680 2732 708 2794 i,
724 2735 754 2781 ad
767 2735 797 2795 2,
810 2741 835 2782 et
848 2749 887 2794 qu.
899 2736 938 2796 89,

137 2798 182 2837 aut.
193 2794 222 2852 i,
237 2795 265 2838 ad
279 2793 307 2846 ³3
323 2799 347 2838 et
363 2793 431 2841 cunt.
445 2798 526 2848 Geni..
540 2798 581 2843 lib.
592 2799 645 2854 ΙΙΙ,-
655 2809 708 2856 cap.
718 2796 763 2854 tt;
777 2803 802 2844 et
813 2800 895 2858 qud,
911 2801 938 2845 de

137 2854 214 2914 verit,
230 2861 274 2901 art.
287 2854 311 2912 3,
326 2855 354 2900 ad
368 2855 392 2910 ὃς
408 2865 433 2904 ot
447 2861 549 2919 Opera,
562 2862 609 2922 Ill,
621 2873 675 2918 cap.
690 2859 736 2907 loa
748 2865 773 2908 et
785 2875 840 2920 cap.
852 2859 906 2908 256.
