1984 3309
213 144 245 186 ur
259 144 328 189 nono
340 148 392 198 ono
404 149 532 192 ronanus
547 149 668 194 novumn.
797 137 842 193 uit

31 230 75 279 luoo
90 227 159 290 quod
173 227 281 279 uoluntas
291 232 327 278 εει
339 230 440 293 putenm
459 231 539 282 annau
552 229 683 296 naturalis,
701 241 752 296 quae
765 229 778 283 a
795 234 843 285 solo

30 302 77 351 ileo
98 313 210 350 ‹nnsasnr
223 313 266 364 per
280 301 435 364 creationem,
452 304 477 351 ut
495 301 520 351 in
537 301 555 352 l.
574 303 658 353 diamur
674 305 710 354 εει
725 305 780 368 (qn.
796 307 842 368 ιο,

33 377 77 423 art.
93 379 109 422 2
124 376 150 422 et
165 374 211 437 l);
225 372 327 423 εεειιηιὸ
343 372 411 436 vero,
427 375 511 423 euhoe
524 374 706 438 quaid-uoluntas
724 377 794 427 habet
807 389 844 426 or-

33 445 113 494 linem
132 445 164 494 ad
177 442 303 494 uniuersale
317 445 411 496 honum.
429 446 494 496 Unus
507 446 565 496 nihil
575 447 636 497 aliud
649 452 726 512 potest
742 461 792 500 esse
803 462 844 499 uo

35 516 131 566 lunatis
146 528 228 579 eausa,
237 516 283 566 nisi
293 516 345 580 ipse
356 515 416 568 Deus
427 516 467 579 qni
479 521 516 567 est
524 519 654 569 uniuersale
663 521 757 570 bonum.
770 522 843 572 Omne

37 593 113 638 autem
126 587 191 638 aunt
207 587 294 638 bunun
306 601 349 652 per
359 587 557 653 participationem
575 589 669 654 ἀιειιεε,
685 595 709 641 ει
722 593 758 642 εει
771 593 843 656 quod-

37 661 87 708 lanu
108 659 249 726 partioulare
269 660 370 723 bonuru3
387 659 530 723 particularis
554 664 630 710 autem
651 675 718 712 eausa
740 677 786 714 nou
806 663 845 714 dat

36 731 208 785 inc-linationem
221 729 390 782 universalem:
406 733 466 782 unde
479 745 522 782 neo
532 732 627 784 materia
640 734 726 798 puina,
741 749 791 800 qua
809 739 845 786 est
897 789 906 800 ,

36 806 59 853 in
71 805 176 868 potentia
188 803 217 855 ad
227 814 306 854 omnes
317 802 413 867 fornas,
426 807 505 869 potest
514 805 602 856 causari
613 802 641 856 ab
654 806 730 870 aliquo
743 809 842 872 particu-

37 876 79 926 lari
92 881 184 940 agente.

67 949 211 1013 ltprimum
226 958 280 1012 ergo
289 945 423 1012 (licendum,
432 948 492 1012 quod
503 949 597 1012 angelus
614 961 658 1000 nou
676 949 710 1000 sio
726 953 760 1002 εει
773 965 842 1016 supra

38 1021 167 1084 homnem,
178 1019 239 1084 quod
248 1019 280 1070 sit
288 1033 357 1070 ausa
369 1020 493 1070 volunutis
501 1021 560 1084 ejus,
573 1020 631 1072 sieut
641 1033 734 1087 corpora
743 1022 843 1074 celestia

38 1097 89 1142 sunt
99 1099 170 1144 eausa
186 1091 309 1142 formarum
320 1091 471 1156 naturalium,
482 1092 512 1142 ad
526 1106 584 1156 quas
595 1097 763 1160 consequuntur
777 1093 844 1144 n'alu·

37 1165 94 1214 rales
106 1168 185 1214 motus
203 1175 324 1227 corporum
336 1161 482 1212 naturalium.

68 1237 103 1286 ld
119 1236 245 1288 seeundum
259 1234 464 1298 dicendum,un
479 1235 612 1288 intellectus
628 1233 728 1286 hominis
739 1239 844 1288 novetur

41 1308 66 1356 ab
84 1308 167 1372 angelo
182 1319 212 1357 ex
227 1309 292 1372 parte
309 1306 406 1370 objecti,
424 1307 483 1370 quod
497 1305 541 1356 sibi
557 1305 691 1370 proponitur
704 1305 789 1356 vir-luto
803 1319 845 1356 au-

41 1379 104 1441 geliei
113 1371 208 1429 luminis
220 1379 248 1428 ari
259 1379 453 1443 cognoscendum
467 1381 491 1428 ει
503 1375 536 1428 sie
548 1371 616 1428 etiam
628 1377 733 1427 uoluntas
744 1377 772 1426 ab
781 1380 844 1427 exte-

40 1451 90 1501 riori
103 1454 208 1502 uentura
220 1454 296 1514 potest
309 1447 408 1513 moueri,
421 1452 447 1498 ul
461 1449 546 1498 dietum
560 1453 604 1506 εει.

70 1522 102 1572 ld
115 1521 208 1573 tertium
227 1520 361 1584 dicendum,
376 1520 437 1584 quod
451 1521 511 1570 Deus
522 1519 602 1570 moues
613 1519 752 1570 uoluntatem
766 1518 845 1570 homi-

43 1593 87 1656 nis,
99 1592 159 1643 sicut
171 1590 311 1642 uniuersalis
321 1596 404 1656 motor,
416 1592 444 1641 ad
454 1589 581 1642 uniuersale
591 1591 704 1654 obiectum
718 1589 843 1640 uoluntatis

42 1666 98 1728 qnod
115 1669 152 1716 est
165 1664 268 1728 bonum,
281 1667 305 1713 et
317 1663 368 1714 sino
385 1665 429 1713 hae
446 1661 570 1714 uniuersali
589 1663 689 1714 motione
709 1663 778 1714 homo
798 1675 843 1712 non

42 1740 113 1798 potest
128 1735 213 1802 aliquid
230 1733 303 1797 velie;
319 1735 359 1785 seri
371 1735 441 1784 homo
454 1747 495 1798 per
506 1733 618 1798 rationem
634 1734 768 1786 determinat
778 1747 802 1784 se
813 1734 842 1784 ad

42 1809 159 1861 volendum
170 1809 216 1858 hoo
228 1806 267 1856 rel
279 1806 350 1869 illud,
363 1807 424 1870 quod
437 1810 472 1856 εει
489 1805 544 1856 ueri
562 1807 661 1870 bonum,
677 1806 714 1856 vel
726 1819 839 1870 apparens

43 1880 130 1930 maura.
145 1880 192 1930 Sed
211 1882 291 1929 tamen
308 1878 422 1928 interdum
435 1877 564 1942 specialiter
580 1879 640 1928 Deus
660 1881 737 1928 movet
755 1878 842 1942 aliquos

44 1951 68 2000 al
80 1951 164 2016 aliqnirl
187 1947 339 2000 determinati
353 1948 477 1999 nolendum
499 1949 560 2014 quod
578 1951 613 1999 εει
628 1949 726 2012 bonum,
745 1948 803 1998 sicut
818 1948 843 1997 in

44 2022 75 2070 luis
87 2035 144 2086 qnos
154 2025 233 2073 monet
244 2035 286 2086 per
297 2020 403 2094 pulian
413 2014 438 2070 ul
449 2019 509 2072 intra
521 2018 607 2072 ulicelur
618 2021 667 2085 (qu.
679 2023 724 2068 luo
739 2023 764 2069 ει
775 2015 843 2081 ιιι.)

402 2213 477 2230 u

328 2365 498 2440 OUAESTlO
516 2364 552 2432 X.

71 2516 102 2568 lu
114 2516 186 2569 nodo
202 2532 251 2580 ouo
262 2513 375 2566 ouum
388 2523 512 2568 πευοιυε,
525 2519 555 2564 tar
568 2520 674 2576 quotuor
686 2517 809 2564 nituntur

397 2592 503 2640 dietam,

74 2743 156 2797 Deinde
169 2743 361 2795 oonsiloranrium
375 2743 411 2792 est
423 2741 450 2792 de
464 2741 531 2791 modo
545 2753 590 2805 quo
607 2737 713 2790 voluutas
726 2739 837 2788 movetur.

74 2814 100 2864 iil
117 2816 177 2868 eirea
199 2815 245 2866 hoe
264 2817 395 2879 quaeruntur
414 2814 528 2876 quatuor:
546 2815 573 2862 ιο
587 2808 666 2861 lituum
684 2810 789 2862 volnnuas
811 2807 839 2858 ad

52 2883 123 2949 aliquo
131 2887 268 2938 naturalitas
279 2889 407 2938 moveatur.
418 2889 445 2935 ιε
455 2883 534 2935 liiriunu
541 2885 569 2936 de
578 2881 712 2934 necessitate
721 2881 839 2929 moveatur
