1984 3309
137 156 182 203 ³68
325 161 384 201 anns
400 163 421 211 1,
437 161 531 208 numer.
548 160 619 205 ncnc,
634 160 690 199 nur.
706 161 742 201 ru.

168 241 201 291 dd
209 240 303 291 tertium
315 238 443 303 dimotum,
453 237 515 303 qudd
525 237 577 289 cim
585 238 667 289 dicitm
676 238 738 303 qnod
748 239 877 291 sumunda
887 253 934 292 non

136 310 216 376 recipit
240 312 323 375 magis
338 313 362 361 et
381 312 479 366 minuc
493 323 539 362 non
552 310 686 374 intelligitur
699 310 761 375 quod
778 327 826 363 unu
845 314 936 378 species

136 383 265 435 substantie
283 396 329 433 non
348 382 377 433 sit
390 384 512 447 perfectior
533 382 600 447 quim
619 383 677 445 elia,
692 384 733 434 sed
750 384 813 448 qudd
828 400 900 436 unum
914 391 936 437 ei

136 456 197 507 idem
210 454 351 505 individuum
363 468 409 505 uon
419 454 542 519 participet
554 468 620 505 suam
631 454 730 519 speciem
744 458 880 522 quandoque
889 472 936 509 me·

138 527 185 591 gis,
199 528 333 591 quandoque
346 526 430 579 minius.
444 528 492 577 Nec
500 526 570 577 etiam
581 527 595 577 d
605 526 702 578 diversis
709 527 834 579 indiuiduis
843 530 937 594 partici-

137 600 204 667 patur
214 598 441 665 speclessultstautiae
452 598 577 651 secundum
586 602 671 664 mogts
681 602 706 649 et
716 600 811 651 minuo.

435 751 594 804 deflendus
606 752 644 803 tv.

221 869 306 915 Utrum
315 871 393 929 imago
403 870 449 915 Dei
458 868 633 914 incomincia
642 868 744 927 quolibet
754 867 859 916 domne.

170 991 206 1041 ld
216 992 320 1058 quartum
331 988 364 1039 sic
377 986 508 1053 proceditur
515 986 558 1053 (f).
572 986 665 1037 tuden
678 986 738 1051 qudd
749 986 827 1052 imago
840 990 883 1041 llei
897 1004 941 1041 nou

138 1062 269 1114 inveniatur
282 1062 306 1113 in
320 1061 422 1127 quolibet
439 1060 541 1111 homine.
556 1058 617 1109 llicit
635 1058 696 1109 enim
715 1060 851 1125 Apostolus,
866 1062 887 1112 l.
908 1064 941 1111 ud

141 1136 213 1187 dor„
224 1135 269 1194 lll,
284 1132 343 1197 quod
358 1150 372 1179 «
382 1132 418 1181 vir
429 1134 464 1181 est
476 1131 552 1194 imago
562 1129 618 1193 lloi,
630 1129 712 1179 mulier
723 1133 798 1181 autem
813 1134 853 1182 est
866 1132 941 1195 imago

138 1204 214 1257 uiri.»
226 1204 282 1257 Cium
297 1218 350 1269 ergo
364 1203 446 1254 mulier
462 1204 492 1253 sit
501 1201 645 1253 individuum
658 1203 764 1254 hnmana
778 1207 882 1269 spectet,
898 1220 941 1256 nou

137 1278 231 1329 cuilibet
246 1276 362 1329 individuo
381 1273 487 1326 conuenit
504 1288 554 1325 esee
566 1274 690 1337 imaginem
701 1275 751 1325 llei.

170 1355 194 1401 2.
209 1352 335 1410 Praeterea,
345 1348 465 1413 Apostolus
478 1346 547 1408 dicit,
559 1348 641 1406 Rom„
650 1345 716 1410 Vlll,
727 1345 787 1410 qudd
799 1365 813 1395 u
821 1348 878 1400 tllos
886 1363 942 1414 quos

140 1424 199 1475 Deus
207 1420 325 1488 prescivit
334 1420 461 1472 conformes
475 1419 526 1470 fieri
539 1418 633 1481 imagini
646 1416 756 1480 litiani,
768 1420 812 1470 hos
823 1422 942 1486 prodesti-

140 1494 212 1544 narit.
225 1494 349 1545 »sednon
366 1505 445 1543 omues
459 1491 565 1542 homines
577 1489 733 1553 predestinati
746 1495 810 1541 sunt.
819 1494 884 1559 Ergo
898 1508 942 1545 non

139 1579 217 1617 omnes
226 1566 330 1616 homines
339 1564 425 1613 habeut
434 1561 615 1615 conformitatem
623 1560 740 1625 imaginis.

172 1642 194 1687 3.
210 1638 334 1697 Pratum,
349 1634 473 1685 similltudo
489 1636 525 1684 est
544 1634 571 1683 de
592 1633 681 1683 ratione
698 1632 818 1697 imaginis,
831 1640 860 1685 ut
878 1638 944 1701 supri

139 1708 222 1758 dictum
233 1711 267 1759 est
277 1709 337 1773 (art.
349 1710 361 1757 l
372 1706 391 1772 t.
403 1706 449 1757 Sed
457 1720 499 1771 per
506 1709 628 1771 peccatum
642 1705 667 1757 fn
676 1707 745 1756 homo
759 1706 799 1756 llei
810 1706 940 1759 dissimile.

139 1778 199 1843 Ergo
211 1779 294 1829 amittit
305 1779 345 1829 llei
354 1778 486 1843 imaginem.

171 1850 219 1901 Sed
231 1854 311 1903 eontra
320 1854 361 1915 ost,
369 1852 429 1915 quud
439 1850 521 1900 dieitur
527 1849 600 1899 Psoi.
610 1846 721 1899 llllllVlll
734 1864 740 1898 ι
753 1864 767 1895 «
775 1848 944 1904 Verumtamen

140 1922 165 1973 in
180 1923 280 1988 imagine
291 1922 413 1989 pertransit
428 1925 531 1973 homo-n

172 1996 181 2063 (
187 1998 329 2047 maurusio.
338 2022 368 2033 -
376 1997 451 2057 imago
461 1993 584 2044 creationis
593 1993 618 2043 in
626 1993 730 2044 omnfnm
738 1992 857 2046 inuenitur
868 1998 944 2048 homi-

143 2068 222 2133 nibus,
236 2070 276 2121 sed
295 2068 439 2119 recreationis
456 2066 482 2115 in
495 2066 564 2130 justis
581 2064 687 2129 tantum,
705 2066 864 2119 similitudinis
889 2070 944 2121 nard

141 2142 219 2206 glorie
236 2140 307 2191 solium
322 2141 346 2191 in
360 2138 456 2202 beatis.)

172 2214 308 2277 Respondes
324 2212 459 2274 dicendum,
473 2210 534 2274 qudd
545 2210 597 2260 edm
608 2212 677 2261 domo
691 2210 815 2261 secundum
833 2212 944 2265 intoler-

139 2286 225 2335 tualem
240 2287 343 2334 naturam
358 2284 386 2333 ad
403 2283 526 2347 imaginem
537 2283 579 2333 llei
592 2296 643 2333 esse
656 2282 752 2347 diesim,
764 2286 893 2337 secundnm
902 2289 945 2338 froc

139 2358 174 2405 est
194 2354 291 2405 maxime
304 2357 331 2405 ad
350 2354 472 2418 imaginem
489 2355 545 2418 llei,
559 2353 683 2405 secundum
703 2354 762 2419 qnod
778 2354 945 2409 intellectualis

138 2431 218 2477 natura
234 2428 306 2476 Deum
320 2426 417 2476 maxime
431 2425 516 2476 imitari
528 2429 613 2491 potest.
631 2425 734 2476 Imitatur
747 2428 823 2477 anem
836 2426 943 2479 intellec·

138 2498 205 2549 tualis
227 2501 307 2548 natura
325 2498 423 2550 manime
448 2500 537 2562 Deum,
551 2503 661 2563 quantum
683 2500 711 2549 ad
730 2500 775 2550 froc
797 2499 861 2563 qudd
886 2503 944 2551 Deus

139 2570 239 2633 seipsum
257 2567 364 2632 iutelligit
378 2573 402 2619 et
418 2575 486 2621 amat.
504 2571 569 2621 Unde
584 2571 658 2634 imago
675 2570 717 2621 llei
729 2570 851 2634 tripliciter
867 2576 944 2637 potest

139 2638 278 2691 considerari
285 2639 309 2689 in
321 2642 422 2694 homme.
434 2644 484 2693 Uno
493 2642 586 2707 quidem
593 2642 660 2695 modu
669 2641 794 2694 secundum
802 2642 867 2707 quod
876 2646 944 2697 bomo

175 2765 253 2828 (l)1le
272 2769 390 2815 bisetium
403 2772 428 2829 1,
444 2771 523 2821 Saul„
536 2772 590 2816 dist.
607 2769 637 2829 3,
657 2772 681 2817 ίιι
698 2772 843 2829 expositione
862 2775 945 2820 littere

143 2831 192 2878 aive
203 2829 290 2885 tantum
306 2839 330 2879 ot
344 2845 383 2889 qu.
404 2832 447 2886 10.
461 2836 489 2881 do
508 2834 586 2895 uerit,
601 2841 646 2881 art.
663 2834 674 2883 l
693 2836 721 2882 ad
737 2836 764 2890 ³3
780 2841 805 2881 ot
817 2850 859 2896 qu.
872 2838 901 2899 a,
913 2838 942 2883 do

144 2900 243 2955 potent,
257 2902 300 2941 art.
312 2894 336 2956 ll,
351 2895 376 2941 in
387 2908 451 2955 corp.
852 2919 870 2963 ῃ
