1984 3309
218 131 251 165 nn
266 128 328 167 tneo
343 130 443 168 nomam
458 131 501 176 our
516 131 559 170 aar
575 131 717 171 rannnrsus.
823 127 868 174 tta

65 206 105 255 nel
118 205 218 269 alicujus
233 208 334 256 &mosae
347 207 446 270 regionis
459 223 520 272 quae
531 209 663 274 pertransiri
677 223 724 261 non
736 215 821 276 potest.
840 214 870 264 Et

63 277 118 328 ideo
132 277 255 342 scriptores
268 278 368 328 loeorum
381 278 410 328 (le
423 281 468 330 hoe
480 280 531 332 lnce
547 280 686 333 mentionem
699 295 745 334 non
756 283 867 336 iecerunt.

97 351 133 400 Ati
144 353 250 414 quartum
260 348 389 413 dieertdnm,
405 351 465 415 putu
475 352 562 416 lignum
571 353 623 404 uite
634 358 670 404 est
682 355 785 420 quaedam
797 359 869 407 mate-

64 421 128 471 rialis
141 421 208 470 arbor
223 419 257 470 sie
271 418 346 483 tien,
358 421 412 484 quia
423 421 476 485 ejus
487 422 574 473 fruetus
585 424 684 474 habehat
696 425 803 476 virtutem
814 439 868 477 con-

64 493 174 543 servandi
185 493 300 554 vitamet
313 492 381 556 snpri
394 493 480 543 dietum
492 497 528 544 est
538 494 588 559 (qu.
600 499 639 558 79,
652 498 695 545 art,
711 497 743 560 t).
754 497 783 546 Et
791 500 869 549 tamen

64 563 151 628 aliquid
162 564 307 627 significabat
315 564 483 628 spiritualiter:
499 566 559 616 situi
571 570 594 616 et
605 570 669 631 petra
684 567 709 617 in
722 569 810 620 deserto
825 569 869 620 tuit

64 636 157 700 aliquod
175 636 305 698 materiale,
321 640 346 686 et
366 640 443 687 umen
461 637 600 701 significarit
616 639 738 690 Christum.
757 640 868 692 Similiter

60 709 135 760 etiam
146 709 238 774 lignum
251 708 354 760 amenum
366 709 422 760 boni
437 713 461 759 et
472 709 527 760 mati
544 711 670 761 materialis
680 711 745 762 arbor
758 712 815 774 tuit,
835 713 868 764 sie

63 782 183 832 nominata
194 785 287 845 prepter
297 783 405 831 eventum
412 782 523 844 lutmum3
533 782 586 845 quia
597 787 650 846 post
661 783 712 847 ejus
722 797 786 834 esum
796 786 866 836 horno

63 868 105 916 per
118 852 301 918 experimentum
313 853 482 916 poeue'dietieit
493 853 549 918 quid
558 854 679 904 interesset
688 854 749 904 inter
758 855 866 906 obedieu-

65 925 104 975 tie
112 925 237 988 bonum,et
244 923 405 993 inobetlieutin
413 925 508 989 malum3
519 929 627 976 ettamen
635 926 782 988 spirituititer
790 927 863 990 potuit

65 997 193 1059 signiterre
203 996 302 1047 liberum
310 996 437 1057 arbitrium,
446 998 573 1061 utquidam
582 998 668 1048 disum.

97 1070 132 1119 Ad
145 1070 249 1134 quintum
267 1069 401 1133 meandum,
417 1070 477 1134 qaid
491 1071 615 1121 seeundum
633 1070 783 1134 augustinum
797 1072 865 1123 tertio

63 1141 102 1193 elie
113 1145 229 1207 proruere
241 1153 296 1194 sunt
308 1143 400 1206 plautae,
410 1156 456 1193 nou
469 1143 495 1192 iu
503 1145 564 1206 aetu,
574 1143 699 1193 sumundum
709 1145 818 1206 quasdam
828 1157 864 1194 ra-

62 1214 138 1265 tiones
156 1214 291 1278 seminalem
306 1214 347 1265 sed
363 1218 416 1279 post
431 1227 502 1278 opera
521 1227 562 1265 sex
575 1214 663 1266 dieram
680 1215 795 1280 producte
812 1220 866 1267 sunt

62 1287 155 1350 planiae,
167 1292 215 1337 tam
226 1286 327 1350 paradisi
336 1285 405 1349 quam
415 1287 482 1350 alies,
493 1286 520 1336 in
531 1290 591 1337 aeta.
603 1287 733 1336 Secundum
745 1286 800 1336 alios
811 1288 866 1338 verte

62 1364 170 1419 sanetus,
184 1361 276 1422 oportet
289 1358 364 1409 dicere
375 1357 437 1421 quid
452 1372 531 1409 omnes
546 1360 628 1423 plantae
642 1357 758 1421 producta
774 1361 828 1408 sunt
840 1359 864 1408 in

61 1436 129 1493 aetu,
145 1433 215 1482 tertio
227 1429 265 1481 die
275 1469 282 1492 ‚
301 1435 325 1480 et
337 1431 408 1480 etiam
419 1431 482 1494 tigna
493 1431 606 1496 paradisi3
621 1431 662 1480 sed
673 1430 733 1492 quod
743 1428 825 1479 dieitur
835 1431 863 1481 de

59 1503 203 1568 plantatione
216 1502 332 1565 lignorum
344 1501 443 1564 paradisi
455 1507 509 1566 post
523 1515 593 1567 opera
607 1513 647 1552 sex
662 1501 764 1564 dierum,
778 1499 864 1550 intelli·

60 1577 122 1640 gitur
138 1589 181 1639 per
200 1574 412 1638 recapitulationem
428 1587 479 1624 esse
495 1575 590 1625 dietum.
607 1574 671 1624 Unde
690 1573 766 1623 littera
785 1575 864 1623 nostra

60 1646 171 1729 latrettl)
184 1662 191 1696 z
204 1646 369 1697 «manaverat
380 1645 489 1698 lominus
501 1648 561 1697 Deus
574 1645 705 1710 paradisum
718 1643 864 1709 voluptatist

59 1733 181 1785 prrnupro.
194 1734 209 1765 n

95 1865 125 1927 tt)
136 1869 189 1913 noe
198 1870 237 1910 est
245 1865 338 1922 vulgata
347 1865 419 1910 editio
431 1866 469 1910 oui
480 1870 612 1922 atgrecum
626 1864 728 1932 ἐφύτεισε
741 1863 766 1907 tn
777 1861 862 1907 nouato

63 1940 136 1996 prime
145 1943 332 1984 consentaneum
340 1949 393 1983 esse
405 1936 563 1994 potentpnurn
576 1949 623 1982 nou
637 1931 764 1992 perfeetum
776 1931 860 1992 solum,

61 2003 141 2049 sedet
159 2003 284 2059 plusquam
297 2000 424 2056 perlectum
441 2000 581 2058 praeteritum
599 1997 716 2044 indefinite
732 1994 858 2054 signinam

62 2066 167 2122 manavir
180 2065 206 2108 in
224 2064 328 2109 Sixtiana
344 2064 445 2108 editione
461 2062 491 2107 70
506 2065 659 2119 interpretum
675 2060 757 2118 legitur
775 2058 864 2114 simpli-

63 2130 119 2174 citer
126 2129 261 2186 plantavit.
275 2127 320 2172 Sed
333 2138 380 2172 uon
392 2125 467 2171 miuus
479 2125 574 2182 proinde
589 2125 617 2170 ad
630 2123 734 2168 eamdem
747 2121 863 2176 recapitu-

62 2192 171 2236 lationem
186 2191 224 2235 ael
238 2189 349 2245 temporis
363 2188 520 2242 antecedenti-s
534 2187 714 2244 resumptionem
725 2182 812 2230 locutio
825 2182 864 2228 illa

61 2254 142 2299 reterri
156 2257 246 2310 potest,
262 2256 288 2296 ut
300 2252 417 2308 plantatus
432 2251 568 2308 aprineipio
580 2250 720 2306 intelligatur
732 2245 862 2304 paradisus.

61 2317 104 2361 Pro
116 2315 323 2373 principioremen
334 2313 455 2358 aurursus
467 2313 564 2358 reddunt
584 2317 637 2362 κατ’
649 2311 781 2369 iteretur,
802 2307 863 2364 quod

60 2387 222 2445 interpretatio
235 2382 308 2430 latina
322 2385 390 2430 vertit
403 2385 435 2429 od
448 2385 541 2430 orient.
559 2385 617 2428 sieut
631 2389 655 2428 et
667 2379 803 2428 Ambrosius
819 2377 862 2423 lib.

62 2452 96 2497 De
109 2449 235 2496 Pandite
246 2448 311 2506 legit.
326 2448 370 2492 Setl
381 2448 467 2503 Aquila
480 2440 628 2493 nihilominus
641 2445 683 2494 ἀπ’
689 2445 762 2512 ἀρχῆς
773 2481 780 2504 ,
791 2441 814 2486 id
825 2447 861 2486 est

61 2523 75 2566 ri
84 2522 233 2580 principio;
242 2525 269 2564 ut
279 2523 305 2564 et
312 2519 461 2576 Symmachus
471 2519 522 2576 pari
535 2529 604 2563 sensu
614 2519 640 2567 ἐκ
653 2517 749 2586 πρώτης
760 2553 766 2576 ,
777 2515 800 2558 id
817 2519 861 2571 est,

62 2596 76 2637 ὰ
92 2596 176 2652 primo
193 2603 281 2637 rerem
298 2591 453 2643 castellione:
467 2590 595 2638 'theodotio
610 2590 632 2638 is
647 2590 762 2660 πρὼτοις,
782 2587 863 2642 idest,

63 2667 127 2711 inter
136 2666 226 2725 primo
238 2675 322 2723 opera.
