<?xml version="1.0" encoding="UTF-8"?>
<!DOCTYPE html PUBLIC "-//W3C//DTD XHTML 1.0 Transitional//EN"
    "http://www.w3.org/TR/xhtml1/DTD/xhtml1-transitional.dtd">
<html xmlns="http://www.w3.org/1999/xhtml" xml:lang="en" lang="en">
 <head>
  <title>
</title>
<meta http-equiv="Content-Type" content="text/html;charset=utf-8" />
  <meta name='ocr-system' content='tesseract 3.04.00' />
  <meta name='ocr-capabilities' content='ocr_page ocr_carea ocr_par ocr_line ocrx_word'/>
</head>
<body>
  <div class='ocr_page' id='page_1' title='image "./summatheologica00nicogoog_0244.png"; bbox 0 0 1984 3309; ppageno 0'>
   <div class='ocr_carea' id='block_1_1' title="bbox 304 221 840 275">
    <p class='ocr_par' dir='ltr' id='par_1_1' title="bbox 304 221 840 275">
     <span class='ocr_line' id='line_1_1' title="bbox 304 221 840 275; baseline -0.009 -8"><span class='ocrx_word' id='word_1_1' title='bbox 304 228 338 267; x_wconf 82' lang='lat' dir='ltr'>na</span> <span class='ocrx_word' id='word_1_2' title='bbox 352 226 438 268; x_wconf 78' lang='lat' dir='ltr'>nuno</span> <span class='ocrx_word' id='word_1_3' title='bbox 453 227 574 269; x_wconf 79' lang='lat' dir='ltr'>ammo.</span> <span class='ocrx_word' id='word_1_4' title='bbox 622 240 625 247; x_wconf 89' lang='lat'>·</span> <span class='ocrx_word' id='word_1_5' title='bbox 793 221 840 275; x_wconf 66' lang='lat' dir='ltr'>opp</span> 
     </span>
    </p>
   </div>
   <div class='ocr_carea' id='block_1_2' title="bbox 40 300 841 2889">
    <p class='ocr_par' dir='ltr' id='par_1_2' title="bbox 47 300 841 641">
     <span class='ocr_line' id='line_1_2' title="bbox 76 300 839 379; baseline 0.013 -26"><span class='ocrx_word' id='word_1_6' title='bbox 76 304 99 351; x_wconf 78' lang='lat' dir='ltr'>t.</span> <span class='ocrx_word' id='word_1_7' title='bbox 110 300 236 368; x_wconf 73' lang='lat' dir='ltr'>Praeterea,</span> <span class='ocrx_word' id='word_1_8' title='bbox 247 304 357 369; x_wconf 58' lang='lat' dir='ltr'>poteram</span> <span class='ocrx_word' id='word_1_9' title='bbox 369 310 537 369; x_wconf 73' lang='lat' dir='ltr'>mpnmonntn</span> <span class='ocrx_word' id='word_1_10' title='bbox 545 320 587 372; x_wconf 86' lang='lat' dir='ltr'>per</span> <span class='ocrx_word' id='word_1_11' title='bbox 596 310 669 360; x_wconf 84' lang='lat' dir='ltr'>actus.</span> <span class='ocrx_word' id='word_1_12' title='bbox 683 308 727 361; x_wconf 81' lang='lat' dir='ltr'>Seu</span> <span class='ocrx_word' id='word_1_13' title='bbox 741 308 839 379; x_wconf 87' lang='lat' dir='ltr'>electio,</span> 
     </span>
     <span class='ocr_line' id='line_1_3' title="bbox 50 375 841 444; baseline 0.014 -21"><span class='ocrx_word' id='word_1_14' title='bbox 50 384 95 434; x_wconf 80' lang='lat' dir='ltr'>qua</span> <span class='ocrx_word' id='word_1_15' title='bbox 107 377 141 424; x_wconf 86' lang='lat' dir='ltr'>est</span> <span class='ocrx_word' id='word_1_16' title='bbox 153 377 216 424; x_wconf 81' lang='lat' dir='ltr'>octus</span> <span class='ocrx_word' id='word_1_17' title='bbox 231 375 407 441; x_wconf 82' lang='lat' dir='ltr'>liberiarbitrii,</span> <span class='ocrx_word' id='word_1_18' title='bbox 420 383 457 429; x_wconf 87' lang='lat' dir='ltr'>est</span> <span class='ocrx_word' id='word_1_19' title='bbox 468 379 531 429; x_wconf 84' lang='lat' dir='ltr'>aliud</span> <span class='ocrx_word' id='word_1_20' title='bbox 545 379 558 430; x_wconf 86' lang='lat' dir='ltr'>l</span> <span class='ocrx_word' id='word_1_21' title='bbox 573 380 688 431; x_wconf 87' lang='lat' dir='ltr'>voluntate</span> <span class='ocrx_word' id='word_1_22' title='bbox 698 420 705 444; x_wconf 90' lang='lat'>,</span> <span class='ocrx_word' id='word_1_23' title='bbox 717 386 744 432; x_wconf 92' lang='lat' dir='ltr'>ut</span> <span class='ocrx_word' id='word_1_24' title='bbox 757 384 841 435; x_wconf 74' lang='lat' dir='ltr'>metim</span> 
     </span>
     <span class='ocr_line' id='line_1_4' title="bbox 48 443 840 514; baseline 0.015 -20"><span class='ocrx_word' id='word_1_25' title='bbox 48 443 117 496; x_wconf 87' lang='lat' dir='ltr'>inltl.</span> <span class='ocrx_word' id='word_1_26' title='bbox 127 446 211 497; x_wconf 70' lang='lat' dir='ltr'>mab.</span> <span class='ocrx_word' id='word_1_27' title='bbox 221 447 292 511; x_wconf 82' lang='lat' dir='ltr'>,quia</span> <span class='ocrx_word' id='word_1_28' title='bbox 301 448 432 499; x_wconf 81' lang='lat' dir='ltr'>ouoluntaa</span> <span class='ocrx_word' id='word_1_29' title='bbox 441 454 478 501; x_wconf 88' lang='lat' dir='ltr'>est</span> <span class='ocrx_word' id='word_1_30' title='bbox 488 451 517 500; x_wconf 85' lang='lat' dir='ltr'>de</span> <span class='ocrx_word' id='word_1_31' title='bbox 525 450 580 514; x_wconf 87' lang='lat' dir='ltr'>line,</span> <span class='ocrx_word' id='word_1_32' title='bbox 590 451 671 503; x_wconf 82' lang='lat' dir='ltr'>electio</span> <span class='ocrx_word' id='word_1_33' title='bbox 683 456 757 504; x_wconf 82' lang='lat' dir='ltr'>autem</span> <span class='ocrx_word' id='word_1_34' title='bbox 769 456 797 506; x_wconf 82' lang='lat' dir='ltr'>tle</span> <span class='ocrx_word' id='word_1_35' title='bbox 809 454 840 507; x_wconf 80' lang='lat' dir='ltr'>iis</span> 
     </span>
     <span class='ocr_line' id='line_1_5' title="bbox 48 518 838 641; baseline 0.015 -74"><span class='ocrx_word' id='word_1_36' title='bbox 48 518 188 641; x_wconf 54' lang='lat' dir='ltr'>suffigat</span> <span class='ocrx_word' id='word_1_37' title='bbox 200 518 280 571; x_wconf 85' lang='lat' dir='ltr'>tinem.</span> <span class='ocrx_word' id='word_1_38' title='bbox 290 536 306 568; x_wconf 85' lang='lat' dir='ltr'>n</span> <span class='ocrx_word' id='word_1_39' title='bbox 316 521 480 584; x_wconf 73' lang='lat' dir='ltr'>Fugoliborum</span> <span class='ocrx_word' id='word_1_40' title='bbox 489 520 606 575; x_wconf 74' lang='lat' dir='ltr'>arbitrium</span> <span class='ocrx_word' id='word_1_41' title='bbox 616 524 703 575; x_wconf 82' lang='lat' dir='ltr'>eolalia</span> <span class='ocrx_word' id='word_1_42' title='bbox 713 526 838 589; x_wconf 74' lang='lat' dir='ltr'>poenmt</span> 
     </span>
     <span class='ocr_line' id='line_1_6' title="bbox 47 600 512 641; baseline 0.006 -6"><span class='ocrx_word' id='word_1_43' title='bbox 47 600 72 638; x_wconf 82' lang='grc' dir='ltr'>ιο</span> <span class='ocrx_word' id='word_1_44' title='bbox 152 625 160 641; x_wconf 92' lang='grc'><strong>.</strong></span> <span class='ocrx_word' id='word_1_45' title='bbox 509 612 512 620; x_wconf 45' lang='lat'><em>1</em></span> 
     </span>
    </p>

    <p class='ocr_par' dir='ltr' id='par_1_3' title="bbox 48 662 839 1065">
     <span class='ocr_line' id='line_1_7' title="bbox 74 662 839 729; baseline 0.014 -20"><span class='ocrx_word' id='word_1_46' title='bbox 74 666 94 711; x_wconf 81' lang='lat'>3.</span> <span class='ocrx_word' id='word_1_47' title='bbox 111 662 237 726; x_wconf 75' lang='lat' dir='ltr'>Pleiones,</span> <span class='ocrx_word' id='word_1_48' title='bbox 251 663 359 714; x_wconf 84' lang='lat' dir='ltr'>uoluntas</span> <span class='ocrx_word' id='word_1_49' title='bbox 380 668 415 715; x_wconf 90' lang='lat' dir='ltr'>est</span> <span class='ocrx_word' id='word_1_50' title='bbox 432 666 547 729; x_wconf 85' lang='lat' dir='ltr'>appetitus</span> <span class='ocrx_word' id='word_1_51' title='bbox 568 664 729 719; x_wconf 87' lang='lat' dir='ltr'>intellectiuus.</span> <span class='ocrx_word' id='word_1_52' title='bbox 746 669 792 720; x_wconf 87' lang='lat' dir='ltr'>Sed</span> <span class='ocrx_word' id='word_1_53' title='bbox 809 682 839 720; x_wconf 77' lang='lat' dir='ltr'>ex</span> 
     </span>
     <span class='ocr_line' id='line_1_8' title="bbox 48 733 835 805; baseline 0.009 -22"><span class='ocrx_word' id='word_1_54' title='bbox 48 737 104 793; x_wconf 82' lang='lat' dir='ltr'>parte</span> <span class='ocrx_word' id='word_1_55' title='bbox 110 733 240 786; x_wconf 87' lang='lat' dir='ltr'>intellectus</span> <span class='ocrx_word' id='word_1_56' title='bbox 248 739 303 786; x_wconf 88' lang='lat' dir='ltr'>sunt</span> <span class='ocrx_word' id='word_1_57' title='bbox 314 736 366 786; x_wconf 83' lang='lat' dir='ltr'>duae</span> <span class='ocrx_word' id='word_1_58' title='bbox 379 737 496 801; x_wconf 76' lang='lat' dir='ltr'>potentia,</span> <span class='ocrx_word' id='word_1_59' title='bbox 503 737 590 789; x_wconf 86' lang='lat' dir='ltr'>scilicet</span> <span class='ocrx_word' id='word_1_60' title='bbox 600 750 670 802; x_wconf 78' lang='lat' dir='ltr'>agens</span> <span class='ocrx_word' id='word_1_61' title='bbox 680 741 704 789; x_wconf 92' lang='lat' dir='ltr'>et</span> <span class='ocrx_word' id='word_1_62' title='bbox 711 738 835 805; x_wconf 85' lang='lat' dir='ltr'>possibilis.</span> 
     </span>
     <span class='ocr_line' id='line_1_9' title="bbox 48 803 838 879; baseline 0.008 -23"><span class='ocrx_word' id='word_1_63' title='bbox 48 803 98 867; x_wconf 76' lang='lat' dir='ltr'>Ergo</span> <span class='ocrx_word' id='word_1_64' title='bbox 110 806 177 858; x_wconf 74' lang='lat' dir='ltr'>eham</span> <span class='ocrx_word' id='word_1_65' title='bbox 186 821 218 858; x_wconf 87' lang='lat' dir='ltr'>ex</span> <span class='ocrx_word' id='word_1_66' title='bbox 227 811 295 871; x_wconf 89' lang='lat' dir='ltr'>parto</span> <span class='ocrx_word' id='word_1_67' title='bbox 305 807 421 872; x_wconf 87' lang='lat' dir='ltr'>appetitus</span> <span class='ocrx_word' id='word_1_68' title='bbox 428 808 564 859; x_wconf 84' lang='lat' dir='ltr'>intellectiui</span> <span class='ocrx_word' id='word_1_69' title='bbox 573 810 640 861; x_wconf 85' lang='lat' dir='ltr'>tebet</span> <span class='ocrx_word' id='word_1_70' title='bbox 649 824 701 862; x_wconf 86' lang='lat' dir='ltr'>esse</span> <span class='ocrx_word' id='word_1_71' title='bbox 712 812 788 876; x_wconf 84' lang='lat' dir='ltr'>aliqua</span> <span class='ocrx_word' id='word_1_72' title='bbox 796 824 838 879; x_wconf 94' lang='lat' dir='ltr'>po-</span> 
     </span>
     <span class='ocr_line' id='line_1_10' title="bbox 48 877 837 944; baseline 0.014 -21"><span class='ocrx_word' id='word_1_73' title='bbox 48 877 109 928; x_wconf 86' lang='lat' dir='ltr'>tentia</span> <span class='ocrx_word' id='word_1_74' title='bbox 115 883 196 943; x_wconf 81' lang='lat' dir='ltr'>prater</span> <span class='ocrx_word' id='word_1_75' title='bbox 203 879 362 944; x_wconf 83' lang='lat' dir='ltr'>uoluntatem,</span> <span class='ocrx_word' id='word_1_76' title='bbox 372 881 396 930; x_wconf 91' lang='lat' dir='ltr'>et</span> <span class='ocrx_word' id='word_1_77' title='bbox 403 880 453 931; x_wconf 79' lang='lat' dir='ltr'>hac</span> <span class='ocrx_word' id='word_1_78' title='bbox 461 893 508 931; x_wconf 92' lang='lat' dir='ltr'>nou</span> <span class='ocrx_word' id='word_1_79' title='bbox 515 880 604 931; x_wconf 83' lang='lat' dir='ltr'>uidetur</span> <span class='ocrx_word' id='word_1_80' title='bbox 612 894 676 943; x_wconf 84' lang='lat' dir='ltr'>esse,</span> <span class='ocrx_word' id='word_1_81' title='bbox 687 882 733 933; x_wconf 88' lang='lat' dir='ltr'>uisi</span> <span class='ocrx_word' id='word_1_82' title='bbox 740 882 837 934; x_wconf 90' lang='lat' dir='ltr'>liberum</span> 
     </span>
     <span class='ocr_line' id='line_1_11' title="bbox 48 947 836 1065; baseline 0.009 -66"><span class='ocrx_word' id='word_1_83' title='bbox 48 947 157 1065; x_wconf 66' lang='grc' dir='ltr'>ῗῐιίιήιιιιι</span> <span class='ocrx_word' id='word_1_84' title='bbox 172 952 237 1017; x_wconf 72' lang='lat' dir='ltr'>Ergo</span> <span class='ocrx_word' id='word_1_85' title='bbox 246 951 344 1001; x_wconf 89' lang='lat' dir='ltr'>liberum</span> <span class='ocrx_word' id='word_1_86' title='bbox 355 950 473 1004; x_wconf 73' lang='lat' dir='ltr'><strong>arbitrium</strong></span> <span class='ocrx_word' id='word_1_87' title='bbox 483 955 520 1003; x_wconf 85' lang='lat' dir='ltr'>est</span> <span class='ocrx_word' id='word_1_88' title='bbox 531 952 574 1003; x_wconf 89' lang='lat' dir='ltr'>alia</span> <span class='ocrx_word' id='word_1_89' title='bbox 587 953 689 1019; x_wconf 87' lang='lat' dir='ltr'>potentia</span> <span class='ocrx_word' id='word_1_90' title='bbox 701 958 784 1019; x_wconf 78' lang='lat' dir='ltr'>prater</span> <span class='ocrx_word' id='word_1_91' title='bbox 797 968 836 1007; x_wconf 81' lang='lat' dir='ltr'>uo</span> 
     </span>
    </p>

    <p class='ocr_par' dir='ltr' id='par_1_4' title="bbox 47 1092 836 1282">
     <span class='ocr_line' id='line_1_12' title="bbox 76 1092 833 1162; baseline 0.009 -20"><span class='ocrx_word' id='word_1_92' title='bbox 76 1092 117 1142; x_wconf 84' lang='lat' dir='ltr'>Set</span> <span class='ocrx_word' id='word_1_93' title='bbox 124 1094 324 1161; x_wconf 69' lang='lat' dir='ltr'>commeatuum</span> <span class='ocrx_word' id='word_1_94' title='bbox 336 1095 493 1147; x_wconf 83' lang='lat' dir='ltr'>Damasoouus</span> <span class='ocrx_word' id='word_1_95' title='bbox 500 1094 586 1147; x_wconf 86' lang='lat' dir='ltr'>uicitiu</span> <span class='ocrx_word' id='word_1_96' title='bbox 593 1096 633 1147; x_wconf 86' lang='lat' dir='ltr'>ltl.</span> <span class='ocrx_word' id='word_1_97' title='bbox 644 1097 692 1162; x_wconf 83' lang='lat' dir='ltr'>(De</span> <span class='ocrx_word' id='word_1_98' title='bbox 698 1098 833 1162; x_wconf 69' lang='lat' dir='ltr'>pideortt„</span> 
     </span>
     <span class='ocr_line' id='line_1_13' title="bbox 47 1166 836 1282; baseline 0.009 -67"><span class='ocrx_word' id='word_1_99' title='bbox 47 1174 91 1282; x_wconf 49' lang='grc' dir='ltr'>ἔξ.</span> <span class='ocrx_word' id='word_1_100' title='bbox 104 1166 153 1232; x_wconf 82' lang='grc' dir='ltr'>ιι),</span> <span class='ocrx_word' id='word_1_101' title='bbox 166 1166 233 1233; x_wconf 78' lang='lat' dir='ltr'>pubol</span> <span class='ocrx_word' id='word_1_102' title='bbox 252 1183 267 1215; x_wconf 82' lang='lat' dir='ltr'>u</span> <span class='ocrx_word' id='word_1_103' title='bbox 281 1166 377 1218; x_wconf 89' lang='lat' dir='ltr'>liberum</span> <span class='ocrx_word' id='word_1_104' title='bbox 391 1167 507 1219; x_wconf 78' lang='lat' dir='ltr'>arbitrium</span> <span class='ocrx_word' id='word_1_105' title='bbox 523 1168 580 1219; x_wconf 82' lang='lat' dir='ltr'>nihil</span> <span class='ocrx_word' id='word_1_106' title='bbox 594 1168 654 1219; x_wconf 89' lang='lat' dir='ltr'>aliud</span> <span class='ocrx_word' id='word_1_107' title='bbox 667 1172 704 1220; x_wconf 86' lang='lat' dir='ltr'>est</span> <span class='ocrx_word' id='word_1_108' title='bbox 713 1168 780 1234; x_wconf 82' lang='lat' dir='ltr'>quam</span> <span class='ocrx_word' id='word_1_109' title='bbox 794 1184 836 1222; x_wconf 90' lang='lat' dir='ltr'>vo-</span> 
     </span>
    </p>

    <p class='ocr_par' dir='ltr' id='par_1_5' title="bbox 80 1238 147 1286">
     <span class='ocr_line' id='line_1_14' title="bbox 80 1238 147 1286; baseline -0.015 0"><span class='ocrx_word' id='word_1_110' title='bbox 80 1238 117 1286; x_wconf 77' lang='lat' dir='ltr'>tm.</span> <span class='ocrx_word' id='word_1_111' title='bbox 133 1252 147 1285; x_wconf 83' lang='grc' dir='ltr'>ιι</span> 
     </span>
    </p>

    <p class='ocr_par' dir='ltr' id='par_1_6' title="bbox 45 1307 835 1520">
     <span class='ocr_line' id='line_1_15' title="bbox 73 1307 835 1376; baseline 0.005 -16"><span class='ocrx_word' id='word_1_112' title='bbox 73 1307 220 1371; x_wconf 61' lang='lat' dir='ltr'>(manno.</span> <span class='ocrx_word' id='word_1_113' title='bbox 234 1338 268 1349; x_wconf 92' lang='lat'>-</span> <span class='ocrx_word' id='word_1_114' title='bbox 278 1310 343 1361; x_wconf 85' lang='lat' dir='ltr'>Sicut</span> <span class='ocrx_word' id='word_1_115' title='bbox 355 1311 413 1362; x_wconf 87' lang='lat' dir='ltr'>ratio</span> <span class='ocrx_word' id='word_1_116' title='bbox 425 1314 449 1363; x_wconf 92' lang='lat' dir='ltr'>et</span> <span class='ocrx_word' id='word_1_117' title='bbox 458 1312 587 1363; x_wconf 82' lang='lat' dir='ltr'>intellectus</span> <span class='ocrx_word' id='word_1_118' title='bbox 597 1324 643 1363; x_wconf 90' lang='lat' dir='ltr'>uon</span> <span class='ocrx_word' id='word_1_119' title='bbox 657 1311 721 1376; x_wconf 77' lang='lat' dir='ltr'>tua,</span> <span class='ocrx_word' id='word_1_120' title='bbox 735 1313 776 1363; x_wconf 88' lang='lat' dir='ltr'>sed</span> <span class='ocrx_word' id='word_1_121' title='bbox 789 1326 835 1364; x_wconf 83' lang='lat' dir='ltr'>unu</span> 
     </span>
     <span class='ocr_line' id='line_1_16' title="bbox 46 1381 835 1449; baseline 0.009 -20"><span class='ocrx_word' id='word_1_122' title='bbox 46 1381 133 1439; x_wconf 79' lang='lat' dir='ltr'>potentia</span> <span class='ocrx_word' id='word_1_123' title='bbox 143 1387 211 1449; x_wconf 88' lang='lat' dir='ltr'>sunt;</span> <span class='ocrx_word' id='word_1_124' title='bbox 222 1382 259 1433; x_wconf 86' lang='lat' dir='ltr'>ita</span> <span class='ocrx_word' id='word_1_125' title='bbox 268 1383 376 1433; x_wconf 84' lang='lat' dir='ltr'>uoluntas</span> <span class='ocrx_word' id='word_1_126' title='bbox 387 1387 411 1434; x_wconf 93' lang='lat' dir='ltr'>et</span> <span class='ocrx_word' id='word_1_127' title='bbox 422 1383 517 1435; x_wconf 89' lang='lat' dir='ltr'>liberum</span> <span class='ocrx_word' id='word_1_128' title='bbox 530 1383 646 1435; x_wconf 83' lang='lat' dir='ltr'>arbitrium</span> <span class='ocrx_word' id='word_1_129' title='bbox 657 1396 704 1434; x_wconf 92' lang='lat' dir='ltr'>non</span> <span class='ocrx_word' id='word_1_130' title='bbox 712 1383 779 1448; x_wconf 83' lang='lat' dir='ltr'>dnae,</span> <span class='ocrx_word' id='word_1_131' title='bbox 794 1386 835 1436; x_wconf 85' lang='lat' dir='ltr'>sed</span> 
     </span>
     <span class='ocr_line' id='line_1_17' title="bbox 45 1453 383 1520; baseline 0.009 -20"><span class='ocrx_word' id='word_1_132' title='bbox 45 1462 80 1500; x_wconf 85' lang='lat' dir='ltr'>una</span> <span class='ocrx_word' id='word_1_133' title='bbox 89 1456 173 1506; x_wconf 71' lang='lat' dir='ltr'>mutum</span> <span class='ocrx_word' id='word_1_134' title='bbox 183 1454 294 1520; x_wconf 89' lang='lat' dir='ltr'>potentia</span> <span class='ocrx_word' id='word_1_135' title='bbox 305 1453 383 1519; x_wconf 92' lang='lat' dir='ltr'>sunt.)</span> 
     </span>
    </p>

    <p class='ocr_par' dir='ltr' id='par_1_7' title="bbox 40 1522 833 2889">
     <span class='ocr_line' id='line_1_18' title="bbox 69 1522 833 1592; baseline 0.012 -20"><span class='ocrx_word' id='word_1_136' title='bbox 69 1522 197 1589; x_wconf 81' lang='lat' dir='ltr'>hesponteo</span> <span class='ocrx_word' id='word_1_137' title='bbox 208 1526 344 1589; x_wconf 84' lang='lat' dir='ltr'>dicendum,</span> <span class='ocrx_word' id='word_1_138' title='bbox 351 1525 412 1591; x_wconf 85' lang='lat' dir='ltr'>qnod</span> <span class='ocrx_word' id='word_1_139' title='bbox 420 1528 534 1592; x_wconf 70' lang='lat' dir='ltr'>potentias</span> <span class='ocrx_word' id='word_1_140' title='bbox 541 1525 678 1592; x_wconf 85' lang='lat' dir='ltr'>appetitiuas</span> <span class='ocrx_word' id='word_1_141' title='bbox 685 1530 774 1592; x_wconf 81' lang='lat' dir='ltr'>oportet</span> <span class='ocrx_word' id='word_1_142' title='bbox 781 1540 833 1581; x_wconf 86' lang='lat' dir='ltr'>esso</span> 
     </span>
     <span class='ocr_line' id='line_1_19' title="bbox 43 1597 832 1665; baseline -0.001 -12"><span class='ocrx_word' id='word_1_143' title='bbox 43 1597 211 1659; x_wconf 77' lang='lat' dir='ltr'>incompertae</span> <span class='ocrx_word' id='word_1_144' title='bbox 219 1597 337 1664; x_wconf 89' lang='lat' dir='ltr'>potentiis</span> <span class='ocrx_word' id='word_1_145' title='bbox 346 1598 527 1663; x_wconf 84' lang='lat' dir='ltr'>apprehensiuis,</span> <span class='ocrx_word' id='word_1_146' title='bbox 539 1603 565 1649; x_wconf 91' lang='grc' dir='ltr'>ιιι</span> <span class='ocrx_word' id='word_1_147' title='bbox 573 1598 641 1665; x_wconf 79' lang='lat' dir='ltr'>supra</span> <span class='ocrx_word' id='word_1_148' title='bbox 649 1598 733 1653; x_wconf 86' lang='lat' dir='ltr'>dictum</span> <span class='ocrx_word' id='word_1_149' title='bbox 743 1602 779 1651; x_wconf 89' lang='lat' dir='ltr'>est</span> <span class='ocrx_word' id='word_1_150' title='bbox 788 1600 832 1665; x_wconf 85' lang='grc' dir='ltr'>(ι).</span> 
     </span>
     <span class='ocr_line' id='line_1_20' title="bbox 44 1664 833 1737; baseline 0.01 -21"><span class='ocrx_word' id='word_1_151' title='bbox 44 1664 183 1723; x_wconf 85' lang='lat' dir='ltr'>Sioutautem</span> <span class='ocrx_word' id='word_1_152' title='bbox 204 1686 238 1725; x_wconf 85' lang='lat' dir='ltr'>ex</span> <span class='ocrx_word' id='word_1_153' title='bbox 256 1674 322 1737; x_wconf 85' lang='lat' dir='ltr'>parte</span> <span class='ocrx_word' id='word_1_154' title='bbox 336 1670 523 1735; x_wconf 72' lang='lat' dir='ltr'>apprehensionis</span> <span class='ocrx_word' id='word_1_155' title='bbox 542 1670 687 1723; x_wconf 81' lang='lat' dir='ltr'>intellective</span> <span class='ocrx_word' id='word_1_156' title='bbox 706 1684 731 1723; x_wconf 92' lang='lat' dir='ltr'>sc</span> <span class='ocrx_word' id='word_1_157' title='bbox 747 1672 833 1724; x_wconf 90' lang='lat' dir='ltr'>habent</span> 
     </span>
     <span class='ocr_line' id='line_1_21' title="bbox 44 1735 833 1808; baseline 0.005 -18"><span class='ocrx_word' id='word_1_158' title='bbox 44 1735 157 1795; x_wconf 85' lang='lat' dir='ltr'>inteloctos</span> <span class='ocrx_word' id='word_1_159' title='bbox 169 1743 278 1805; x_wconf 90' lang='lat' dir='ltr'>etratio‚</span> <span class='ocrx_word' id='word_1_160' title='bbox 287 1743 357 1793; x_wconf 77' lang='lat' dir='ltr'>itaer</span> <span class='ocrx_word' id='word_1_161' title='bbox 365 1746 430 1807; x_wconf 88' lang='lat' dir='ltr'>parte</span> <span class='ocrx_word' id='word_1_162' title='bbox 440 1743 554 1808; x_wconf 83' lang='lat' dir='ltr'>appetitus</span> <span class='ocrx_word' id='word_1_163' title='bbox 563 1742 698 1794; x_wconf 85' lang='lat' dir='ltr'>intellectivi</span> <span class='ocrx_word' id='word_1_164' title='bbox 709 1756 733 1794; x_wconf 89' lang='lat' dir='ltr'>se</span> <span class='ocrx_word' id='word_1_165' title='bbox 746 1744 833 1795; x_wconf 82' lang='lat' dir='ltr'>trabem</span> 
     </span>
     <span class='ocr_line' id='line_1_22' title="bbox 43 1811 831 1880; baseline 0 -14"><span class='ocrx_word' id='word_1_166' title='bbox 43 1811 134 1866; x_wconf 70' lang='lat' dir='ltr'>turnus</span> <span class='ocrx_word' id='word_1_167' title='bbox 148 1821 173 1868; x_wconf 92' lang='lat' dir='ltr'>et</span> <span class='ocrx_word' id='word_1_168' title='bbox 186 1816 289 1867; x_wconf 87' lang='lat' dir='ltr'>liberum</span> <span class='ocrx_word' id='word_1_169' title='bbox 301 1814 435 1878; x_wconf 86' lang='lat' dir='ltr'>arbitrium,</span> <span class='ocrx_word' id='word_1_170' title='bbox 451 1816 512 1879; x_wconf 85' lang='lat' dir='ltr'>qnod</span> <span class='ocrx_word' id='word_1_171' title='bbox 522 1816 581 1866; x_wconf 86' lang='lat' dir='ltr'>nihil</span> <span class='ocrx_word' id='word_1_172' title='bbox 595 1814 656 1867; x_wconf 83' lang='lat' dir='ltr'>ahud</span> <span class='ocrx_word' id='word_1_173' title='bbox 666 1816 703 1866; x_wconf 82' lang='lat' dir='ltr'>eet</span> <span class='ocrx_word' id='word_1_174' title='bbox 714 1814 781 1880; x_wconf 77' lang='lat' dir='ltr'>quim</span> <span class='ocrx_word' id='word_1_175' title='bbox 795 1816 831 1867; x_wconf 86' lang='lat' dir='ltr'>vis</span> 
     </span>
     <span class='ocr_line' id='line_1_23' title="bbox 45 1881 830 1953; baseline 0.004 -20"><span class='ocrx_word' id='word_1_176' title='bbox 45 1881 138 1951; x_wconf 78' lang='lat' dir='ltr'>electiva,</span> <span class='ocrx_word' id='word_1_177' title='bbox 145 1892 171 1939; x_wconf 89' lang='lat' dir='ltr'>et</span> <span class='ocrx_word' id='word_1_178' title='bbox 179 1890 227 1951; x_wconf 90' lang='lat' dir='ltr'>hoc</span> <span class='ocrx_word' id='word_1_179' title='bbox 236 1890 301 1953; x_wconf 86' lang='lat' dir='ltr'>patet</span> <span class='ocrx_word' id='word_1_180' title='bbox 309 1900 339 1937; x_wconf 77' lang='lat' dir='ltr'>ex</span> <span class='ocrx_word' id='word_1_181' title='bbox 346 1885 488 1951; x_wconf 81' lang='lat' dir='ltr'>habitudine,</span> <span class='ocrx_word' id='word_1_182' title='bbox 499 1890 523 1938; x_wconf 88' lang='lat' dir='ltr'>et</span> <span class='ocrx_word' id='word_1_183' title='bbox 530 1888 686 1951; x_wconf 86' lang='lat' dir='ltr'>objectorum,</span> <span class='ocrx_word' id='word_1_184' title='bbox 698 1890 722 1937; x_wconf 92' lang='lat' dir='ltr'>et</span> <span class='ocrx_word' id='word_1_185' title='bbox 730 1888 830 1936; x_wconf 82' lang='lat' dir='ltr'>actuum.</span> 
     </span>
     <span class='ocr_line' id='line_1_24' title="bbox 42 1951 829 2026; baseline 0.004 -22"><span class='ocrx_word' id='word_1_186' title='bbox 42 1951 87 2004; x_wconf 80' lang='lat' dir='ltr'>Nan</span> <span class='ocrx_word' id='word_1_187' title='bbox 99 1959 245 2026; x_wconf 79' lang='lat' dir='ltr'>inteltipere</span> <span class='ocrx_word' id='word_1_188' title='bbox 253 1959 362 2024; x_wconf 88' lang='lat' dir='ltr'>importat</span> <span class='ocrx_word' id='word_1_189' title='bbox 374 1958 500 2023; x_wconf 77' lang='lat' dir='ltr'>simplicem</span> <span class='ocrx_word' id='word_1_190' title='bbox 511 1957 666 2024; x_wconf 79' lang='lat' dir='ltr'>acceptionem</span> <span class='ocrx_word' id='word_1_191' title='bbox 678 1956 775 2021; x_wconf 84' lang='lat' dir='ltr'>abcujus</span> <span class='ocrx_word' id='word_1_192' title='bbox 787 1957 829 2022; x_wconf 75' lang='lat' dir='ltr'>rei3</span> 
     </span>
     <span class='ocr_line' id='line_1_25' title="bbox 42 2026 831 2096; baseline -0.005 -13"><span class='ocrx_word' id='word_1_193' title='bbox 42 2027 91 2077; x_wconf 64' lang='lat' dir='ltr'>titt</span> <span class='ocrx_word' id='word_1_194' title='bbox 101 2028 201 2096; x_wconf 79' lang='lat' dir='ltr'>intelligi</span> <span class='ocrx_word' id='word_1_195' title='bbox 215 2032 326 2083; x_wconf 82' lang='lat' dir='ltr'>dicuutur</span> <span class='ocrx_word' id='word_1_196' title='bbox 338 2028 429 2096; x_wconf 79' lang='lat' dir='ltr'>proprie</span> <span class='ocrx_word' id='word_1_197' title='bbox 441 2028 566 2096; x_wconf 84' lang='lat' dir='ltr'>principia,</span> <span class='ocrx_word' id='word_1_198' title='bbox 577 2044 628 2095; x_wconf 81' lang='lat' dir='ltr'>qua</span> <span class='ocrx_word' id='word_1_199' title='bbox 643 2028 692 2080; x_wconf 82' lang='lat' dir='ltr'>siue</span> <span class='ocrx_word' id='word_1_200' title='bbox 710 2026 831 2079; x_wconf 87' lang='lat' dir='ltr'>collatione</span> 
     </span>
     <span class='ocr_line' id='line_1_26' title="bbox 41 2099 831 2170; baseline -0.009 -13"><span class='ocrx_word' id='word_1_201' title='bbox 41 2107 74 2157; x_wconf 81' lang='lat' dir='ltr'>per</span> <span class='ocrx_word' id='word_1_202' title='bbox 84 2099 157 2168; x_wconf 71' lang='lat' dir='ltr'>seipsa</span> <span class='ocrx_word' id='word_1_203' title='bbox 167 2107 356 2170; x_wconf 75' lang='lat' dir='ltr'>cognoscuntur3</span> <span class='ocrx_word' id='word_1_204' title='bbox 367 2103 522 2152; x_wconf 73' lang='lat' dir='ltr'>ratiocinari</span> <span class='ocrx_word' id='word_1_205' title='bbox 533 2106 608 2153; x_wconf 89' lang='lat' dir='ltr'>autem</span> <span class='ocrx_word' id='word_1_206' title='bbox 615 2100 706 2166; x_wconf 77' lang='lat' dir='ltr'>proprie</span> <span class='ocrx_word' id='word_1_207' title='bbox 717 2103 753 2151; x_wconf 91' lang='lat' dir='ltr'>est</span> <span class='ocrx_word' id='word_1_208' title='bbox 762 2101 831 2150; x_wconf 85' lang='lat' dir='ltr'>deve-</span> 
     </span>
     <span class='ocr_line' id='line_1_27' title="bbox 42 2170 830 2240; baseline -0.004 -17"><span class='ocrx_word' id='word_1_209' title='bbox 42 2171 82 2222; x_wconf 83' lang='lat' dir='ltr'>nire</span> <span class='ocrx_word' id='word_1_210' title='bbox 92 2189 119 2225; x_wconf 83' lang='lat' dir='ltr'>er</span> <span class='ocrx_word' id='word_1_211' title='bbox 130 2190 179 2228; x_wconf 90' lang='lat' dir='ltr'>uuo</span> <span class='ocrx_word' id='word_1_212' title='bbox 191 2174 384 2240; x_wconf 73' lang='lat' dir='ltr'>incognitionem</span> <span class='ocrx_word' id='word_1_213' title='bbox 396 2172 501 2238; x_wconf 80' lang='lat' dir='ltr'>alterim3</span> <span class='ocrx_word' id='word_1_214' title='bbox 513 2175 575 2225; x_wconf 84' lang='lat' dir='ltr'>unde</span> <span class='ocrx_word' id='word_1_215' title='bbox 588 2171 679 2238; x_wconf 80' lang='lat' dir='ltr'>proprie</span> <span class='ocrx_word' id='word_1_216' title='bbox 695 2172 723 2223; x_wconf 84' lang='lat' dir='ltr'>ue</span> <span class='ocrx_word' id='word_1_217' title='bbox 733 2170 830 2222; x_wconf 87' lang='lat' dir='ltr'>conclu-</span> 
     </span>
     <span class='ocr_line' id='line_1_28' title="bbox 41 2242 830 2311; baseline -0.009 -11"><span class='ocrx_word' id='word_1_218' title='bbox 41 2242 129 2299; x_wconf 71' lang='lat' dir='ltr'>mnibus</span> <span class='ocrx_word' id='word_1_219' title='bbox 136 2248 312 2311; x_wconf 87' lang='lat' dir='ltr'>ratiocinamur,</span> <span class='ocrx_word' id='word_1_220' title='bbox 322 2258 374 2311; x_wconf 79' lang='lat' dir='ltr'>que</span> <span class='ocrx_word' id='word_1_221' title='bbox 384 2258 414 2295; x_wconf 83' lang='lat' dir='ltr'>ex</span> <span class='ocrx_word' id='word_1_222' title='bbox 425 2244 544 2311; x_wconf 82' lang='lat' dir='ltr'>principiis</span> <span class='ocrx_word' id='word_1_223' title='bbox 554 2245 708 2295; x_wconf 87' lang='lat' dir='ltr'>innotescunt.</span> <span class='ocrx_word' id='word_1_224' title='bbox 723 2242 830 2293; x_wconf 82' lang='lat' dir='ltr'>Similiter</span> 
     </span>
     <span class='ocr_line' id='line_1_29' title="bbox 41 2314 829 2387; baseline -0.009 -15"><span class='ocrx_word' id='word_1_225' title='bbox 41 2324 64 2363; x_wconf 69' lang='grc' dir='ltr'>ιι</span> <span class='ocrx_word' id='word_1_226' title='bbox 71 2323 127 2381; x_wconf 77' lang='lat' dir='ltr'>parte</span> <span class='ocrx_word' id='word_1_227' title='bbox 135 2320 268 2387; x_wconf 86' lang='lat' dir='ltr'>appetitus,</span> <span class='ocrx_word' id='word_1_228' title='bbox 277 2317 342 2369; x_wconf 82' lang='lat' dir='ltr'>nette</span> <span class='ocrx_word' id='word_1_229' title='bbox 350 2317 456 2382; x_wconf 89' lang='lat' dir='ltr'>importat</span> <span class='ocrx_word' id='word_1_230' title='bbox 464 2316 591 2382; x_wconf 83' lang='lat' dir='ltr'>simplicem</span> <span class='ocrx_word' id='word_1_231' title='bbox 599 2315 725 2381; x_wconf 90' lang='lat' dir='ltr'>appetitum</span> <span class='ocrx_word' id='word_1_232' title='bbox 733 2314 829 2379; x_wconf 86' lang='lat' dir='ltr'>alicujus</span> 
     </span>
     <span class='ocr_line' id='line_1_30' title="bbox 41 2388 829 2453; baseline -0.013 -8"><span class='ocrx_word' id='word_1_233' title='bbox 41 2389 78 2452; x_wconf 80' lang='lat' dir='ltr'>rel,</span> <span class='ocrx_word' id='word_1_234' title='bbox 90 2394 147 2444; x_wconf 83' lang='lat' dir='ltr'>urle</span> <span class='ocrx_word' id='word_1_235' title='bbox 161 2394 269 2444; x_wconf 85' lang='lat' dir='ltr'>uoluntas</span> <span class='ocrx_word' id='word_1_236' title='bbox 284 2390 367 2441; x_wconf 75' lang='lat' dir='ltr'>(licitur</span> <span class='ocrx_word' id='word_1_237' title='bbox 377 2401 428 2439; x_wconf 82' lang='lat' dir='ltr'>esse</span> <span class='ocrx_word' id='word_1_238' title='bbox 440 2390 469 2439; x_wconf 87' lang='lat' dir='ltr'>de</span> <span class='ocrx_word' id='word_1_239' title='bbox 482 2389 542 2449; x_wconf 88' lang='lat' dir='ltr'>tine,</span> <span class='ocrx_word' id='word_1_240' title='bbox 557 2388 598 2453; x_wconf 89' lang='lat' dir='ltr'>qui</span> <span class='ocrx_word' id='word_1_241' title='bbox 611 2389 704 2453; x_wconf 90' lang='lat' dir='ltr'>propter</span> <span class='ocrx_word' id='word_1_242' title='bbox 714 2400 740 2439; x_wconf 85' lang='lat' dir='ltr'>se</span> <span class='ocrx_word' id='word_1_243' title='bbox 753 2398 829 2451; x_wconf 90' lang='lat' dir='ltr'>appe—</span> 
     </span>
     <span class='ocr_line' id='line_1_31' title="bbox 41 2457 828 2529; baseline -0.003 -20"><span class='ocrx_word' id='word_1_244' title='bbox 41 2457 83 2509; x_wconf 85' lang='lat' dir='ltr'>titm</span> <span class='ocrx_word' id='word_1_245' title='bbox 90 2479 96 2526; x_wconf 91' lang='lat'>;</span> <span class='ocrx_word' id='word_1_246' title='bbox 104 2464 201 2529; x_wconf 79' lang='lat' dir='ltr'>etipere</span> <span class='ocrx_word' id='word_1_247' title='bbox 210 2468 289 2514; x_wconf 83' lang='lat' dir='ltr'>autem</span> <span class='ocrx_word' id='word_1_248' title='bbox 300 2465 338 2512; x_wconf 89' lang='lat' dir='ltr'>est</span> <span class='ocrx_word' id='word_1_249' title='bbox 351 2463 459 2526; x_wconf 88' lang='lat' dir='ltr'>appetere</span> <span class='ocrx_word' id='word_1_250' title='bbox 471 2459 555 2523; x_wconf 84' lang='lat' dir='ltr'>aliquid</span> <span class='ocrx_word' id='word_1_251' title='bbox 566 2462 659 2524; x_wconf 88' lang='lat' dir='ltr'>proptor</span> <span class='ocrx_word' id='word_1_252' title='bbox 667 2460 762 2508; x_wconf 86' lang='lat' dir='ltr'>alterum</span> <span class='ocrx_word' id='word_1_253' title='bbox 774 2470 828 2507; x_wconf 87' lang='lat' dir='ltr'>con·</span> 
     </span>
     <span class='ocr_line' id='line_1_32' title="bbox 43 2528 829 2600; baseline -0.009 -14"><span class='ocrx_word' id='word_1_254' title='bbox 43 2537 186 2600; x_wconf 68' lang='lat' dir='ltr'>culmum,</span> <span class='ocrx_word' id='word_1_255' title='bbox 201 2529 363 2599; x_wconf 76' lang='lat' dir='ltr'>unbeproprit</span> <span class='ocrx_word' id='word_1_256' title='bbox 377 2534 414 2582; x_wconf 88' lang='lat' dir='ltr'>est</span> <span class='ocrx_word' id='word_1_257' title='bbox 425 2544 503 2582; x_wconf 88' lang='lat' dir='ltr'>eorum</span> <span class='ocrx_word' id='word_1_258' title='bbox 512 2544 562 2595; x_wconf 81' lang='lat' dir='ltr'>qua</span> <span class='ocrx_word' id='word_1_259' title='bbox 577 2532 630 2581; x_wconf 89' lang='lat' dir='ltr'>sunt</span> <span class='ocrx_word' id='word_1_260' title='bbox 640 2530 668 2581; x_wconf 86' lang='lat' dir='ltr'>ad</span> <span class='ocrx_word' id='word_1_261' title='bbox 680 2528 757 2579; x_wconf 79' lang='lat' dir='ltr'>finem.</span> <span class='ocrx_word' id='word_1_262' title='bbox 766 2528 829 2579; x_wconf 86' lang='lat' dir='ltr'>Sicut</span> 
     </span>
     <span class='ocr_line' id='line_1_33' title="bbox 42 2600 828 2669; baseline 0.006 -22"><span class='ocrx_word' id='word_1_263' title='bbox 42 2607 104 2654; x_wconf 88' lang='lat' dir='ltr'>autem</span> <span class='ocrx_word' id='word_1_264' title='bbox 113 2619 138 2657; x_wconf 85' lang='lat' dir='ltr'>se</span> <span class='ocrx_word' id='word_1_265' title='bbox 149 2607 222 2657; x_wconf 88' lang='lat' dir='ltr'>hahet</span> <span class='ocrx_word' id='word_1_266' title='bbox 230 2607 256 2657; x_wconf 90' lang='lat' dir='ltr'>iu</span> <span class='ocrx_word' id='word_1_267' title='bbox 267 2604 390 2669; x_wconf 73' lang='lat' dir='ltr'>cognitiuis</span> <span class='ocrx_word' id='word_1_268' title='bbox 402 2601 540 2668; x_wconf 87' lang='lat' dir='ltr'>principium</span> <span class='ocrx_word' id='word_1_269' title='bbox 554 2602 583 2651; x_wconf 84' lang='lat' dir='ltr'>erl</span> <span class='ocrx_word' id='word_1_270' title='bbox 598 2600 778 2665; x_wconf 86' lang='lat' dir='ltr'>conclusionem,</span> <span class='ocrx_word' id='word_1_271' title='bbox 791 2600 828 2652; x_wconf 89' lang='lat' dir='ltr'>cui</span> 
     </span>
     <span class='ocr_line' id='line_1_34' title="bbox 41 2671 827 2745; baseline -0.014 -13"><span class='ocrx_word' id='word_1_272' title='bbox 41 2681 118 2739; x_wconf 76' lang='lat' dir='ltr'>lttctcr</span> <span class='ocrx_word' id='word_1_273' title='bbox 133 2678 249 2745; x_wconf 89' lang='lat' dir='ltr'>principia</span> <span class='ocrx_word' id='word_1_274' title='bbox 264 2676 414 2740; x_wconf 75' lang='lat' dir='ltr'>ameutimur3</span> <span class='ocrx_word' id='word_1_275' title='bbox 428 2675 461 2725; x_wconf 85' lang='lat' dir='ltr'>ita</span> <span class='ocrx_word' id='word_1_276' title='bbox 471 2674 497 2724; x_wconf 87' lang='lat' dir='ltr'>iu</span> <span class='ocrx_word' id='word_1_277' title='bbox 511 2673 642 2739; x_wconf 85' lang='lat' dir='ltr'>appetitivis</span> <span class='ocrx_word' id='word_1_278' title='bbox 656 2686 681 2725; x_wconf 88' lang='lat' dir='ltr'>sc</span> <span class='ocrx_word' id='word_1_279' title='bbox 694 2674 763 2723; x_wconf 88' lang='lat' dir='ltr'>habet</span> <span class='ocrx_word' id='word_1_280' title='bbox 774 2671 827 2722; x_wconf 86' lang='lat' dir='ltr'>fluis</span> 
     </span>
     <span class='ocr_line' id='line_1_35' title="bbox 40 2744 825 2814; baseline -0.006 -15"><span class='ocrx_word' id='word_1_281' title='bbox 40 2745 62 2792; x_wconf 77' lang='lat' dir='ltr'>tt</span> <span class='ocrx_word' id='word_1_282' title='bbox 70 2762 94 2798; x_wconf 87' lang='lat' dir='ltr'>ea</span> <span class='ocrx_word' id='word_1_283' title='bbox 101 2764 151 2814; x_wconf 83' lang='lat' dir='ltr'>pue</span> <span class='ocrx_word' id='word_1_284' title='bbox 163 2757 219 2802; x_wconf 87' lang='lat' dir='ltr'>sunt</span> <span class='ocrx_word' id='word_1_285' title='bbox 227 2751 256 2802; x_wconf 82' lang='lat' dir='ltr'>ad</span> <span class='ocrx_word' id='word_1_286' title='bbox 267 2750 340 2799; x_wconf 87' lang='lat' dir='ltr'>limem</span> <span class='ocrx_word' id='word_1_287' title='bbox 346 2786 355 2813; x_wconf 92' lang='lat'><strong><em>,</em></strong></span> <span class='ocrx_word' id='word_1_288' title='bbox 364 2762 416 2813; x_wconf 81' lang='lat' dir='ltr'>qua</span> <span class='ocrx_word' id='word_1_289' title='bbox 424 2749 518 2812; x_wconf 89' lang='lat' dir='ltr'>propter</span> <span class='ocrx_word' id='word_1_290' title='bbox 526 2746 594 2797; x_wconf 82' lang='lat' dir='ltr'>finem</span> <span class='ocrx_word' id='word_1_291' title='bbox 605 2748 750 2811; x_wconf 85' lang='lat' dir='ltr'>appetuntur.</span> <span class='ocrx_word' id='word_1_292' title='bbox 762 2744 825 2795; x_wconf 84' lang='lat' dir='ltr'>Unde</span> 
     </span>
     <span class='ocr_line' id='line_1_36' title="bbox 41 2816 823 2889; baseline -0.003 -21"><span class='ocrx_word' id='word_1_293' title='bbox 41 2819 171 2873; x_wconf 74' lang='lat' dir='ltr'>usmetun</span> <span class='ocrx_word' id='word_1_294' title='bbox 183 2828 219 2875; x_wconf 88' lang='lat' dir='ltr'>est</span> <span class='ocrx_word' id='word_1_295' title='bbox 232 2822 296 2889; x_wconf 74' lang='lat' dir='ltr'>pubol</span> <span class='ocrx_word' id='word_1_296' title='bbox 310 2821 371 2873; x_wconf 85' lang='lat' dir='ltr'>siout</span> <span class='ocrx_word' id='word_1_297' title='bbox 388 2833 414 2871; x_wconf 91' lang='lat' dir='ltr'>se</span> <span class='ocrx_word' id='word_1_298' title='bbox 426 2819 497 2870; x_wconf 87' lang='lat' dir='ltr'>habet</span> <span class='ocrx_word' id='word_1_299' title='bbox 513 2818 643 2870; x_wconf 86' lang='lat' dir='ltr'>intellectus</span> <span class='ocrx_word' id='word_1_300' title='bbox 659 2818 688 2868; x_wconf 89' lang='lat' dir='ltr'>ad</span> <span class='ocrx_word' id='word_1_301' title='bbox 700 2816 823 2879; x_wconf 80' lang='lat' dir='ltr'>rationem,</span> 
     </span>
    </p>
   </div>
   <div class='ocr_carea' id='block_1_3' title="bbox 66 2960 807 3031">
    <p class='ocr_par' dir='ltr' id='par_1_8' title="bbox 66 2960 807 3031">
     <span class='ocr_line' id='line_1_37' title="bbox 66 2960 807 3031; baseline -0.02 -8"><span class='ocrx_word' id='word_1_302' title='bbox 66 2963 94 3028; x_wconf 77' lang='lat' dir='ltr'>(t)</span> <span class='ocrx_word' id='word_1_303' title='bbox 106 2970 164 3018; x_wconf 79' lang='lat' dir='ltr'>tun</span> <span class='ocrx_word' id='word_1_304' title='bbox 177 2976 259 3030; x_wconf 70' lang='lat' dir='ltr'>quus.</span> <span class='ocrx_word' id='word_1_305' title='bbox 271 2966 314 3031; x_wconf 80' lang='lat' dir='ltr'>bt,</span> <span class='ocrx_word' id='word_1_306' title='bbox 328 2972 373 3016; x_wconf 74' lang='lat' dir='ltr'>nt.</span> <span class='ocrx_word' id='word_1_307' title='bbox 387 2967 419 3023; x_wconf 68' lang='lat' dir='ltr'>ts</span> <span class='ocrx_word' id='word_1_308' title='bbox 434 2970 583 3023; x_wconf 67' lang='lat' dir='ltr'>summast.</span> <span class='ocrx_word' id='word_1_309' title='bbox 600 2964 640 3026; x_wconf 79' lang='lat' dir='ltr'>eo,</span> <span class='ocrx_word' id='word_1_310' title='bbox 654 2968 698 3011; x_wconf 83' lang='grc' dir='ltr'>ιιι.</span> <span class='ocrx_word' id='word_1_311' title='bbox 713 2964 768 3009; x_wconf 80' lang='lat' dir='ltr'>lton</span> <span class='ocrx_word' id='word_1_312' title='bbox 781 2960 807 3007; x_wconf 76' lang='lat' dir='ltr'>a.</span> 
     </span>
    </p>
   </div>
   <div class='ocr_carea' id='block_1_4' title="bbox 0 0 996 3309">
    <p class='ocr_par' dir='ltr' id='par_1_9' title="bbox 0 0 996 3309">
     <span class='ocr_line' id='line_1_38' title="bbox 0 0 996 3309; baseline 0 3"><span class='ocrx_word' id='word_1_313' title='bbox 0 0 996 3309; x_wconf 95' lang='lat' dir='ltr'> </span> 
     </span>
    </p>
   </div>
  </div>
 </body>
</html>
