1984 3309
141 195 188 242 tet
329 203 390 242 raas
406 203 429 253 1,
445 201 538 247 onear.
555 201 628 251 min,
645 200 701 239 aar
717 201 751 237 rr.

141 281 264 332 secundam
274 278 432 342 hierarchiam,
444 279 549 341 adonem
562 277 662 342 pertinet
672 275 796 340 dispositio
813 275 968 329 divinorum

140 351 324 402 ministeriorum.
339 352 398 400 Ordo
411 349 468 400 uer'o
482 352 639 399 veneciarum
658 348 796 400 affinitatem
809 350 886 401 nabet
898 365 944 398 cum

140 425 219 474 ordine
234 424 440 486 Pruocrpotuum.
457 419 595 483 Nam,ci1m
615 423 773 472 votestatem
795 421 828 472 sit
844 421 945 473 ordinem

141 494 251 558 subjectis
266 493 397 558 imponere,
409 495 457 544 bec
470 492 581 544 ordinatio
597 493 674 543 stetim
691 493 716 542 in
735 493 832 544 nomine
849 496 946 544 Princi-

140 570 249 631 petuom
263 566 406 630 emmunim,
425 565 465 628 qui
477 568 532 615 snnt
544 564 612 628 primi
628 564 652 614 in
666 565 804 615 executione
818 565 947 616 divinorum

142 639 335 701 ministeriorum,
352 641 429 702 utpote
449 637 598 701 presidentes
616 635 776 700 gubernationi
795 638 907 701 gentium
926 641 946 687 et

142 724 277 774 regnorum,
295 709 356 774 quod
374 712 409 760 est
426 707 563 774 principium
580 708 604 758 in
621 707 704 758 dirime
721 707 878 773 ministeriis3
900 723 946 758 nam

143 799 158 830 u
171 783 255 832 bonum
272 781 348 846 gentis
361 785 398 831 est
415 779 517 831 diriuins
535 780 603 843 quim
620 781 705 831 bouum
720 780 791 830 unius
808 780 917 831 hominis
936 799 946 826 r
968 789 969 808 ³

142 854 185 918 (ut
198 854 278 905 dicitur
291 854 419 914 Ettric.,i,
435 852 475 916 7).
490 853 555 902 Unde
571 852 652 902 dicitnr
666 853 774 911 Don.,X
793 867 798 900 :
817 854 948 916 «Princeps

143 925 208 988 regni
223 927 343 974 Persarum
359 924 441 974 restitit
456 922 564 988 mibi(t).
582 922 736 987 »Dispositio
752 923 827 973 emam
847 926 949 975 ordinum

143 1011 212 1061 quarn
228 997 350 1060 Gregorius
366 997 446 1062 ponit,
460 995 625 1058 congruitatem
638 996 715 1046 habet.
731 997 790 1046 Nam
804 994 860 1045 cunr
875 999 949 1047 bomi-

144 1067 250 1117 nationes
272 1067 319 1117 siut
336 1067 476 1122 dirimentes
492 1070 516 1117 et
535 1066 694 1131 precipientes
712 1079 740 1117 ea
755 1079 807 1130 que
830 1069 860 1117 ad
878 1069 949 1119 divina

144 1137 270 1189 ministeria
278 1137 399 1201 pertinent,
412 1138 504 1189 ordines
512 1137 547 1188 eis
556 1138 652 1202 srrbjecti
661 1137 949 1201 disponuntursecundbn

145 1209 314 1272 dispositionem
328 1224 406 1261 eorum
421 1211 446 1260 in
460 1225 517 1274 gnos
530 1209 605 1260 divina
619 1208 746 1260 ministeria
757 1215 909 1262 exercentur.
925 1214 949 1262 u
969 1255 970 1266 ,

144 1284 220 1332 numm
239 1282 379 1344 Augustinus
389 1282 443 1332 dicit
457 1282 483 1332 in
492 1282 533 1330 lli.
555 1283 589 1330 De
605 1281 674 1330 Trio.
692 1281 758 1344 (cap.
777 1280 816 1344 t),
834 1295 951 1346 «corgon

144 1353 242 1414 quodam
260 1351 339 1404 ordine
355 1358 479 1417 reguntur,
493 1353 602 1402 interiora
617 1361 659 1415 per
676 1353 811 1416 superiora,
830 1357 857 1403 et
876 1357 951 1404 omina

144 1437 185 1487 per
207 1423 349 1487 spiritualem
365 1430 503 1483 creaturam,
523 1427 546 1474 et
568 1422 662 1486 spiritus
684 1424 758 1474 maius
776 1426 949 1489 perspiritum

145 1496 237 1546 bouum.
248 1513 263 1541 »
277 1496 367 1546 Primus
378 1509 433 1558 ergo
446 1497 501 1546 ordo
512 1497 564 1558 post
581 1495 769 1544 Dominotiooes
780 1495 868 1546 dieitur
879 1498 950 1546 Priu-

145 1568 293 1631 cipotoum,
310 1566 349 1630 qui
371 1566 438 1617 etiam
461 1567 527 1616 bouis
547 1565 664 1630 spiritibus
682 1565 849 1630 principantur.
867 1566 950 1617 Deinde

145 1640 297 1694 Potestnter,
310 1650 419 1703 perquas
435 1635 725 1700 areenturmalispiritus,
740 1637 799 1687 siout
814 1651 857 1701 per
870 1642 949 1702 potes·

146 1712 205 1758 tates
218 1713 319 1759 terrenas
335 1712 440 1760 arcentur
455 1708 625 1770 malefactores,
639 1712 664 1757 ut
680 1707 777 1758 babetur
794 1711 881 1770 Rom„
893 1712 948 1760 Xllt.

147 1781 200 1829 Post
216 1793 273 1843 quas
288 1785 342 1829 sunt
359 1781 486 1831 Virtutes
500 1793 550 1844 quae
569 1779 655 1828 hubent
669 1781 890 1845 potestatemsuper
904 1797 950 1832 cor·
970 1793 971 1836 i

146 1851 246 1915 porilem
265 1855 368 1900 naturam
381 1849 407 1899 in
423 1850 555 1930 operatione
573 1849 740 1900 mnaemorum
757 1851 812 1901 Post
828 1865 887 1914 qnae
902 1859 953 1901 sunt
970 1851 971 1892 i

145 1921 237 1986 Angetr
245 1925 269 1971 et
277 1921 436 1985 Archangeli,
448 1922 488 1985 qui
501 1922 607 1972 nuntiant
619 1921 751 1972 bominibus
760 1922 797 1971 vel
808 1936 892 1986 magna
903 1939 953 1986 gire

146 2000 199 2044 sunt
215 2008 284 2058 supra
301 1995 429 2055 radonem,
441 1994 479 2044 uel
491 2007 577 2058 parva,
593 1994 621 2043 ad
641 2006 693 2056 que
713 1994 771 2044 ratio
784 2007 810 2043 se
826 1997 952 2045 extendere

146 2071 230 2130 potest.

177 2140 212 2190 td
225 2138 323 2202 primum
334 2150 388 2200 ergo
402 2137 537 2200 dicendum,
547 2136 607 2200 qudd
618 2137 641 2186 in
653 2135 741 2199 augetis
751 2137 830 2200 potius
842 2139 952 2201 estquod

147 2209 300 2273 subjiciuntur
317 2211 365 2260 beo
383 2208 451 2273 quim
465 2207 527 2271 gubd
545 2207 689 2261 interioribus
708 2209 847 2272 praesideam
866 2211 890 2258 et
911 2212 953 2258 boc

148 2281 299 2334 derivaturen
307 2281 355 2332 iiio.
364 2281 394 2330 nt
404 2280 455 2330 ideo
465 2279 558 2330 ordines
567 2277 893 2344 nommatidpraelationeuou
900 2287 954 2329 sunt

147 2355 262 2416 supremi,
277 2356 316 2404 sed
329 2353 403 2415 magis
413 2352 505 2402 ordines
513 2350 625 2403 nouriuati
635 2351 649 2402 i
661 2351 812 2403 conversione
827 2353 856 2402 ad
870 2353 952 2402 iteum.

179 2426 214 2473 nd
229 2426 353 2476 secundum
370 2425 506 2485 dicendum,
519 2421 579 2487 quiid
593 2423 631 2473 ilia
648 2423 806 2486 propinquitas
818 2424 849 2472 ad
862 2425 949 2486 Deum,

148 2509 198 2558 guae
207 2497 338 2558 designatur
351 2496 442 2546 nomine
454 2498 618 2551 Toronaeum.
630 2496 739 2546 conuenit
749 2495 819 2545 etiarn
828 2497 952 2546 Cherubim

148 2571 172 2616 et
183 2567 315 2631 Seraphim,
327 2572 352 2618 et
362 2567 526 2630 excellentiis,
541 2570 566 2616 ut
577 2568 716 2618 dictumest.
741 2613 744 2618 .

182 2673 212 2737 (i)
230 2679 273 2722 Ubi
289 2679 322 2724 sic
339 2679 510 2734 Hieronymusr
527 2677 628 2722 Videtur
645 2678 709 2722 midi
724 2689 772 2722 ease
788 2678 893 2736 oppetes
909 2681 951 2722 cui

149 2739 231 2783 Pereia
244 2738 294 2799 (rei
305 2741 396 2784 Persica
405 2739 483 2800 regio)
504 2740 596 2784 credito
611 2746 657 2790 eet,
667 2741 746 2798 iuncte
757 2739 825 2786 titud
839 2742 904 2798 guod
922 2744 948 2785 iu

149 2800 334 2847 Deuteronomio
352 2803 455 2857 tegimur
466 2802 535 2863 (cap.
552 2800 607 2860 32).
623 2804 726 2860 Quande
741 2803 866 2849 dividebat
877 2803 949 2848 Attis-

149 2863 227 2907 σίνηαι·
236 2868 316 2919 genter
328 2868 351 2907 et
364 2864 535 2909 disseminabat
552 2865 617 2922 fitius
629 2866 721 2915 idere,
738 2868 824 2912 statuit
834 2869 951 2912 tornines

148 2924 348 2980 patientiorem
362 2937 496 2974 emmer
510 2929 655 2986 meterent
672 2929 727 2975 Det.
