1984 3309
211 7 216 10 .
321 5 378 28 Ἦ
428 5 430 10 .

216 203 246 240 nn
262 200 376 244 comum
389 205 507 246 nouorum
523 209 675 250 dromonum.
799 209 844 256 573

71 278 112 329 ed·
123 277 225 328 tertium
236 280 368 345 dicendum,
380 283 440 346 qutd
459 298 517 348 puer
534 288 640 349 quamdiu
657 289 692 340 est
704 289 728 340 iu
743 293 843 345 materno

39 352 120 413 utero,
131 358 180 399 mon
193 351 291 402 totaliter
302 355 339 402 est
351 353 365 402 tr
375 358 447 405 matre
462 359 593 422 separatus,
608 359 647 411 sed
664 359 705 424 per
724 361 844 426 quamdam

38 420 212 482 colligationem
229 426 265 472 est
284 425 448 487 qurodammodo
469 427 543 478 adhuc
561 429 645 494 aliquid
663 432 730 496 ejus,
748 433 806 486 sicut
821 441 845 487 et

37 492 130 540 tructus
141 493 245 556 pendeus
258 495 283 544 iu
299 495 379 546 arbore
392 497 431 547 est
443 497 527 561 aliquid
541 499 637 551 arboris.
650 503 680 554 m
694 503 744 555 ideo
757 507 843 570 proba-

38 561 118 612 biliter
131 562 178 612 dici
191 567 278 628 potest,
292 565 358 630 quod
370 564 464 632 augetur
479 569 521 632 qui
536 574 572 620 est
590 571 615 620 in
629 575 731 625 custodia
749 578 840 642 matris,

37 633 158 683 custodiat
169 635 257 697 protem
270 637 295 686 in
304 639 385 688 matris
398 642 465 691 utero
475 639 625 692 existentem.'
632 645 678 695 Sed
688 645 713 696 iu
722 647 841 701 nativitate

37 704 133 765 mando
148 705 266 771 separator
279 707 292 758 d
306 713 386 773 matre,
398 712 492 774 engetcs
501 709 563 763 eiad
574 715 698 767 custodiam
709 719 839 786 deputatur,

38 778 64 823 ut
77 774 237 840 Hieronymus
250 778 305 829 dior
316 780 374 844 (uiti
389 782 483 847 supro).
521 789 532 808 '·

336 923 496 975 auricomos
512 925 549 976 vt.

100 1027 189 1071 Utrum
198 1028 385 1094 appelare—custos
393 1033 533 1092 quandoque
544 1003 637 1080 deserat
651 1036 776 1085 homoinem.

66 1136 101 1184 nd
113 1138 207 1184 sextum
216 1134 396 1200 sieproceditur.
404 1132 499 1189 Videtur
507 1140 566 1204 quod
576 1143 669 1207 angelus
681 1147 757 1197 custos
768 1138 840 1212 quau-

35 1206 112 1270 doque
133 1205 225 1254 deserat
246 1205 375 1271 hominem,
389 1209 455 1272 cujus
476 1211 584 1262 custodiae
605 1213 732 1278 deputatur.
756 1218 840 1268 Dicitur

34 1278 98 1325 euim
110 1277 218 1330 leuem„
232 1277 275 1340 Li,
285 1288 318 1327 ex
326 1292 424 1342 persona
438 1281 569 1344 augelorum
581 1299 587 1330 t
600 1299 614 1331 u
623 1283 754 1336 Curdvimus
766 1289 839 1352 Baby·

35 1348 837 1417 ionem,etnouestourata3'deretinquamusergoeam.uEtIoot.,Vz

36 1419 174 1470 «Auferam
191 1431 269 1483 sepem
284 1420 348 1484 ejus,
357 1420 396 1470 ‘et‘
407 1423 452 1472 erit
465 1418 490 1473 in
504 1425 708 1476 'mmutcatiouem
726 1444 740 1474 n
760 1429 837 1480 Glossa

36 1490 173 1554 (intortio.)
186 1503 191 1538 :
207 1505 222 1536 u
229 1489 253 1540 id
266 1494 315 1552 est,
330 1490 460 1556 angelorum
473 1497 607 1548 custodiam.
620 1514 633 1544 n
828 1558 832 1570 ι

64 1566 89 1611 2.
103 1563 237 1624 Pretorius,
247 1561 393 1625 principaiiirs
406 1567 505 1616 custodit
520 1568 580 1617 deus
593 1567 660 1631 quim
675 1571 776 1632 angelus.
793 1571 838 1622 Sed

33 1636 94 1684 oeus
108 1633 235 1697 aliquando
246 1633 361 1684 homiuem
374 1636 521 1700 derelinquit,
535 1638 660 1689 secunddm
672 1640 727 1691 iliud
739 1642 836 1692 Pcalm.

34 1706 104 1755 XXI:
118 1705 222 1767 umus,
233 1705 293 1755 Deus
309 1718 389 1769 meus,
407 1709 494 1770 respice
507 1709 532 1758 in
548 1723 599 1773 mo;
614 1723 683 1774 quare
697 1726 732 1762 me
751 1713 837 1766 dereli-

32 1776 120 1838 quisti?
132 1793 147 1823 n
161 1775 222 1838 Ergo
239 1775 311 1843 mutto
326 1777 399 1840 magis
413 1778 507 1840 augelus
518 1785 596 1831 custos
609 1782 724 1832 hominem
739 1785 837 1836 derelin-

33 1849 92 1910 quit.
128 1885 132 1888 -
250 1907 253 1909 Α
361 1892 368 1904 .
424 1852 427 1857 ’

65 1923 87 1968 3.
99 1920 230 1981 matema-3
242 1917 302 1968 siem
310 1918 365 1968 dicit
371 1921 580 1986 damascenusttib.
588 1923 609 1972 ii
618 1923 655 1972 De
662 1924 714 1987 fide
724 1927 834 1984 orthod„

32 2004 83 2054 cap.
95 1989 120 2051 3)
131 2005 139 2036 r
150 2005 166 2036 <e
178 1987 435 2052 Augeticdmsuuttrtc
445 1993 563 2042 uobiscum
572 2031 578 2054 ,
588 2003 633 2044 non
647 1997 699 2044 sunt
712 1995 735 2044 in
748 1997 812 2047 coeio.
823 2013 836 2044 n

32 2062 76 2111 Sed
90 2060 220 2124 miqnmdo
230 2064 283 2109 suut
293 2060 317 2108 io
329 2062 395 2112 coto.
406 2062 465 2125 Ergo
480 2063 602 2126 atiqududo
616 2075 657 2114 uos
667 2064 835 2127 derelinquunt.

62 2134 109 2184 Sed
122 2134 205 2182 oomtra
222 2147 228 2180 ε
246 2132 360 2183 demones
378 2145 420 2184 nos
437 2148 526 2198 semper
544 2135 691 2198 impugnant,
711 2137 836 2188 secuuddm

32 2205 85 2254 ittud
98 2206 120 2255 l.
137 2205 226 2264 Petra,
245 2203 265 2250 V
282 2218 287 2252 ε
304 2205 481 2256 «Adversarius
501 2209 577 2255 vester
593 2205 713 2268 diabotus,
729 2206 837 2270 tauqdam

32 2276 67 2325 teo
77 2275 188 2339 rugiens,
198 2272 278 2324 circuit
284 2281 389 2336 quereus
399 2288 468 2339 quem
478 2275 577 2346 devoret.
589 2279 602 2322 'n
611 2277 669 2340 Ergo
682 2275 752 2326 multd
765 2278 836 2342 magis

32 2348 84 2397 boui
97 2346 179 2410 angoti
188 2358 280 2408 sempor
292 2359 336 2397 uos
348 2347 488 2397 custodiunt.

61 2416 227 2483 (coumusm'.
237 2442 268 2453 -
277 2416 334 2467 Cdm
352 2417 454 2468 custodio
469 2419 600 2482 augelorum
615 2419 645 2469 sit
659 2417 761 2484 quadam
778 2436 835 2474 ere-

33 2490 92 2540 rutio
112 2487 380 2552 diuinaeprorideutiae,
396 2486 447 2552 que
466 2484 582 2554 nunquam
601 2495 631 2541 ex·
649 2495 697 2542 toto
718 2493 836 2558 hominem

35 2561 187 2624 claredunum,
200 2572 245 2609 uec
259 2562 354 2624 augeius
363 2565 558 2628 custosunquum
569 2575 597 2613 ex
610 2567 659 2613 toto
669 2565 786 2620 homiuem
797 2567 836 2616 de·

35 2633 97 2695 serit,
109 2630 168 2683 licet
179 2631 297 2696 permittat
309 2634 449 2697 quaudoque.
458 2635 585 2684 secuudirm
598 2635 764 2687 ordinationem
778 2637 836 2687 divi-

36 2718 111 2754 uomm
122 2703 328 2768 judiciorum,.vei
338 2717 412 2769 paene
425 2707 468 2756 ret
476 2707 548 2771 culpe
564 2706 677 2757 defectum
688 2707 758 2772 pati.)

61 2776 201 2841 despondeo
207 2775 330 2826 domoon
337 2776 414 2840 3·un
423 2778 524 2828 custodia
533 2778 606 2841 angeli
617 2781 643 2828 ut
651 2791 680 2828 ex
690 2778 758 2842 sopri
768 2779 835 2828 dictis

36 2851 94 2908 patet
105 2849 166 2912 (art
178 2847 226 2910 2),
240 2850 278 2904 est
287 2848 391 2910 quedam
405 2847 510 2898 executio
521 2849 604 2900 dirius
616 2849 763 2914 providentiis
776 2849 835 2896 circa

36 2915 137 2971 nomines
148 2919 221 2970 raom.
237 2917 383 2972 umectum
393 2923 513 2971 astantem
528 2921 641 2984 quodoec
655 2922 789 2981 hommum
798 2930 835 2967 res
