1984 3309
155 150 199 197 tat
295 156 367 195 mma
381 153 508 205 amors,
523 152 618 199 oumsr.
631 151 687 201 xm,
701 151 759 190 aar.
773 152 810 189 nn

188 236 349 300 (Quemnam.
363 230 519 290 -Quoniam
538 244 594 280 usus
614 229 795 294 applicationem
808 229 907 294 alieuius
928 233 953 280 ad
976 225 978 296 i

155 307 215 359 aliud
229 309 334 364 denotat,
345 306 395 367 ipse
405 303 560 352 tautummodo
570 314 649 352 eornm
658 306 695 351 est
708 316 763 365 quar
773 305 830 351 suut
843 303 953 362 adfinem,
976 301 978 338 ἓ

155 384 178 431 et
197 393 242 429 uon
262 376 334 426 ultimi
349 376 423 437 linis.)

186 450 319 512 Responderi
331 447 468 508 dicendum,
485 445 546 508 qnod
561 446 611 500 nti,
627 444 687 493 sient
698 443 787 493 dictum
797 449 836 494 est
846 446 906 507 (art.
916 450 927 493 l
936 446 950 506 j,
976 391 978 490 l

155 523 261 585 importat
276 518 447 581 applicationem
459 516 555 580 alicujus
567 517 594 565 ad
608 515 703 579 aliquid.
717 516 785 573 Quod
798 520 876 566 autem
888 519 952 580 appli-

155 597 217 642 catur
229 593 256 640 ad
268 590 328 639 aliud
339 602 364 638 sc
381 591 448 638 habet
463 589 484 637 in
497 589 584 637 ratione
599 588 649 650 ejus
663 588 725 649 quod
737 592 774 637 est
791 590 820 637 ad
840 589 916 638 finem.
929 592 952 637 Et
976 617 978 650 ᾗ

155 664 206 713 ideo
220 664 259 711 ali
278 674 367 724 semper
377 666 411 709 est
427 660 478 723 ejus
489 660 550 722 quod
565 663 601 708 est
617 660 646 708 ad
657 659 740 720 tinem,
751 664 851 723 propter
863 663 921 724 quod
934 667 952 710 el
976 653 978 724 ξ

155 748 180 784 ea
195 748 245 797 qnae
262 736 316 782 sunt
331 734 360 781 ad
374 733 442 782 [inem
457 731 644 792 accommodata,
657 730 723 779 utilia
736 730 857 795 dicuntur,
875 738 898 781 et
909 734 952 794 ipsa
976 735 978 756 ²

154 806 241 855 utilitas
255 806 366 855 interdum
377 820 438 853 usus
448 803 586 853 nominatur.
597 804 640 852 Sed
650 802 844 852 considerandum
854 809 890 853 est
899 805 951 867 quid
976 811 978 846 ε

155 879 248 927 ultimus
261 878 312 927 duis
325 877 407 926 dicitur
419 876 541 941 dupliciter
553 891 559 923 :
573 889 620 925 uno
635 876 701 926 modo
713 875 868 939 simpliciter3
878 882 902 926 et
913 878 951 925 alin

155 950 221 998 modo
235 949 308 1011 quoad
322 947 429 1009 aliquem.
449 947 507 995 Cum
519 945 580 995 enim
598 945 663 1006 finis,
682 950 708 995 at
728 945 799 1009 supra
818 946 907 995 dictum
924 953 953 994 ezr

156 1020 214 1082 (qu.
234 1024 257 1078 3,
278 1024 320 1069 art.
336 1019 377 1081 l),
392 1020 480 1067 dicatur
496 1018 631 1079 quandoque
644 1017 736 1079 quidem
755 1030 810 1077 res,
825 1021 953 1081 quandopm

155 1094 229 1139 autem
244 1090 334 1153 adeptio
347 1090 381 1139 rei
392 1090 429 1139 rel
444 1089 559 1154 possessio
571 1091 631 1151 ejus,
641 1088 699 1138 sicut
712 1102 784 1138 avaro
798 1088 855 1139 finis
871 1095 909 1139 est
925 1091 953 1137 mi

155 1162 266 1224 pecunia,
282 1163 319 1211 vel
334 1162 448 1225 possessio
464 1160 581 1225 pecunie,
595 1160 742 1210 manifestuum
757 1165 796 1211 est
807 1160 889 1223 quiid,
903 1162 951 1210 sim-

155 1233 243 1297 pliciter
257 1234 386 1296 loquendo,
403 1234 495 1282 ultimus
515 1233 567 1281 linis
581 1235 616 1281 est
635 1232 685 1295 ipsa
699 1245 751 1285 res:
767 1244 815 1282 nnn
830 1233 895 1281 enim
908 1247 953 1295 pas·

155 1306 228 1355 sessio
235 1305 336 1369 pecunie
343 1305 453 1365 esthona,
461 1304 506 1353 nisi
514 1307 607 1367 pmpter
614 1303 698 1353 bonum
705 1304 821 1365 pecunie.
831 1304 878 1354 Sed
885 1305 952 1367 quoii

156 1380 217 1427 hunc
231 1378 321 1440 adeptio
339 1374 491 1441 peculiarest
509 1375 561 1423 finis
580 1374 687 1435 ultimus;
706 1374 831 1425 nonenim
850 1388 953 1439 quaererer

155 1450 275 1511 pecuniam
282 1462 362 1505 avarus
373 1446 417 1497 uisi
428 1451 454 1496 nt
461 1448 554 1497 haberet
565 1460 623 1495 eam.
632 1446 692 1507 Ergo
703 1444 839 1509 simpliciter
848 1447 952 1508 loquenti

155 1525 178 1569 et
193 1519 284 1584 proprie
298 1519 395 1582 pecunia
410 1520 478 1569 homa
492 1518 576 1581 aliquis
591 1515 683 1578 fruitur,
697 1516 753 1579 quia
766 1516 791 1565 iu
804 1530 835 1566 ca
855 1518 953 1566 ultimum

156 1592 224 1641 linem
238 1590 369 1652 constituit,
383 1590 423 1639 sed
433 1589 457 1638 in
470 1592 579 1651 qrmntum
588 1587 658 1636 refert
668 1600 720 1637 eam
733 1588 763 1636 ad
772 1588 951 1651 possessionem.

156 1663 236 1712 dieitur
249 1664 282 1713 uti
292 1677 328 1712 aa.

187 1735 220 1783 td
234 1734 331 1797 primum
350 1746 403 1795 ergo
422 1730 633 1794 dicendum,un
651 1730 794 1792 Augustinus
813 1732 916 1795 loquitur
932 1733 954 1779 «le

155 1819 198 1855 usu
217 1804 375 1867 communiter,
392 1803 516 1855 secuudum
529 1804 591 1867 qnod
608 1803 716 1865 importat
734 1803 842 1853 ordinem
861 1805 914 1853 linis
933 1806 954 1850 a*

155 1875 228 1939 ipsam
241 1877 371 1927 fruitionem
385 1890 454 1940 marn
467 1875 549 1938 aliquis
562 1874 646 1937 quaerit
657 1874 685 1923 de
699 1874 756 1924 line.

188 1950 220 1997 dd
232 1950 356 1998 secundum
370 1947 507 2009 dicendum,
518 1945 581 2010 qudd
592 1945 646 1995 finis
658 1946 783 1995 assumitur
793 1947 819 1996 in
831 1948 955 1997 facultates

157 2021 292 2082 uoluntatis,
306 2025 329 2069 ut
343 2021 448 2069 voluntas
460 2020 485 2068 in
497 2020 536 2069 illo
552 2019 673 2082 quiescat:
687 2017 748 2067 unde
762 2020 817 2082 ipsa
829 2021 923 2083 requies
936 2021 954 2065 iu

157 2095 213 2155 line,
225 2106 275 2156 quan
292 2091 369 2140 fruitio
379 2095 426 2150 est,
443 2090 524 2140 dicitur
534 2091 579 2141 troc
588 2089 655 2140 modo
665 2103 721 2139 usus
736 2089 807 2154 linis3
819 2091 894 2142 aedil
904 2099 954 2152 quor

156 2166 232 2215 estad
248 2164 331 2227 finem,
342 2164 463 2213 assumitur
477 2163 503 2211 in
516 2162 648 2212 lacmtatem
665 2162 810 2225 voluntatis,
826 2177 878 2214 non
893 2164 955 2212 solun

156 2251 179 2301 ru
199 2238 276 2287 ordine
291 2238 318 2286 ad
336 2249 403 2285 risum
416 2236 468 2299 cjus
485 2237 544 2297 quod
556 2240 592 2285 est
606 2236 636 2284 ad
648 2236 732 2295 tinem,
745 2235 789 2284 scd
803 2235 829 2285 in
843 2236 921 2286 ouliue
933 2248 954 2280 ac

156 2308 223 2358 aliam
239 2322 287 2358 rem
297 2309 322 2357 in
334 2320 379 2371 qun
391 2308 495 2357 noluntas
509 2307 615 2369 quiescit.

188 2381 221 2428 ild
233 2380 323 2429 tertium
340 2380 474 2441 dicendum,
486 2378 548 2441 quiid
557 2393 618 2427 anus
632 2376 743 2440 accipitur
752 2378 778 2426 in
791 2379 871 2429 serbis
883 2379 953 2427 llilarr

156 2464 198 2515 pro
217 2451 293 2513 quiete
313 2452 336 2500 in
353 2451 432 2501 ultimo
448 2450 505 2511 lrnn,
520 2463 547 2500 eo
565 2450 632 2499 modo
648 2460 694 2512 qun
709 2448 796 2513 aliquis
809 2450 952 2500 communita

157 2523 282 2585 loquendo,
294 2514 374 2572 dicitnr
387 2522 420 2570 uti
437 2522 480 2570 fine
491 2522 519 2571 ad
536 2521 680 2571 obtinendum
694 2519 787 2584 ipsum,
800 2522 863 2571 sicut
877 2522 953 2571 dictum

157 2637 187 2677 Et
200 2635 268 2689 paulo
280 2637 347 2689 post:
362 2633 463 2677 Jadirct
472 2638 552 2677 antem
563 2632 592 2677 da
602 2630 713 2677 nmaidein
722 2631 813 2687 quator
826 2633 912 2677 ratim
926 2631 956 2670 lm

157 2696 247 2743 scoria,
260 2695 283 2738 id
296 2698 331 2737 est
344 2695 506 2747 sensibilium
525 2700 548 2739 et
561 2707 612 2738 marr
624 2695 715 2742 scuria,
729 2694 754 2737 id
770 2701 809 2739 est
827 2693 956 2747 intelligitu-

157 2756 218 2799 libus
233 2757 268 2799 rel
282 2754 465 2814 spiritualibus).
478 2757 514 2801 Dc
527 2758 580 2801 roto
588 2758 637 2800 Deo
650 2757 829 2813 nonjudicari,
845 2758 907 2814 quin
923 2767 958 2795 κ·

158 2817 265 2860 cundam
276 2817 352 2859 Deam
366 2817 394 2859 de
407 2820 500 2862 caeteris
509 2819 623 2875 judicat,
632 2832 676 2863 aec
689 2832 716 2863 eo
727 2819 826 2869 amiur,
836 2820 881 2864 scd
895 2817 958 2874 {rui-

158 2879 214 2926 tom
225 2890 300 2932 nanae
311 2879 377 2921 anim
390 2878 422 2923 od
429 2880 529 2937 mquam
536 2882 608 2927 aliod
618 2882 685 2927 Deam
697 2882 844 2940 reserandas
853 2886 903 2931 art,
915 2885 956 2922 err.
