1984 3309
140 193 186 238 sna
340 201 399 239 raus
412 201 435 250 1,
449 199 544 245 numer.
557 199 619 248 carr,
633 197 687 238 aar.
703 201 738 240 tv.

170 277 205 329 ld
223 276 345 327 menardum
362 276 497 337 dicendum,
510 275 570 341 quid
584 276 612 326 de
629 287 724 325 numero
743 273 902 326 assistentium
915 278 936 324 et

141 346 318 400 ministrantium
326 348 409 411 duplex
418 348 476 398 ratio
486 346 568 397 baberi
576 350 660 411 potest.
669 345 793 410 Gregorius
807 345 878 396 etiam
888 347 938 396 dicit

140 421 217 484 plnres
239 431 288 468 esse
312 417 467 468 ministrantes
487 418 555 482 qu'am
579 417 729 481 assistentes,
748 416 857 480 inlelligit
878 417 936 468 enim

140 491 200 554 quod
219 485 301 540 dicitnr
318 504 324 540 :
344 506 359 536 o
371 488 441 539 itillia
456 489 551 549 millium
571 489 730 540 ministrabant
750 489 786 552 ei,
800 505 814 536 n
829 501 878 539 non
895 503 940 540 esse

140 559 224 611 olintum
241 559 427 624 multiplicativi,
442 561 483 611 sert
499 559 620 624 partitist3
635 573 662 609 ae
675 559 696 610 si
712 559 842 610 diseretor:
859 561 941 610 millio

139 632 172 681 de
186 646 291 682 numeru
304 631 435 692 millium,
449 636 473 682 et
486 632 519 681 sio
531 631 712 682 ministrantium
728 643 838 681 numerus
851 632 941 696 ponitur

138 702 273 753 indefinitus
285 703 314 752 ad
329 702 504 764 significandum
514 715 649 762 excessum
663 701 819 752 muntium
833 702 891 757 serlo
905 717 941 752 nu-

141 787 217 824 merus
228 773 317 836 finitus,
328 772 379 823 uim
388 773 507 824 subditur:
520 791 533 820 (ι
544 774 572 823 El
584 774 660 824 decies
669 773 752 824 millies
762 776 862 823 nenena
876 774 942 824 millia

141 845 277 895 assistebant
287 844 319 895 ei.
333 862 347 892 a
365 846 393 894 lit
410 845 454 895 boe
468 844 570 908 presedit
582 841 705 895 se'eondirm
717 843 832 894 rationem
846 845 941 912 platoni-

141 929 227 977 rernm,
241 914 282 980 qui
292 916 395 966 albebant
405 914 466 979 quid
481 915 568 979 quantb
579 915 652 978 aliqua
668 913 774 964 santoni
792 915 869 978 primo
882 917 941 981 prin·

141 987 201 1050 ulpio
222 987 396 1051 propinquiora,
419 985 482 1036 lamb
505 990 560 1036 sunl
577 986 672 1037 minoris
690 985 846 1036 mollitudinis
865 987 942 1036 :sicut

142 1058 225 1121 quanti
238 1067 345 1106 numerus
357 1059 392 1107 est
405 1057 553 1122 propinquior
563 1057 658 1121 uoluti,
676 1056 788 1107 tsntbesl
798 1056 941 1108 multitudine

142 1127 223 1178 minor.
235 1128 264 1176 Et
276 1130 324 1178 bae
336 1128 414 1191 opinio
425 1129 526 1179 salvatur
538 1132 647 1192 quantum
658 1125 686 1178 ad
696 1141 819 1178 nnmerum
825 1129 941 1189 ordinum,

141 1200 196 1248 dum
209 1211 249 1249 sex
271 1198 414 1263 ministrant,
428 1204 453 1250 et
466 1203 514 1251 tres
531 1199 647 1251 assistunt.
666 1199 711 1249 Sed
724 1198 851 1264 llionpsius
866 1202 942 1264 ponit,

142 1271 202 1320 xlv.
222 1284 273 1334 eap.
295 1271 394 1322 Coelest.
421 1274 556 1333 brarorcb„
578 1269 638 1336 qubd
663 1270 785 1322 mullitudo
813 1275 943 1336 angelorum

142 1342 281 1393 tmnseandit
292 1355 385 1394 omnem
400 1343 540 1394 materialem
552 1342 732 1406 multitudinem
748 1343 878 1396 ut‘seilieet
889 1344 944 1404 siam

142 1427 237 1479 eorpora
248 1415 365 1478 superiora
380 1414 542 1466 transeenrlont
558 1425 653 1478 eorpora
664 1413 772 1466 interiora
787 1415 943 1480 magnitudine

142 1485 210 1548 quasi
220 1487 245 1535 in
259 1486 413 1549 immensum,
424 1486 457 1536 ita
471 1485 601 1551 superiores
613 1489 702 1536 natura¹
713 1485 858 1550 ineorpmeae
872 1491 943 1538 trans-

143 1557 243 1606 eendunt
256 1557 399 1608 multitudine
414 1570 494 1609 omues
512 1561 604 1608 naboras
619 1566 751 1628 miporeas3
765 1557 821 1622 quia
833 1560 899 1626 qood
916 1561 944 1608 est

144 1627 240 1687 malins,
254 1631 292 1677 est
300 1629 373 1692 magis
383 1627 397 1678 lt
406 1629 453 1678 lien
464 1629 578 1683 intentum
589 1633 613 1680 et
624 1628 809 1693 multiplicatum.
823 1631 855 1680 El
865 1643 942 1682 secuu-

144 1695 197 1747 dim
218 1699 274 1762 boo,
296 1697 348 1748 elrm
371 1699 506 1751 assistentes
528 1701 574 1752 sint
592 1700 720 1764 superiores
742 1700 941 1763 ministrantibus,

144 1768 221 1830 plures
241 1774 307 1819 emnt
321 1771 454 1822 ambientes
474 1767 542 1834 quim
563 1770 720 1823 ministrantes.
736 1771 802 1822 Unde
819 1773 943 1824 seuundim

145 1839 188 1888 boe
206 1839 292 1890 millio
311 1841 428 1891 millium
442 1843 524 1905 legitur
543 1842 765 1907 multipliciorem
781 1843 802 1893 si
821 1844 943 1906 diceretur,

145 1910 243 1960 millies
257 1912 350 1962 millia.
369 1914 398 1963 El
410 1915 463 1977 qnia
480 1914 562 1963 decies
575 1917 674 1964 ceolam
691 1917 744 1963 sunt
760 1913 837 1978 mille,
852 1915 873 1966 si
886 1916 946 1966 dise·

145 1986 206 2033 retur
219 1982 301 2033 decim
310 1987 410 2034 centem
423 1985 523 2041 baillia,
533 1986 623 2036 daretur
634 1984 732 2047 intelligi
742 1984 804 2048 quial
818 1989 854 2037 tot
868 1993 945 2038 essent

146 2054 277 2104 ambientes
289 2058 344 2118 quot
354 2055 523 2120 ministrantem
535 2057 574 2106 sed
589 2057 642 2120 quia
652 2055 735 2106 dieitur
749 2056 833 2106 decies
849 2058 947 2108 millies

145 2119 244 2175 centeni
260 2126 360 2185 mittio,
375 2126 445 2176 moltb
457 2129 535 2190 plures
555 2127 659 2177 obeuntur
673 2127 804 2179 assistentes
818 2129 888 2194 quarn
903 2131 946 2179 mi-

146 2197 277 2248 nistrantes.
289 2199 336 2248 Nec
348 2203 426 2248 mmen
435 2200 479 2249 bne
490 2211 533 2263 pro
543 2203 606 2250 uoto
615 2198 709 2263 dieitur,
721 2199 773 2262 quia
783 2203 862 2251 tantm
871 2201 946 2251 sollum
971 2261 972 2264 Ἴ

146 2268 174 2316 llt
185 2270 317 2332 angelorum
331 2283 451 2332 numerus3
464 2272 505 2321 sed
521 2270 591 2321 multb
603 2270 687 2334 major,
698 2271 752 2334 quia
766 2283 858 2323 ornnem
870 2277 945 2322 male

148 2339 228 2389 malem
247 2340 415 2391 mollitudinem
430 2342 609 2400 excedit-Queri
626 2341 766 2404 significatur
778 2353 820 2407 per
838 2344 947 2407 multipli-

147 2409 258 2460 cationem
275 2411 423 2462 maximorum
443 2426 587 2464 numerorum
600 2426 668 2478 supra
682 2413 784 2479 seipsos,
800 2414 890 2466 sallioat
909 2417 948 2466 cla·

149 2479 220 2542 narii,
232 2481 370 2547 cenerarii,
380 2483 513 2548 millenarii,
528 2488 552 2533 ul
568 2484 691 2548 Dionysias
703 2483 787 2535 bitem
802 2485 866 2536 dicit.
