<?xml version="1.0" encoding="UTF-8"?>
<!DOCTYPE html PUBLIC "-//W3C//DTD XHTML 1.0 Transitional//EN"
    "http://www.w3.org/TR/xhtml1/DTD/xhtml1-transitional.dtd">
<html xmlns="http://www.w3.org/1999/xhtml" xml:lang="en" lang="en">
 <head>
  <title>
</title>
<meta http-equiv="Content-Type" content="text/html;charset=utf-8" />
  <meta name='ocr-system' content='tesseract 3.04.00' />
  <meta name='ocr-capabilities' content='ocr_page ocr_carea ocr_par ocr_line ocrx_word'/>
</head>
<body>
  <div class='ocr_page' id='page_1' title='image "./summatheologica00nicogoog_0010.png"; bbox 0 0 1984 3309; ppageno 0'>
   <div class='ocr_carea' id='block_1_1' title="bbox 161 234 874 292">
    <p class='ocr_par' dir='ltr' id='par_1_1' title="bbox 161 234 874 292">
     <span class='ocr_line' id='line_1_1' title="bbox 161 234 874 292; baseline 0.004 -13"><span class='ocrx_word' id='word_1_1' title='bbox 161 242 193 279; x_wconf 78' lang='lat' dir='ltr'>ou</span> <span class='ocrx_word' id='word_1_2' title='bbox 209 236 455 292; x_wconf 75' lang='lat' dir='ltr'>oranacarttrrours</span> <span class='ocrx_word' id='word_1_3' title='bbox 471 236 603 278; x_wconf 51' lang='lat' dir='ltr'>¹nocturnae</span> <span class='ocrx_word' id='word_1_4' title='bbox 620 239 773 281; x_wconf 72' lang='lat' dir='ltr'>maeonius.</span> <span class='ocrx_word' id='word_1_5' title='bbox 859 234 874 281; x_wconf 80' lang='lat' dir='ltr'>t</span> 
     </span>
    </p>
   </div>
   <div class='ocr_carea' id='block_1_2' title="bbox 11 316 939 3038">
    <p class='ocr_par' dir='ltr' id='par_1_2' title="bbox 68 316 939 1317">
     <span class='ocr_line' id='line_1_2' title="bbox 72 316 875 385; baseline 0.004 -18"><span class='ocrx_word' id='word_1_6' title='bbox 72 323 150 369; x_wconf 87' lang='lat' dir='ltr'>nentes</span> <span class='ocrx_word' id='word_1_7' title='bbox 165 317 310 369; x_wconf 83' lang='lat' dir='ltr'>infidelium.</span> <span class='ocrx_word' id='word_1_8' title='bbox 323 332 343 363; x_wconf 79' lang='lat' dir='ltr'>o</span> <span class='ocrx_word' id='word_1_9' title='bbox 358 316 413 367; x_wconf 81' lang='lat' dir='ltr'>llaec</span> <span class='ocrx_word' id='word_1_10' title='bbox 429 320 511 384; x_wconf 72' lang='lat' dir='ltr'>aritem2</span> <span class='ocrx_word' id='word_1_11' title='bbox 522 318 604 381; x_wconf 91' lang='lat' dir='ltr'>positio</span> <span class='ocrx_word' id='word_1_12' title='bbox 617 324 652 369; x_wconf 82' lang='lat' dir='ltr'>est</span> <span class='ocrx_word' id='word_1_13' title='bbox 667 320 758 371; x_wconf 87' lang='lat' dir='ltr'>omnino</span> <span class='ocrx_word' id='word_1_14' title='bbox 771 320 875 385; x_wconf 83' lang='lat' dir='ltr'>inpossi-</span> 
     </span>
     <span class='ocr_line' id='line_1_3' title="bbox 70 388 874 456; baseline 0.001 -15"><span class='ocrx_word' id='word_1_15' title='bbox 70 392 123 442; x_wconf 88' lang='lat' dir='ltr'>bilis.</span> <span class='ocrx_word' id='word_1_16' title='bbox 137 393 160 443; x_wconf 87' lang='lat' dir='ltr'>Si</span> <span class='ocrx_word' id='word_1_17' title='bbox 174 392 242 443; x_wconf 84' lang='lat' dir='ltr'>enirn</span> <span class='ocrx_word' id='word_1_18' title='bbox 260 390 355 441; x_wconf 78' lang='lat' dir='ltr'>diversa</span> <span class='ocrx_word' id='word_1_19' title='bbox 373 388 397 438; x_wconf 95' lang='lat' dir='ltr'>in</span> <span class='ocrx_word' id='word_1_20' title='bbox 412 389 489 453; x_wconf 85' lang='lat' dir='ltr'>aliquo</span> <span class='ocrx_word' id='word_1_21' title='bbox 508 390 627 454; x_wconf 87' lang='lat' dir='ltr'>uniantur,</span> <span class='ocrx_word' id='word_1_22' title='bbox 646 404 739 442; x_wconf 80' lang='lat' dir='ltr'>neeesse</span> <span class='ocrx_word' id='word_1_23' title='bbox 754 397 791 442; x_wconf 86' lang='lat' dir='ltr'>ost</span> <span class='ocrx_word' id='word_1_24' title='bbox 803 393 874 456; x_wconf 80' lang='lat' dir='ltr'>liujus</span> 
     </span>
     <span class='ocr_line' id='line_1_4' title="bbox 74 461 873 525; baseline 0.003 -12"><span class='ocrx_word' id='word_1_25' title='bbox 74 464 152 515; x_wconf 84' lang='lat' dir='ltr'>unionis</span> <span class='ocrx_word' id='word_1_26' title='bbox 162 476 260 514; x_wconf 82' lang='lat' dir='ltr'>eausam</span> <span class='ocrx_word' id='word_1_27' title='bbox 272 474 327 513; x_wconf 90' lang='lat' dir='ltr'>esse</span> <span class='ocrx_word' id='word_1_28' title='bbox 341 461 457 525; x_wconf 70' lang='lat' dir='ltr'>eliquatur</span> <span class='ocrx_word' id='word_1_29' title='bbox 469 474 515 511; x_wconf 92' lang='lat' dir='ltr'>uon</span> <span class='ocrx_word' id='word_1_30' title='bbox 528 462 588 512; x_wconf 82' lang='lat' dir='ltr'>enirn</span> <span class='ocrx_word' id='word_1_31' title='bbox 605 462 693 513; x_wconf 82' lang='lat' dir='ltr'>diuersa</span> <span class='ocrx_word' id='word_1_32' title='bbox 712 462 834 513; x_wconf 62' lang='lat' dir='ltr'>meandum</span> <span class='ocrx_word' id='word_1_33' title='bbox 847 478 873 515; x_wconf 83' lang='lat' dir='ltr'>se</span> 
     </span>
     <span class='ocr_line' id='line_1_5' title="bbox 75 534 873 597; baseline 0 -11"><span class='ocrx_word' id='word_1_34' title='bbox 75 537 177 586; x_wconf 77' lang='lat' dir='ltr'>uiuitur.</span> <span class='ocrx_word' id='word_1_35' title='bbox 192 536 224 585; x_wconf 87' lang='lat' dir='ltr'>Et</span> <span class='ocrx_word' id='word_1_36' title='bbox 244 534 300 584; x_wconf 81' lang='lat' dir='ltr'>iurle</span> <span class='ocrx_word' id='word_1_37' title='bbox 316 536 367 596; x_wconf 84' lang='lat' dir='ltr'>est,</span> <span class='ocrx_word' id='word_1_38' title='bbox 383 534 446 597; x_wconf 89' lang='lat' dir='ltr'>quod</span> <span class='ocrx_word' id='word_1_39' title='bbox 465 534 643 597; x_wconf 76' lang='lat' dir='ltr'>quandocunque</span> <span class='ocrx_word' id='word_1_40' title='bbox 660 534 683 584; x_wconf 93' lang='lat' dir='ltr'>iu</span> <span class='ocrx_word' id='word_1_41' title='bbox 699 534 795 586; x_wconf 79' lang='lat' dir='ltr'>liversis</span> <span class='ocrx_word' id='word_1_42' title='bbox 809 536 873 587; x_wconf 87' lang='lat' dir='ltr'>inve-</span> 
     </span>
     <span class='ocr_line' id='line_1_6' title="bbox 73 604 939 671; baseline 0.003 -15"><span class='ocrx_word' id='word_1_43' title='bbox 73 608 123 658; x_wconf 89' lang='lat' dir='ltr'>nitur</span> <span class='ocrx_word' id='word_1_44' title='bbox 136 608 223 671; x_wconf 78' lang='lat' dir='ltr'>aliquid</span> <span class='ocrx_word' id='word_1_45' title='bbox 236 618 328 667; x_wconf 80' lang='lat' dir='ltr'>uinum,</span> <span class='ocrx_word' id='word_1_46' title='bbox 348 608 438 669; x_wconf 86' lang='lat' dir='ltr'>oportet</span> <span class='ocrx_word' id='word_1_47' title='bbox 452 604 512 669; x_wconf 85' lang='lat' dir='ltr'>qubd</span> <span class='ocrx_word' id='word_1_48' title='bbox 533 605 571 653; x_wconf 87' lang='lat' dir='ltr'>illa</span> <span class='ocrx_word' id='word_1_49' title='bbox 587 605 675 656; x_wconf 74' lang='lat' dir='ltr'>ulvosa</span> <span class='ocrx_word' id='word_1_50' title='bbox 692 606 746 656; x_wconf 86' lang='lat' dir='ltr'>illul</span> <span class='ocrx_word' id='word_1_51' title='bbox 760 622 829 657; x_wconf 82' lang='lat' dir='ltr'>unuin</span> <span class='ocrx_word' id='word_1_52' title='bbox 844 608 873 659; x_wconf 90' lang='lat' dir='ltr'>ab</span> <span class='ocrx_word' id='word_1_53' title='bbox 934 622 939 629; x_wconf 86' lang='lat'><strong>·</strong></span> 
     </span>
     <span class='ocr_line' id='line_1_7' title="bbox 72 675 870 743; baseline 0.001 -16"><span class='ocrx_word' id='word_1_54' title='bbox 72 680 135 743; x_wconf 80' lang='lat' dir='ltr'>aliqua</span> <span class='ocrx_word' id='word_1_55' title='bbox 144 692 190 729; x_wconf 86' lang='lat' dir='ltr'>cua</span> <span class='ocrx_word' id='word_1_56' title='bbox 202 690 277 727; x_wconf 87' lang='lat' dir='ltr'>causa</span> <span class='ocrx_word' id='word_1_57' title='bbox 288 675 414 741; x_wconf 87' lang='lat' dir='ltr'>reoipiaut;</span> <span class='ocrx_word' id='word_1_58' title='bbox 427 675 488 725; x_wconf 87' lang='lat' dir='ltr'>siout</span> <span class='ocrx_word' id='word_1_59' title='bbox 498 676 517 726; x_wconf 88' lang='lat' dir='ltr'>si</span> <span class='ocrx_word' id='word_1_60' title='bbox 533 677 623 727; x_wconf 84' lang='lat' dir='ltr'>diuersa</span> <span class='ocrx_word' id='word_1_61' title='bbox 634 689 727 741; x_wconf 79' lang='lat' dir='ltr'>corpora</span> <span class='ocrx_word' id='word_1_62' title='bbox 736 679 782 728; x_wconf 85' lang='lat' dir='ltr'>sint</span> <span class='ocrx_word' id='word_1_63' title='bbox 790 678 870 741; x_wconf 85' lang='lat' dir='ltr'>calida,</span> 
     </span>
     <span class='ocr_line' id='line_1_8' title="bbox 70 746 873 812; baseline 0 -11"><span class='ocrx_word' id='word_1_64' title='bbox 70 751 144 801; x_wconf 83' lang='lat' dir='ltr'>babent</span> <span class='ocrx_word' id='word_1_65' title='bbox 159 750 261 801; x_wconf 88' lang='lat' dir='ltr'>calorem</span> <span class='ocrx_word' id='word_1_66' title='bbox 274 748 304 797; x_wconf 91' lang='lat' dir='ltr'>ab</span> <span class='ocrx_word' id='word_1_67' title='bbox 316 746 378 809; x_wconf 79' lang='lat' dir='ltr'>igne.</span> <span class='ocrx_word' id='word_1_68' title='bbox 395 747 444 795; x_wconf 89' lang='lat' dir='ltr'>lloc</span> <span class='ocrx_word' id='word_1_69' title='bbox 455 751 530 796; x_wconf 84' lang='lat' dir='ltr'>autern</span> <span class='ocrx_word' id='word_1_70' title='bbox 538 748 597 810; x_wconf 84' lang='lat' dir='ltr'>quod</span> <span class='ocrx_word' id='word_1_71' title='bbox 607 751 709 812; x_wconf 81' lang='lat' dir='ltr'>estesse,</span> <span class='ocrx_word' id='word_1_72' title='bbox 722 751 873 802; x_wconf 86' lang='lat' dir='ltr'>communiter</span> 
     </span>
     <span class='ocr_line' id='line_1_9' title="bbox 70 818 871 883; baseline 0.005 -13"><span class='ocrx_word' id='word_1_73' title='bbox 70 822 174 872; x_wconf 76' lang='lat' dir='ltr'>iuvenitur</span> <span class='ocrx_word' id='word_1_74' title='bbox 186 822 212 871; x_wconf 92' lang='lat' dir='ltr'>iu</span> <span class='ocrx_word' id='word_1_75' title='bbox 227 818 338 870; x_wconf 83' lang='lat' dir='ltr'>omnibus</span> <span class='ocrx_word' id='word_1_76' title='bbox 354 818 424 867; x_wconf 90' lang='lat' dir='ltr'>rebus</span> <span class='ocrx_word' id='word_1_77' title='bbox 443 822 641 883; x_wconf 82' lang='lat' dir='ltr'>quantumcunque</span> <span class='ocrx_word' id='word_1_78' title='bbox 655 820 757 872; x_wconf 68' lang='lat' dir='ltr'>ditonis.</span> <span class='ocrx_word' id='word_1_79' title='bbox 773 824 871 874; x_wconf 73' lang='lat' dir='ltr'>Necesse</span> 
     </span>
     <span class='ocr_line' id='line_1_10' title="bbox 70 889 873 957; baseline 0.002 -13"><span class='ocrx_word' id='word_1_80' title='bbox 70 899 164 957; x_wconf 78' lang='lat' dir='ltr'>astorgo</span> <span class='ocrx_word' id='word_1_81' title='bbox 180 905 236 943; x_wconf 86' lang='lat' dir='ltr'>esse</span> <span class='ocrx_word' id='word_1_82' title='bbox 253 904 327 941; x_wconf 78' lang='lat' dir='ltr'>riuum</span> <span class='ocrx_word' id='word_1_83' title='bbox 347 890 440 940; x_wconf 83' lang='lat' dir='ltr'>essendi</span> <span class='ocrx_word' id='word_1_84' title='bbox 455 889 608 954; x_wconf 85' lang='lat' dir='ltr'>principium,</span> <span class='ocrx_word' id='word_1_85' title='bbox 624 890 636 941; x_wconf 76' lang='lat' dir='ltr'>i</span> <span class='ocrx_word' id='word_1_86' title='bbox 650 907 694 955; x_wconf 87' lang='lat' dir='ltr'>quo</span> <span class='ocrx_word' id='word_1_87' title='bbox 711 909 760 943; x_wconf 77' lang='lat' dir='ltr'>ruse</span> <span class='ocrx_word' id='word_1_88' title='bbox 774 894 873 946; x_wconf 87' lang='lat' dir='ltr'>babeant</span> 
     </span>
     <span class='ocr_line' id='line_1_11' title="bbox 72 962 871 1029; baseline 0 -14"><span class='ocrx_word' id='word_1_89' title='bbox 72 976 212 1028; x_wconf 81' lang='lat' dir='ltr'>quacumque</span> <span class='ocrx_word' id='word_1_90' title='bbox 221 968 279 1013; x_wconf 86' lang='lat' dir='ltr'>sunt</span> <span class='ocrx_word' id='word_1_91' title='bbox 290 974 436 1025; x_wconf 59' lang='lat' dir='ltr'>mecumque</span> <span class='ocrx_word' id='word_1_92' title='bbox 451 962 532 1023; x_wconf 80' lang='lat' dir='ltr'>inodo,</span> <span class='ocrx_word' id='word_1_93' title='bbox 542 963 591 1012; x_wconf 84' lang='lat' dir='ltr'>sire</span> <span class='ocrx_word' id='word_1_94' title='bbox 602 962 648 1012; x_wconf 88' lang='lat' dir='ltr'>siut</span> <span class='ocrx_word' id='word_1_95' title='bbox 656 964 778 1014; x_wconf 85' lang='lat' dir='ltr'>inuisibilia</span> <span class='ocrx_word' id='word_1_96' title='bbox 789 968 811 1015; x_wconf 92' lang='lat' dir='ltr'>et</span> <span class='ocrx_word' id='word_1_97' title='bbox 823 963 871 1029; x_wconf 91' lang='lat' dir='ltr'>spi·</span> 
     </span>
     <span class='ocr_line' id='line_1_12' title="bbox 71 1032 871 1100; baseline 0.005 -17"><span class='ocrx_word' id='word_1_98' title='bbox 71 1036 162 1100; x_wconf 61' lang='lat' dir='ltr'>utram,</span> <span class='ocrx_word' id='word_1_99' title='bbox 175 1036 228 1085; x_wconf 87' lang='lat' dir='ltr'>sire</span> <span class='ocrx_word' id='word_1_100' title='bbox 239 1034 289 1083; x_wconf 88' lang='lat' dir='ltr'>siut</span> <span class='ocrx_word' id='word_1_101' title='bbox 301 1032 403 1084; x_wconf 80' lang='lat' dir='ltr'>visibilia</span> <span class='ocrx_word' id='word_1_102' title='bbox 413 1037 437 1083; x_wconf 91' lang='lat' dir='ltr'>et</span> <span class='ocrx_word' id='word_1_103' title='bbox 448 1034 581 1095; x_wconf 86' lang='lat' dir='ltr'>corporalia.</span> <span class='ocrx_word' id='word_1_104' title='bbox 591 1034 675 1084; x_wconf 78' lang='lat' dir='ltr'>Dicitur</span> <span class='ocrx_word' id='word_1_105' title='bbox 683 1041 758 1085; x_wconf 89' lang='lat' dir='ltr'>autem</span> <span class='ocrx_word' id='word_1_106' title='bbox 770 1036 871 1087; x_wconf 87' lang='lat' dir='ltr'>diabolus</span> 
     </span>
     <span class='ocr_line' id='line_1_13' title="bbox 70 1106 867 1172; baseline 0.001 -13"><span class='ocrx_word' id='word_1_107' title='bbox 70 1121 139 1159; x_wconf 74' lang='lat' dir='ltr'>ouen</span> <span class='ocrx_word' id='word_1_108' title='bbox 158 1110 221 1159; x_wconf 86' lang='lat' dir='ltr'>lteus</span> <span class='ocrx_word' id='word_1_109' title='bbox 236 1106 310 1171; x_wconf 87' lang='lat' dir='ltr'>bujus</span> <span class='ocrx_word' id='word_1_110' title='bbox 328 1106 421 1166; x_wconf 85' lang='lat' dir='ltr'>saeculi,</span> <span class='ocrx_word' id='word_1_111' title='bbox 436 1122 450 1152; x_wconf 85' lang='lat' dir='ltr'>n</span> <span class='ocrx_word' id='word_1_112' title='bbox 467 1120 513 1156; x_wconf 95' lang='lat' dir='ltr'>non</span> <span class='ocrx_word' id='word_1_113' title='bbox 525 1108 654 1172; x_wconf 79' lang='lat' dir='ltr'>creatione,</span> <span class='ocrx_word' id='word_1_114' title='bbox 670 1110 710 1159; x_wconf 83' lang='lat' dir='ltr'>sert</span> <span class='ocrx_word' id='word_1_115' title='bbox 727 1110 780 1172; x_wconf 78' lang='lat' dir='ltr'>quia</span> <span class='ocrx_word' id='word_1_116' title='bbox 793 1124 867 1160; x_wconf 74' lang='lat' dir='ltr'>sacu-</span> 
     </span>
     <span class='ocr_line' id='line_1_14' title="bbox 69 1178 871 1245; baseline 0.009 -17"><span class='ocrx_word' id='word_1_117' title='bbox 69 1179 136 1232; x_wconf 88' lang='lat' dir='ltr'>laritor</span> <span class='ocrx_word' id='word_1_118' title='bbox 150 1182 260 1231; x_wconf 77' lang='lat' dir='ltr'>uiuentes</span> <span class='ocrx_word' id='word_1_119' title='bbox 278 1178 300 1229; x_wconf 85' lang='lat' dir='ltr'>oi</span> <span class='ocrx_word' id='word_1_120' title='bbox 321 1178 437 1239; x_wconf 85' lang='lat' dir='ltr'>serviunt,</span> <span class='ocrx_word' id='word_1_121' title='bbox 453 1191 480 1229; x_wconf 89' lang='lat' dir='ltr'>eo</span> <span class='ocrx_word' id='word_1_122' title='bbox 495 1180 561 1229; x_wconf 78' lang='lat' dir='ltr'>mollo</span> <span class='ocrx_word' id='word_1_123' title='bbox 573 1180 679 1243; x_wconf 84' lang='lat' dir='ltr'>loquendi</span> <span class='ocrx_word' id='word_1_124' title='bbox 693 1195 738 1244; x_wconf 88' lang='lat' dir='ltr'>quo</span> <span class='ocrx_word' id='word_1_125' title='bbox 752 1183 871 1245; x_wconf 78' lang='lat' dir='ltr'>apostolus</span> 
     </span>
     <span class='ocr_line' id='line_1_15' title="bbox 68 1250 792 1317; baseline -0.003 -14"><span class='ocrx_word' id='word_1_126' title='bbox 68 1253 158 1317; x_wconf 78' lang='lat' dir='ltr'>loquitu</span> <span class='ocrx_word' id='word_1_127' title='bbox 171 1252 202 1303; x_wconf 89' lang='lat' dir='ltr'>ad</span> <span class='ocrx_word' id='word_1_128' title='bbox 217 1250 373 1315; x_wconf 76' lang='lat' dir='ltr'>Pbih&#39;p..1ll</span> <span class='ocrx_word' id='word_1_129' title='bbox 389 1264 394 1299; x_wconf 96' lang='lat'><strong>:</strong></span> <span class='ocrx_word' id='word_1_130' title='bbox 413 1268 427 1299; x_wconf 86' lang='lat' dir='ltr'>n</span> <span class='ocrx_word' id='word_1_131' title='bbox 442 1250 541 1308; x_wconf 83' lang='lat' dir='ltr'>Quorum</span> <span class='ocrx_word' id='word_1_132' title='bbox 553 1250 614 1302; x_wconf 86' lang='lat' dir='ltr'>lteus</span> <span class='ocrx_word' id='word_1_133' title='bbox 625 1256 705 1303; x_wconf 69' lang='lat' dir='ltr'>renue</span> <span class='ocrx_word' id='word_1_134' title='bbox 718 1258 760 1303; x_wconf 89' lang='lat' dir='ltr'>est.</span> <span class='ocrx_word' id='word_1_135' title='bbox 777 1272 792 1301; x_wconf 79' lang='lat' dir='ltr'>n</span> 
     </span>
    </p>

    <p class='ocr_par' dir='ltr' id='par_1_3' title="bbox 11 1322 871 2751">
     <span class='ocr_line' id='line_1_16' title="bbox 95 1322 870 1390; baseline 0.004 -15"><span class='ocrx_word' id='word_1_136' title='bbox 95 1326 127 1375; x_wconf 81' lang='lat' dir='ltr'>ll</span> <span class='ocrx_word' id='word_1_137' title='bbox 139 1325 241 1390; x_wconf 83' lang='lat' dir='ltr'>priunum</span> <span class='ocrx_word' id='word_1_138' title='bbox 258 1335 314 1386; x_wconf 78' lang='lat' dir='ltr'>ergo</span> <span class='ocrx_word' id='word_1_139' title='bbox 332 1322 469 1383; x_wconf 83' lang='lat' dir='ltr'>dicendum,</span> <span class='ocrx_word' id='word_1_140' title='bbox 490 1322 550 1385; x_wconf 83' lang='lat' dir='ltr'>qubd</span> <span class='ocrx_word' id='word_1_141' title='bbox 564 1336 643 1375; x_wconf 85' lang='lat' dir='ltr'>omues</span> <span class='ocrx_word' id='word_1_142' title='bbox 657 1329 766 1376; x_wconf 78' lang='lat' dir='ltr'>creature</span> <span class='ocrx_word' id='word_1_143' title='bbox 780 1326 820 1377; x_wconf 85' lang='lat' dir='ltr'>boi</span> <span class='ocrx_word' id='word_1_144' title='bbox 834 1340 870 1378; x_wconf 83' lang='lat' dir='ltr'>se·</span> 
     </span>
     <span class='ocr_line' id='line_1_17' title="bbox 69 1394 871 1459; baseline 0.004 -14"><span class='ocrx_word' id='word_1_145' title='bbox 69 1396 160 1447; x_wconf 80' lang='lat' dir='ltr'>nundina</span> <span class='ocrx_word' id='word_1_146' title='bbox 173 1394 263 1459; x_wconf 84' lang='lat' dir='ltr'>aliquid</span> <span class='ocrx_word' id='word_1_147' title='bbox 277 1394 303 1443; x_wconf 92' lang='lat' dir='ltr'>in</span> <span class='ocrx_word' id='word_1_148' title='bbox 316 1396 426 1444; x_wconf 79' lang='lat' dir='ltr'>aternum</span> <span class='ocrx_word' id='word_1_149' title='bbox 438 1399 595 1458; x_wconf 77' lang='lat' dir='ltr'>perseverant,</span> <span class='ocrx_word' id='word_1_150' title='bbox 610 1395 638 1445; x_wconf 87' lang='lat' dir='ltr'>ad</span> <span class='ocrx_word' id='word_1_151' title='bbox 658 1396 732 1446; x_wconf 73' lang='lat' dir='ltr'>uiuus</span> <span class='ocrx_word' id='word_1_152' title='bbox 745 1397 871 1448; x_wconf 80' lang='lat' dir='ltr'>secundior</span> 
     </span>
     <span class='ocr_line' id='line_1_18' title="bbox 70 1466 869 1534; baseline 0.005 -18"><span class='ocrx_word' id='word_1_153' title='bbox 70 1468 194 1531; x_wconf 80' lang='lat' dir='ltr'>nuteriam3</span> <span class='ocrx_word' id='word_1_154' title='bbox 218 1469 276 1531; x_wconf 88' lang='lat' dir='ltr'>quia</span> <span class='ocrx_word' id='word_1_155' title='bbox 299 1470 409 1515; x_wconf 79' lang='lat' dir='ltr'>creaturae</span> <span class='ocrx_word' id='word_1_156' title='bbox 428 1478 544 1529; x_wconf 85' lang='lat' dir='ltr'>nunquam</span> <span class='ocrx_word' id='word_1_157' title='bbox 566 1466 590 1516; x_wconf 89' lang='lat' dir='ltr'>iu</span> <span class='ocrx_word' id='word_1_158' title='bbox 610 1467 708 1517; x_wconf 86' lang='lat' dir='ltr'>nibilum</span> <span class='ocrx_word' id='word_1_159' title='bbox 727 1469 869 1534; x_wconf 71' lang='lat' dir='ltr'>redigemur,</span> 
     </span>
     <span class='ocr_line' id='line_1_19' title="bbox 71 1536 871 1605; baseline 0.008 -18"><span class='ocrx_word' id='word_1_160' title='bbox 71 1539 131 1589; x_wconf 87' lang='lat' dir='ltr'>otiam</span> <span class='ocrx_word' id='word_1_161' title='bbox 141 1539 161 1591; x_wconf 88' lang='lat' dir='ltr'>si</span> <span class='ocrx_word' id='word_1_162' title='bbox 180 1539 228 1589; x_wconf 87' lang='lat' dir='ltr'>sint</span> <span class='ocrx_word' id='word_1_163' title='bbox 241 1537 411 1602; x_wconf 69' lang='lat' dir='ltr'>corruptibiles.</span> <span class='ocrx_word' id='word_1_164' title='bbox 426 1536 471 1587; x_wconf 82' lang='lat' dir='ltr'>Sed</span> <span class='ocrx_word' id='word_1_165' title='bbox 488 1538 690 1600; x_wconf 81' lang='lat' dir='ltr'>quautbcreaturae</span> <span class='ocrx_word' id='word_1_166' title='bbox 703 1541 775 1603; x_wconf 77' lang='lat' dir='ltr'>magis</span> <span class='ocrx_word' id='word_1_167' title='bbox 788 1554 871 1605; x_wconf 82' lang='lat' dir='ltr'>appro-</span> 
     </span>
     <span class='ocr_line' id='line_1_20' title="bbox 70 1607 870 1675; baseline 0.005 -16"><span class='ocrx_word' id='word_1_168' title='bbox 70 1613 172 1675; x_wconf 84' lang='lat' dir='ltr'>pinquant</span> <span class='ocrx_word' id='word_1_169' title='bbox 185 1613 214 1661; x_wconf 78' lang='lat' dir='ltr'>aul</span> <span class='ocrx_word' id='word_1_170' title='bbox 229 1612 319 1670; x_wconf 81' lang='lat' dir='ltr'>Deum,</span> <span class='ocrx_word' id='word_1_171' title='bbox 334 1607 373 1671; x_wconf 86' lang='lat' dir='ltr'>qui</span> <span class='ocrx_word' id='word_1_172' title='bbox 386 1613 423 1659; x_wconf 69' lang='lat' dir='ltr'>ert</span> <span class='ocrx_word' id='word_1_173' title='bbox 438 1608 575 1669; x_wconf 83' lang='lat' dir='ltr'>inmobilis,</span> <span class='ocrx_word' id='word_1_174' title='bbox 587 1608 651 1660; x_wconf 90' lang='lat' dir='ltr'>tantb</span> <span class='ocrx_word' id='word_1_175' title='bbox 665 1612 737 1675; x_wconf 84' lang='lat' dir='ltr'>magis</span> <span class='ocrx_word' id='word_1_176' title='bbox 755 1617 809 1663; x_wconf 86' lang='lat' dir='ltr'>sunt</span> <span class='ocrx_word' id='word_1_177' title='bbox 827 1613 870 1663; x_wconf 88' lang='lat' dir='ltr'>im·</span> 
     </span>
     <span class='ocr_line' id='line_1_21' title="bbox 69 1680 869 1746; baseline 0.006 -15"><span class='ocrx_word' id='word_1_178' title='bbox 69 1684 174 1745; x_wconf 85' lang='lat' dir='ltr'>nobiles;</span> <span class='ocrx_word' id='word_1_179' title='bbox 190 1697 247 1734; x_wconf 84' lang='lat' dir='ltr'>naun</span> <span class='ocrx_word' id='word_1_180' title='bbox 270 1684 380 1731; x_wconf 79' lang='lat' dir='ltr'>creaturae</span> <span class='ocrx_word' id='word_1_181' title='bbox 401 1680 559 1743; x_wconf 79' lang='lat' dir='ltr'>corruptibiles</span> <span class='ocrx_word' id='word_1_182' title='bbox 575 1680 600 1729; x_wconf 92' lang='lat' dir='ltr'>in</span> <span class='ocrx_word' id='word_1_183' title='bbox 620 1685 754 1746; x_wconf 84' lang='lat' dir='ltr'>perpetuum</span> <span class='ocrx_word' id='word_1_184' title='bbox 776 1689 869 1736; x_wconf 89' lang='lat' dir='ltr'>manent</span> 
     </span>
     <span class='ocr_line' id='line_1_22' title="bbox 67 1752 868 1817; baseline 0.004 -12"><span class='ocrx_word' id='word_1_185' title='bbox 67 1756 187 1807; x_wconf 82' lang='lat' dir='ltr'>seeuuibua</span> <span class='ocrx_word' id='word_1_186' title='bbox 199 1754 333 1817; x_wconf 76' lang='lat' dir='ltr'>melariam,</span> <span class='ocrx_word' id='word_1_187' title='bbox 343 1754 383 1805; x_wconf 82' lang='lat' dir='ltr'>soll</span> <span class='ocrx_word' id='word_1_188' title='bbox 393 1756 510 1803; x_wconf 86' lang='lat' dir='ltr'>mutantur</span> <span class='ocrx_word' id='word_1_189' title='bbox 522 1752 646 1803; x_wconf 71' lang='lat' dir='ltr'>semodium</span> <span class='ocrx_word' id='word_1_190' title='bbox 657 1755 751 1805; x_wconf 76' lang='lat' dir='ltr'>luuram</span> <span class='ocrx_word' id='word_1_191' title='bbox 762 1756 868 1807; x_wconf 82' lang='lat' dir='ltr'>substan·</span> 
     </span>
     <span class='ocr_line' id='line_1_23' title="bbox 66 1823 869 1893; baseline 0.002 -16"><span class='ocrx_word' id='word_1_192' title='bbox 66 1828 154 1893; x_wconf 83' lang='lat' dir='ltr'>tialenr;</span> <span class='ocrx_word' id='word_1_193' title='bbox 171 1832 284 1879; x_wconf 70' lang='lat' dir='ltr'>ereawrae</span> <span class='ocrx_word' id='word_1_194' title='bbox 299 1824 355 1877; x_wconf 77' lang='lat' dir='ltr'>vert</span> <span class='ocrx_word' id='word_1_195' title='bbox 374 1823 557 1887; x_wconf 71' lang='lat' dir='ltr'>incorruptibiles</span> <span class='ocrx_word' id='word_1_196' title='bbox 575 1831 710 1888; x_wconf 77' lang='lat' dir='ltr'>permanent</span> <span class='ocrx_word' id='word_1_197' title='bbox 728 1828 818 1890; x_wconf 82' lang='lat' dir='ltr'>quidem</span> <span class='ocrx_word' id='word_1_198' title='bbox 832 1842 869 1879; x_wconf 86' lang='lat' dir='ltr'>oe·</span> 
     </span>
     <span class='ocr_line' id='line_1_24' title="bbox 66 1896 866 1965; baseline 0.003 -17"><span class='ocrx_word' id='word_1_199' title='bbox 66 1899 160 1951; x_wconf 65' lang='lat' dir='ltr'>cundum</span> <span class='ocrx_word' id='word_1_200' title='bbox 172 1898 336 1958; x_wconf 57' lang='lat' dir='ltr'>mutuam,</span> <span class='ocrx_word' id='word_1_201' title='bbox 346 1898 388 1947; x_wconf 87' lang='lat' dir='ltr'>sed</span> <span class='ocrx_word' id='word_1_202' title='bbox 402 1898 456 1946; x_wconf 82' lang='lat' dir='ltr'>suut</span> <span class='ocrx_word' id='word_1_203' title='bbox 465 1896 586 1947; x_wconf 82' lang='lat' dir='ltr'>mutabiles</span> <span class='ocrx_word' id='word_1_204' title='bbox 599 1898 723 1947; x_wconf 66' lang='lat' dir='ltr'>mundun</span> <span class='ocrx_word' id='word_1_205' title='bbox 734 1898 790 1960; x_wconf 78' lang='lat' dir='ltr'>alia3</span> <span class='ocrx_word' id='word_1_206' title='bbox 803 1900 866 1965; x_wconf 80' lang='lat' dir='ltr'>puta,</span> 
     </span>
     <span class='ocr_line' id='line_1_25' title="bbox 67 1966 867 2033; baseline 0.003 -13"><span class='ocrx_word' id='word_1_207' title='bbox 67 1970 188 2023; x_wconf 85' lang='lat' dir='ltr'>seeoulbm</span> <span class='ocrx_word' id='word_1_208' title='bbox 198 1972 290 2029; x_wconf 79' lang='lat' dir='ltr'>locum.</span> <span class='ocrx_word' id='word_1_209' title='bbox 305 1972 333 2019; x_wconf 89' lang='lat' dir='ltr'>ut</span> <span class='ocrx_word' id='word_1_210' title='bbox 344 1980 440 2033; x_wconf 74' lang='lat' dir='ltr'>eorpua</span> <span class='ocrx_word' id='word_1_211' title='bbox 451 1966 561 2029; x_wconf 69' lang='lat' dir='ltr'>cubatio,</span> <span class='ocrx_word' id='word_1_212' title='bbox 575 1968 611 2019; x_wconf 85' lang='lat' dir='ltr'>rel</span> <span class='ocrx_word' id='word_1_213' title='bbox 623 1968 747 2020; x_wconf 60' lang='lat' dir='ltr'>monalium</span> <span class='ocrx_word' id='word_1_214' title='bbox 764 1970 867 2023; x_wconf 87' lang='lat' dir='ltr'>allectio·</span> 
     </span>
     <span class='ocr_line' id='line_1_26' title="bbox 69 2039 864 2107; baseline -0.001 -11"><span class='ocrx_word' id='word_1_215' title='bbox 69 2056 117 2107; x_wconf 79' lang='lat' dir='ltr'>nes,</span> <span class='ocrx_word' id='word_1_216' title='bbox 135 2048 162 2095; x_wconf 86' lang='lat' dir='ltr'>at</span> <span class='ocrx_word' id='word_1_217' title='bbox 182 2046 297 2095; x_wconf 73' lang='lat' dir='ltr'>creature</span> <span class='ocrx_word' id='word_1_218' title='bbox 320 2039 460 2105; x_wconf 78' lang='lat' dir='ltr'>spirituales.</span> <span class='ocrx_word' id='word_1_219' title='bbox 478 2040 541 2097; x_wconf 79' lang='lat' dir='ltr'>Quoi</span> <span class='ocrx_word' id='word_1_220' title='bbox 559 2043 633 2090; x_wconf 71' lang='lat' dir='ltr'>auom</span> <span class='ocrx_word' id='word_1_221' title='bbox 654 2041 774 2105; x_wconf 74' lang='lat' dir='ltr'>Apostolus</span> <span class='ocrx_word' id='word_1_222' title='bbox 789 2042 864 2095; x_wconf 84' lang='lat' dir='ltr'>licit:</span> 
     </span>
     <span class='ocr_line' id='line_1_27' title="bbox 69 2110 867 2178; baseline 0.006 -17"><span class='ocrx_word' id='word_1_223' title='bbox 69 2116 143 2174; x_wconf 72' lang='lat' dir='ltr'>noua</span> <span class='ocrx_word' id='word_1_224' title='bbox 151 2110 419 2177; x_wconf 82' lang='lat' dir='ltr'>ridentur„tomporalia</span> <span class='ocrx_word' id='word_1_225' title='bbox 428 2114 496 2171; x_wconf 85' lang='lat' dir='ltr'>suut,</span> <span class='ocrx_word' id='word_1_226' title='bbox 509 2112 578 2162; x_wconf 85' lang='lat' dir='ltr'>»etsi</span> <span class='ocrx_word' id='word_1_227' title='bbox 587 2126 665 2163; x_wconf 82' lang='lat' dir='ltr'>rerum</span> <span class='ocrx_word' id='word_1_228' title='bbox 676 2112 708 2163; x_wconf 84' lang='lat' dir='ltr'>sit</span> <span class='ocrx_word' id='word_1_229' title='bbox 715 2113 784 2164; x_wconf 79' lang='lat' dir='ltr'>etiam</span> <span class='ocrx_word' id='word_1_230' title='bbox 795 2129 867 2178; x_wconf 79' lang='lat' dir='ltr'>quun·</span> 
     </span>
     <span class='ocr_line' id='line_1_28' title="bbox 67 2183 867 2252; baseline 0.004 -17"><span class='ocrx_word' id='word_1_231' title='bbox 67 2190 112 2239; x_wconf 82' lang='lat' dir='ltr'>turo</span> <span class='ocrx_word' id='word_1_232' title='bbox 128 2189 156 2239; x_wconf 79' lang='lat' dir='ltr'>ad</span> <span class='ocrx_word' id='word_1_233' title='bbox 172 2189 238 2252; x_wconf 80' lang='lat' dir='ltr'>ipsas</span> <span class='ocrx_word' id='word_1_234' title='bbox 257 2199 294 2237; x_wconf 85' lang='lat' dir='ltr'>res</span> <span class='ocrx_word' id='word_1_235' title='bbox 310 2184 335 2235; x_wconf 88' lang='lat' dir='ltr'>in</span> <span class='ocrx_word' id='word_1_236' title='bbox 351 2197 377 2233; x_wconf 84' lang='lat' dir='ltr'>so</span> <span class='ocrx_word' id='word_1_237' title='bbox 395 2183 563 2246; x_wconf 82' lang='lat' dir='ltr'>consideratas,</span> <span class='ocrx_word' id='word_1_238' title='bbox 575 2184 701 2235; x_wconf 68' lang='lat' dir='ltr'>mondum</span> <span class='ocrx_word' id='word_1_239' title='bbox 719 2184 780 2249; x_wconf 82' lang='lat' dir='ltr'>qubl</span> <span class='ocrx_word' id='word_1_240' title='bbox 792 2188 867 2239; x_wconf 85' lang='lat' dir='ltr'>omnis</span> 
     </span>
     <span class='ocr_line' id='line_1_29' title="bbox 66 2253 864 2322; baseline 0.003 -16"><span class='ocrx_word' id='word_1_241' title='bbox 66 2262 163 2309; x_wconf 83' lang='lat' dir='ltr'>creatura</span> <span class='ocrx_word' id='word_1_242' title='bbox 177 2258 279 2309; x_wconf 79' lang='lat' dir='ltr'>visibilis</span> <span class='ocrx_word' id='word_1_243' title='bbox 292 2255 399 2319; x_wconf 81' lang='lat' dir='ltr'>subjacet</span> <span class='ocrx_word' id='word_1_244' title='bbox 412 2253 523 2319; x_wconf 84' lang='lat' dir='ltr'>tempori,</span> <span class='ocrx_word' id='word_1_245' title='bbox 538 2256 575 2305; x_wconf 80' lang='lat' dir='ltr'>rol</span> <span class='ocrx_word' id='word_1_246' title='bbox 588 2255 787 2307; x_wconf 80' lang='lat' dir='ltr'>secundinianum</span> <span class='ocrx_word' id='word_1_247' title='bbox 799 2273 864 2322; x_wconf 80' lang='lat' dir='ltr'>erre,</span> 
     </span>
     <span class='ocr_line' id='line_1_30' title="bbox 67 2327 865 2394; baseline 0.01 -21"><span class='ocrx_word' id='word_1_248' title='bbox 67 2329 99 2377; x_wconf 83' lang='lat' dir='ltr'>rol</span> <span class='ocrx_word' id='word_1_249' title='bbox 115 2329 242 2380; x_wconf 83' lang='lat' dir='ltr'>seeundlun</span> <span class='ocrx_word' id='word_1_250' title='bbox 259 2341 326 2377; x_wconf 83' lang='lat' dir='ltr'>suurn</span> <span class='ocrx_word' id='word_1_251' title='bbox 342 2328 444 2386; x_wconf 84' lang='lat' dir='ltr'>motum,</span> <span class='ocrx_word' id='word_1_252' title='bbox 459 2330 536 2375; x_wconf 84' lang='lat' dir='ltr'>tameo</span> <span class='ocrx_word' id='word_1_253' title='bbox 552 2327 674 2391; x_wconf 73' lang='lat' dir='ltr'>Apostolus</span> <span class='ocrx_word' id='word_1_254' title='bbox 689 2327 787 2379; x_wconf 79' lang='lat' dir='ltr'>intendit</span> <span class='ocrx_word' id='word_1_255' title='bbox 803 2330 865 2394; x_wconf 81' lang='lat' dir='ltr'>ioqui</span> 
     </span>
     <span class='ocr_line' id='line_1_31' title="bbox 70 2396 865 2464; baseline 0.005 -17"><span class='ocrx_word' id='word_1_256' title='bbox 70 2399 232 2453; x_wconf 76' lang='lat' dir='ltr'>invisibilibus</span> <span class='ocrx_word' id='word_1_257' title='bbox 242 2398 369 2451; x_wconf 76' lang='lat' dir='ltr'>securrlirrn</span> <span class='ocrx_word' id='word_1_258' title='bbox 380 2396 442 2461; x_wconf 77' lang='lat' dir='ltr'>quid</span> <span class='ocrx_word' id='word_1_259' title='bbox 452 2402 506 2447; x_wconf 91' lang='lat' dir='ltr'>suot</span> <span class='ocrx_word' id='word_1_260' title='bbox 515 2398 723 2464; x_wconf 78' lang='lat' dir='ltr'>bourinispraeuaia.</span> <span class='ocrx_word' id='word_1_261' title='bbox 737 2401 794 2450; x_wconf 83' lang='lat' dir='ltr'>Nara</span> <span class='ocrx_word' id='word_1_262' title='bbox 809 2415 865 2464; x_wconf 82' lang='lat' dir='ltr'>prar-</span> 
     </span>
     <span class='ocr_line' id='line_1_32' title="bbox 72 2468 866 2535; baseline 0.008 -18"><span class='ocrx_word' id='word_1_263' title='bbox 72 2471 110 2519; x_wconf 82' lang='lat' dir='ltr'>unia</span> <span class='ocrx_word' id='word_1_264' title='bbox 125 2474 223 2525; x_wconf 83' lang='lat' dir='ltr'>bominis</span> <span class='ocrx_word' id='word_1_265' title='bbox 241 2485 294 2535; x_wconf 81' lang='lat' dir='ltr'>quae</span> <span class='ocrx_word' id='word_1_266' title='bbox 309 2468 402 2520; x_wconf 85' lang='lat' dir='ltr'>suntin</span> <span class='ocrx_word' id='word_1_267' title='bbox 415 2468 465 2519; x_wconf 86' lang='lat' dir='ltr'>istis</span> <span class='ocrx_word' id='word_1_268' title='bbox 479 2470 547 2520; x_wconf 86' lang='lat' dir='ltr'>rebus</span> <span class='ocrx_word' id='word_1_269' title='bbox 560 2470 700 2531; x_wconf 73' lang='lat' dir='ltr'>visibilibus,</span> <span class='ocrx_word' id='word_1_270' title='bbox 714 2472 866 2535; x_wconf 81' lang='lat' dir='ltr'>temporaliter</span> 
     </span>
     <span class='ocr_line' id='line_1_33' title="bbox 69 2540 865 2607; baseline 0.006 -17"><span class='ocrx_word' id='word_1_271' title='bbox 69 2545 191 2607; x_wconf 78' lang='lat' dir='ltr'>lnuseunt3</span> <span class='ocrx_word' id='word_1_272' title='bbox 204 2556 258 2607; x_wconf 83' lang='lat' dir='ltr'>quae</span> <span class='ocrx_word' id='word_1_273' title='bbox 272 2545 350 2593; x_wconf 84' lang='lat' dir='ltr'>autern</span> <span class='ocrx_word' id='word_1_274' title='bbox 364 2544 420 2590; x_wconf 84' lang='lat' dir='ltr'>suut</span> <span class='ocrx_word' id='word_1_275' title='bbox 433 2540 455 2589; x_wconf 92' lang='lat' dir='ltr'>in</span> <span class='ocrx_word' id='word_1_276' title='bbox 470 2540 538 2590; x_wconf 85' lang='lat' dir='ltr'>rebus</span> <span class='ocrx_word' id='word_1_277' title='bbox 551 2540 715 2603; x_wconf 77' lang='lat' dir='ltr'>invisibilibus,</span> <span class='ocrx_word' id='word_1_278' title='bbox 733 2550 865 2607; x_wconf 83' lang='lat' dir='ltr'>permanent</span> 
     </span>
     <span class='ocr_line' id='line_1_34' title="bbox 67 2611 864 2679; baseline 0.008 -18"><span class='ocrx_word' id='word_1_279' title='bbox 67 2611 87 2661; x_wconf 89' lang='lat' dir='ltr'>iu</span> <span class='ocrx_word' id='word_1_280' title='bbox 106 2618 222 2665; x_wconf 61' lang='lat' dir='ltr'>munau.</span> <span class='ocrx_word' id='word_1_281' title='bbox 240 2616 306 2665; x_wconf 82' lang='lat' dir='ltr'>chle</span> <span class='ocrx_word' id='word_1_282' title='bbox 320 2618 343 2664; x_wconf 86' lang='lat' dir='ltr'>et</span> <span class='ocrx_word' id='word_1_283' title='bbox 358 2611 431 2676; x_wconf 80' lang='lat' dir='ltr'>supr-l</span> <span class='ocrx_word' id='word_1_284' title='bbox 448 2612 588 2676; x_wconf 72' lang='lat' dir='ltr'>promiserat</span> <span class='ocrx_word' id='word_1_285' title='bbox 607 2631 613 2661; x_wconf 80' lang='lat' dir='ltr'>r</span> <span class='ocrx_word' id='word_1_286' title='bbox 629 2615 770 2672; x_wconf 76' lang='lat' dir='ltr'>eAEteruuur</span> <span class='ocrx_word' id='word_1_287' title='bbox 787 2615 864 2679; x_wconf 76' lang='lat' dir='ltr'>gloria</span> 
     </span>
     <span class='ocr_line' id='line_1_35' title="bbox 11 2684 426 2751; baseline -0.005 -16"><span class='ocrx_word' id='word_1_288' title='bbox 11 2686 12 2699; x_wconf 64' lang='lat'>¹</span> <span class='ocrx_word' id='word_1_289' title='bbox 70 2687 273 2751; x_wconf 71' lang='lat' dir='ltr'>pnluopcratur</span> <span class='ocrx_word' id='word_1_290' title='bbox 286 2684 426 2736; x_wconf 81' lang='lat' dir='ltr'>innubis.»</span> 
     </span>
    </p>

    <p class='ocr_par' dir='ltr' id='par_1_4' title="bbox 70 2756 863 3038">
     <span class='ocr_line' id='line_1_36' title="bbox 97 2756 863 2822; baseline 0.003 -15"><span class='ocrx_word' id='word_1_291' title='bbox 97 2758 128 2809; x_wconf 81' lang='lat' dir='ltr'>ut</span> <span class='ocrx_word' id='word_1_292' title='bbox 142 2756 400 2811; x_wconf 68' lang='lat' dir='ltr'>aecuudumrlicenrluuu</span> <span class='ocrx_word' id='word_1_293' title='bbox 408 2794 415 2816; x_wconf 88' lang='lat'>,</span> <span class='ocrx_word' id='word_1_294' title='bbox 424 2756 485 2820; x_wconf 74' lang='lat' dir='ltr'>until</span> <span class='ocrx_word' id='word_1_295' title='bbox 493 2762 595 2809; x_wconf 74' lang='lat' dir='ltr'>curura</span> <span class='ocrx_word' id='word_1_296' title='bbox 605 2759 727 2822; x_wconf 69' lang='lat' dir='ltr'>cementis</span> <span class='ocrx_word' id='word_1_297' title='bbox 739 2757 863 2810; x_wconf 62' lang='lat' dir='ltr'>menmium</span> 
     </span>
     <span class='ocr_line' id='line_1_37' title="bbox 72 2828 863 2891; baseline 0.005 -15"><span class='ocrx_word' id='word_1_298' title='bbox 72 2838 132 2879; x_wconf 83' lang='lat' dir='ltr'>suam</span> <span class='ocrx_word' id='word_1_299' title='bbox 143 2834 245 2880; x_wconf 81' lang='lat' dir='ltr'>naturam</span> <span class='ocrx_word' id='word_1_300' title='bbox 260 2832 296 2879; x_wconf 83' lang='lat' dir='ltr'>est</span> <span class='ocrx_word' id='word_1_301' title='bbox 312 2828 386 2891; x_wconf 88' lang='lat' dir='ltr'>bona,</span> <span class='ocrx_word' id='word_1_302' title='bbox 402 2828 500 2879; x_wconf 89' lang='lat' dir='ltr'>sednon</span> <span class='ocrx_word' id='word_1_303' title='bbox 521 2833 557 2880; x_wconf 87' lang='lat' dir='ltr'>est</span> <span class='ocrx_word' id='word_1_304' title='bbox 568 2831 651 2881; x_wconf 87' lang='lat' dir='ltr'>bonurn</span> <span class='ocrx_word' id='word_1_305' title='bbox 665 2830 808 2889; x_wconf 78' lang='lat' dir='ltr'>uniuersale,</span> <span class='ocrx_word' id='word_1_306' title='bbox 823 2832 863 2880; x_wconf 82' lang='lat' dir='ltr'>sert</span> 
     </span>
     <span class='ocr_line' id='line_1_38' title="bbox 70 2898 862 2963; baseline 0.01 -20"><span class='ocrx_word' id='word_1_307' title='bbox 70 2904 102 2946; x_wconf 87' lang='lat' dir='ltr'>rsl</span> <span class='ocrx_word' id='word_1_308' title='bbox 110 2902 219 2963; x_wconf 63' lang='lat' dir='ltr'>numiam</span> <span class='ocrx_word' id='word_1_309' title='bbox 228 2901 315 2951; x_wconf 84' lang='lat' dir='ltr'>bouum</span> <span class='ocrx_word' id='word_1_310' title='bbox 322 2898 458 2963; x_wconf 80' lang='lat' dir='ltr'>particulare</span> <span class='ocrx_word' id='word_1_311' title='bbox 470 2904 491 2951; x_wconf 90' lang='lat' dir='ltr'>ol</span> <span class='ocrx_word' id='word_1_312' title='bbox 503 2905 639 2951; x_wconf 86' lang='lat' dir='ltr'>contractum</span> <span class='ocrx_word' id='word_1_313' title='bbox 647 2917 653 2963; x_wconf 77' lang='lat'>3</span> <span class='ocrx_word' id='word_1_314' title='bbox 661 2900 785 2951; x_wconf 78' lang='lat' dir='ltr'>secundini</span> <span class='ocrx_word' id='word_1_315' title='bbox 795 2914 862 2963; x_wconf 79' lang='lat' dir='ltr'>quant</span> 
     </span>
     <span class='ocr_line' id='line_1_39' title="bbox 73 2970 862 3038; baseline -0.005 -17"><span class='ocrx_word' id='word_1_316' title='bbox 73 2971 263 3033; x_wconf 78' lang='lat' dir='ltr'>panicularitatenr</span> <span class='ocrx_word' id='word_1_317' title='bbox 278 2976 302 3024; x_wconf 87' lang='lat' dir='ltr'>et</span> <span class='ocrx_word' id='word_1_318' title='bbox 318 2972 493 3025; x_wconf 80' lang='lat' dir='ltr'>contractionem</span> <span class='ocrx_word' id='word_1_319' title='bbox 512 2973 613 3038; x_wconf 85' lang='lat' dir='ltr'>seqnitur</span> <span class='ocrx_word' id='word_1_320' title='bbox 626 2973 649 3022; x_wconf 89' lang='lat' dir='ltr'>in</span> <span class='ocrx_word' id='word_1_321' title='bbox 664 2985 689 3021; x_wconf 83' lang='lat' dir='ltr'>ea</span> <span class='ocrx_word' id='word_1_322' title='bbox 703 2970 862 3036; x_wconf 69' lang='lat' dir='ltr'>contrarietas,</span> 
     </span>
    </p>
   </div>
   <div class='ocr_carea' id='block_1_3' title="bbox 0 0 996 3309">
    <p class='ocr_par' dir='ltr' id='par_1_5' title="bbox 0 0 996 3309">
     <span class='ocr_line' id='line_1_40' title="bbox 0 0 996 3309; baseline 0 3"><span class='ocrx_word' id='word_1_323' title='bbox 0 0 996 3309; x_wconf 95' lang='lat' dir='ltr'> </span> 
     </span>
    </p>
   </div>
  </div>
 </body>
</html>
