1984 3309
148 197 194 244 olo
329 203 389 244 raus
406 205 429 255 a,
447 203 539 250 oonsr.
557 203 639 254 oxon,
654 203 713 242 aar.
730 204 765 241 uu.

178 285 202 332 a.
218 281 342 344 merea,
358 280 383 330 nr
397 281 536 330 reseratu>
548 279 685 332 memoro
697 278 834 345 ιιιιιιιιι),
846 285 945 333 nesano

146 353 224 406 Niceta
237 354 265 403 ad
276 353 383 413 Petrum,
393 349 452 416 qubd
462 351 542 403 Simon
556 352 689 416 Magusum
701 351 804 415 magicas
815 356 880 404 artes
889 354 947 418 pueri

147 425 161 476 l
178 437 204 475 se
219 423 333 475 interlecti
351 423 450 474 animaru
468 423 735 488 ratiocinandorum
756 424 861 487 magicas
875 437 947 490 onere

147 495 222 547 tiones
231 494 356 546 eliciebat.
371 495 416 546 Sed
430 495 476 545 boe
493 507 544 547 esso
558 509 606 546 nou
620 495 733 560 omnismt
745 495 797 546 sine
811 496 890 561 aliqum
908 511 948 548 mr·

147 579 228 632 norom
240 565 442 628 transmutatione,
460 566 488 618 ad
501 565 577 617 ninus
590 565 665 617 locali.
678 567 740 630 Ergo
754 567 833 618 anima
850 574 947 634 secana

147 636 215 687 babet
227 635 333 696 nnumin
346 637 447 689 localiter
460 638 569 690 mouendi
580 651 684 703 corpora.

179 708 225 760 Sed
238 712 317 760 contm
328 708 371 770 eat,'
382 711 441 774 quod
450 705 604 778 Philosophus
616 709 707 760 dioillo
716 708 757 759 lib.
767 708 796 758 ll.
809 711 845 757 Dc
857 713 947 769 mium,

148 779 207 846 quod
225 799 235 826 a
249 780 324 831 anima
335 795 381 831 non
395 784 471 845 potest
480 793 572 832 moume
583 782 734 846 nummoque
745 792 848 844 corpus,
866 783 907 833 sed
921 796 949 832 so

147 853 263 904 lummodo
279 852 402 917 proprimn.
419 869 432 900 u
567 869 570 873 ·

180 924 339 990 (mucione.
345 923 522 976 -Gbmanima
532 923 701 988 corporiunita,
711 922 811 973 naturali
820 925 949 975 soavirtuta

148 995 234 1046 nullum
256 1002 338 1060 corpus
357 995 403 1046 nisi
425 995 480 1062 bse
500 995 642 1046 vinflcatom
659 1007 750 1045 mouere
773 998 860 1058 queat,
882 997 950 1047 anina

147 1068 223 1116 autem
234 1069 338 1130 separata
350 1055 437 1116 nulum
450 1065 756 1130 comarumcomarum
766 1066 848 1172 potest
856 1067 950 1118 naturali

147 1149 188 1188 sna
202 1135 286 1186 virtute
299 1136 404 1187 localiter
417 1149 517 1190 mouere.
523 1137 533 1202 )

178 1207 313 1273 lleepondeo
329 1207 463 1274 dicendum,
483 1209 545 1275 qood
567 1209 643 1260 anima
663 1212 768 1275 separata
791 1221 837 1262 sua
858 1213 951 1264 nouanti

146 1279 231 1332 unua
243 1293 291 1332 non
300 1285 377 1345 potest
386 1295 478 1332 mouere
489 1282 580 1346 aliquod
591 1294 682 1346 eorpus.
692 1280 840 1332 Manifestum
850 1287 889 1334 est
898 1285 950 1336 cniu

147 1351 208 1418 qubd
229 1351 282 1402 edm
302 1353 377 1404 anima
395 1355 431 1404 est
444 1353 535 1417 corpori
556 1349 634 1419 obita,
648 1366 695 1404 nou
712 1356 791 1404 mouet
811 1357 951 1420 coronensi

90 1477 96 1489 ,
148 1423 302 1487 vilificatum
317 1426 377 1477 nude
395 1425 417 1476 si
432 1425 522 1490 siquod
540 1426 665 1477 membrum
678 1425 781 1491 corporis
793 1428 949 1490 mortificetur,

149 1509 194 1547 non
211 1495 288 1550 obedit
302 1496 382 1549 anime
398 1497 427 1548 ad
444 1500 532 1548 motum
544 1497 648 1547 localem.
656 1496 808 1548 ldaniiestum
824 1504 864 1551 est
881 1507 949 1552 auten

148 1564 208 1630 qubd
219 1568 248 1618 ab
258 1568 333 1621 anima
342 1568 542 1633 mariasolium
551 1581 635 1635 eorpus
643 1568 780 1632 vivificatum
791 1571 858 1622 unde
869 1574 947 1623 amon

148 1649 229 1701 corpus
240 1638 316 1691 obedit
324 1639 346 1690 ei
359 1640 386 1689 ad
398 1643 485 1690 motum
493 1639 588 1690 localem
597 1643 708 1705 qnantum
720 1643 754 1691 est
763 1641 792 1691 de
803 1641 896 1695 virtute
908 1657 948 1694 sue

149 1711 234 1758 nature
241 1717 330 1776 ,supra
345 1722 412 1774 quam
429 1715 506 1776 potest
517 1711 601 1776 abquid
617 1711 640 1762 ei
653 1711 752 1762 conferri
764 1710 855 1764 uirtute
869 1717 948 1766 diune.

179 1780 213 1830 dd
222 1780 320 1844 primum
335 1795 388 1848 ergo
400 1782 522 1834 dicendum
527 1783 609 1848 ‚quid
619 1783 752 1834 substantie
765 1786 877 1844 quedam
891 1786 951 1851 spiri-

148 1851 220 1903 tuales
232 1855 286 1902 sunt
298 1867 392 1918 querum
406 1855 503 1906 uirtutes
515 1869 562 1906 non
574 1856 754 1906 determinantur
765 1857 796 1906 ad
809 1857 890 1923 abque
906 1873 951 1908 nor-

148 1935 211 1989 pora,
221 1920 951 1992 snoutsnntangelr,qu1snutuatnralrterbmrponbosabsolntr

149 1999 173 2047 et
191 1993 242 2048 ideo
262 1997 353 2050 diuersa
368 2012 462 2064 corpora
483 1999 517 2050 eis
533 2003 629 2064 possum
648 1997 739 2050 obedire
759 1999 789 2049 ad
810 2005 910 2052 motum.
931 2004 953 2052 Si

148 2071 225 2120 mmen
238 2069 334 2134 alicrrjue
346 2070 477 2122 substantie
490 2075 599 2137 separate
607 2071 681 2121 uirtus
691 2071 777 2122 motira
790 2071 953 2125 determinemr

148 2140 281 2192 naturaliter
304 2141 333 2191 ad
354 2143 491 2192 movendum
509 2141 601 2205 aliquod
625 2155 721 2206 corpus,
744 2154 792 2193 uon
810 2143 898 2206 poterit
915 2145 952 2194 illa

149 2211 275 2262 subeuntia
294 2225 385 2264 mouere
405 2211 493 2276 aliquod
513 2214 696 2279 minusmajus,
713 2215 753 2264 sed
771 2214 864 2279 miuus3
878 2217 951 2279 siem,

149 2280 273 2333 secundnm
281 2283 438 2348 pulmopnos
450 2288 524 2336 motor
533 2285 760 2336 inferiorisrmliuon
767 2290 849 2350 posset
859 2301 952 2338 mouere

149 2352 231 2402 cmlum
249 2355 363 2419 sopenna.
378 2355 443 2406 Unde
463 2355 514 2406 edm
528 2357 605 2407 anima
621 2357 746 2408 seeundbm
761 2370 827 2408 suam
847 2361 950 2409 naturam

149 2422 312 2478 determinetur
330 2427 359 2477 ad
373 2429 512 2486 mouendum
530 2442 614 2493 mrpns
627 2429 693 2493 cnjus
709 2433 745 2480 eet
758 2429 849 2494 forma,
863 2423 951 2480 nullum

149 2491 210 2543 abud
230 2507 313 2560 eorpus
327 2509 369 2547 sua
386 2499 483 2554 naturali
499 2499 583 2550 uirtute
594 2514 686 2552 mouere
700 2505 784 2565 potest.

181 2565 215 2616 ld
231 2568 357 2618 seeundum
375 2568 495 2621 dicendum
504 2569 587 2635 ,qu'od
604 2570 663 2622 siout
679 2566 735 2622 dicit
749 2573 952 2636 leguminusme

149 2635 222 2687 diost.
238 2638 399 2703 Dei(lib.,ll
414 2654 465 2704 cap.
478 2643 539 2706 ll),
557 2643 949 2709 eucbrysostcmussuperltauo

62 2739 63 2742 =
150 2707 247 2771 (liomil.
262 2710 358 2774 lllllll),
374 2713 506 2776 frequenter
519 2715 634 2765 demones
645 2715 754 2765 simulant
765 2729 791 2766 se
801 2728 853 2767 esse
862 2714 951 2766 animas

148 2781 301 2843 mortuorum,
317 2781 344 2829 ad
363 2781 542 2834 confirmandum
561 2786 699 2849 gentilitium
717 2800 818 2838 errorem
825 2786 885 2852 ,qui
903 2786 980 2861 boc

190 2919 213 2980 1)
228 2925 261 2968 De
271 2935 317 2978 quc
329 2935 397 2979 supra
408 2932 502 2974 notetur
513 2930 587 2988 qualis
600 2932 623 2978 ei
635 2933 666 2977 sit
676 2929 735 2979 fides
747 2933 883 2982 adhibenda
