1984 3309
159 207 188 245 os
201 192 385 246 »mummium
398 206 432 246 ro
444 207 661 248 consmfflom
675 211 776 250 senemr.
822 199 868 248 tit

371 377 529 428 ruricolas
546 377 565 428 l.

176 502 263 548 Utrum
271 502 300 548 io
307 505 375 548 aloto
386 502 526 546 domentiae
532 501 619 557 judacei
631 503 761 560 pomatio.

100 634 132 685 ld
145 631 244 697 primum
252 632 286 684 sic
299 631 439 695 proceditur.
448 630 543 682 Videtur
553 630 612 696 quod
621 632 646 683 in
660 635 720 684 statu
728 633 868 688 innocentie

73 718 115 756 non
124 704 204 755 lmssct
212 703 338 767 generatio.
346 702 492 754 demersioni
499 703 562 754 enim
572 703 685 768 corruptio
697 707 733 756 est
746 707 868 770 contraria,

72 777 185 826 utdicitur
200 776 226 826 in
238 776 268 826 v.
281 775 353 838 Pdpr.
365 775 435 840 (text.
446 775 500 837 51).
514 775 630 826 mutuaris
646 780 722 828 auum
738 782 792 829 suut
808 779 868 830 circa

72 846 135 898 idern
147 850 173 899 lu
192 851 255 899 statu
274 851 351 898 autem
364 844 503 901 innocentie
519 860 565 898 uon
578 847 657 898 luisset
670 849 793 913 corruptio.
808 851 870 914 Ergo

73 931 139 982 neque
150 919 278 983 generatio.

101 995 122 1040 2.
132 993 254 1054 Praeterea,
264 990 381 1053 generatio
391 990 507 1041 ordinatur
518 991 545 1040 ad
557 992 600 1041 hoc
609 993 668 1054 quod
685 995 830 1044 conservetur
844 992 870 1044 in

75 1064 153 1126 specie,
169 1064 234 1128 quod
247 1062 372 1112 secundnm
388 1061 533 1112 individuum
547 1063 677 1114 conservari
693 1076 740 1114 non
759 1067 835 1128 potest
857 1079 864 1114 ι

74 1134 128 1185 nude
137 1135 160 1184 in
169 1136 219 1186 illis
226 1133 352 1184 individuis
360 1148 410 1198 quae
419 1133 444 1184 iu
453 1138 587 1198 perpetuum
596 1136 688 1196 durant,
696 1137 812 1199 generatio
820 1150 867 1188 non

71 1204 186 1258 invenitur.
199 1207 247 1258 Sed
258 1205 283 1256 iu
296 1208 357 1256 statu
368 1205 507 1257 innocentiae
517 1207 585 1256 homo
597 1205 621 1256 in
634 1210 769 1271 perpetuum
780 1209 867 1272 absque

71 1280 136 1328 nortc
146 1279 255 1330 vixisset.
268 1278 329 1340 Ergo
337 1277 362 1327 iu
373 1280 433 1328 statu
442 1276 578 1328 innocentia
589 1277 706 1339 generatio
717 1290 763 1328 non
774 1278 865 1332 tusses.

98 1353 119 1398 a.
128 1353 256 1412 Praeterea,
265 1362 309 1413 per-
319 1348 489 1412 generationem
500 1349 603 1398 hormines
620 1347 809 1411 multiplicantur.
823 1351 869 1402 Sed

70 1421 225 1486 multiplicatis
233 1420 332 1472 dominis
339 1433 432 1470 necesse
443 1425 479 1470 est
486 1420 535 1472 lieri
544 1419 713 1485 possessionum
721 1419 867 1484 diuisionem,

70 1493 95 1542 ad
108 1493 244 1544 evitandam
260 1490 419 1544 confusionem
433 1491 535 1542 dominii.
549 1491 606 1554 Ergo
617 1490 670 1540 crim
684 1492 753 1542 homo
765 1491 795 1541 sit
803 1492 871 1543 insti·

70 1567 127 1615 tutus
137 1564 247 1616 dominns
258 1561 399 1622 animalium,
408 1563 469 1612 facta
481 1561 669 1626 multiplicatione
679 1562 773 1612 humaui
781 1564 870 1626 generis

70 1651 107 1700 pcr
119 1635 313 1702 generationem,
324 1639 403 1686 secuta
411 1635 490 1686 luisset
502 1634 583 1685 diuisio
595 1633 697 1685 dominii.
706 1635 770 1695 Quod
781 1635 870 1686 videtur

70 1721 116 1759 csse
126 1707 269 1760 contrarium
277 1707 324 1770 juri
335 1705 448 1769 naturali,
456 1707 581 1757 secuudum
591 1707 651 1770 quod
660 1706 735 1756 omnia
746 1711 800 1758 sunt
809 1722 871 1760 com·

71 1780 155 1843 munia,
170 1785 197 1830 ut
213 1778 286 1829 isidor
300 1777 354 1828 dicit
366 1778 410 1841 (1).
419 1779 469 1828 Nou
480 1791 535 1841 ergo
551 1777 632 1828 luisset
646 1777 761 1842 generatio
774 1778 798 1829 in
811 1783 871 1830 statu

70 1850 215 1902 innocentiae.

97 1923 140 1974 Sed
153 1927 237 1975 contra
249 1925 297 1985 est,
308 1921 368 1986 qood
383 1920 465 1974 dicitur
482 1921 574 1981 Gen.,l
592 1937 598 1970 :
611 1921 735 1974 «Crescite
751 1926 773 1972 et
793 1921 871 1972 multi·

70 1995 203 2060 dicamini,
219 1997 243 2046 et
255 1995 342 2058 repleto
353 1997 445 2044 temam.
455 2010 470 2040 n
484 1993 619 2058 llujusmodi
627 1998 703 2044 autem
713 1992 872 2057 multiplicatio

72 2067 152 2130 aisque
165 2080 230 2119 nova
241 2065 387 2130 generatione
401 2065 450 2115 deri
464 2079 511 2114 non
525 2065 646 2129 potuisset,
660 2065 712 2116 cium
723 2067 770 2126 duo
783 2069 872 2114 tautum

70 2136 151 2189 luerint
158 2137 271 2203 primitus
279 2136 388 2189 instituti.
397 2137 456 2200 Ergo
466 2137 491 2185 iu
500 2136 573 2200 primo
583 2140 644 2188 statu
654 2136 770 2200 generatio
779 2136 870 2186 luisset.

98 2209 294 2273 (Concnusro-
302 2207 362 2267 Quia
372 2208 397 2257 in
405 2207 473 2258 rebus
479 2207 663 2272 corruptibilibus
670 2206 728 2258 nihil
737 2211 771 2257 est
782 2220 872 2272 semper

71 2293 178 2342 manens,
194 2279 243 2330 nisi
253 2280 350 2344 species,
369 2283 392 2329 et
403 2292 499 2343 quaeque
513 2292 550 2328 res
568 2278 666 2330 intendit
682 2291 732 2329 esse
749 2277 773 2327 in
790 2291 872 2343 perpe·

71 2354 145 2418 mum,
159 2354 216 2404 ideo
229 2353 258 2403 od
270 2351 481 2415 multiplicationem
492 2351 586 2402 humaui
596 2351 688 2416 generis
696 2349 722 2401 iu
731 2354 793 2402 statu
805 2351 872 2402 iuno-

71 2425 147 2475 cende
158 2426 238 2476 futura
248 2427 299 2474 emt
309 2421 452 2486 generatio.)

102 2569 132 2634 (l)
143 2572 181 2617 Sic
196 2569 310 2615 enimlilr.
323 2570 563 2628 VEtpmolopr'orum
572 2569 608 2614 vel
621 2570 765 2627 Oripinum,
774 2583 827 2628 cap.
838 2569 853 2614 t
864 2588 869 2615 ι

71 2635 113 2678 lou
129 2634 248 2680 naturate
266 2636 299 2678 cot
320 2645 443 2679 commune
461 2635 571 2678 omnium
594 2633 741 2684 notionum,
762 2646 787 2682 co
806 2633 871 2690 pudo

73 2695 157 2754 ulique
168 2698 292 2742 instinctu
304 2699 400 2740 nmero
410 2709 461 2740 non
472 2696 644 2741 constitutione
655 2696 740 2754 aliqud
756 2694 873 2756 (perticu-

71 2757 123 2820 lnrl)
140 2760 274 2812 dalmtun,-
289 2763 318 2802 ut
330 2759 383 2802 ciri
399 2763 420 2804 et
440 2759 548 2818 soeme‘nm
567 2759 724 2816 conjitncte'o,
737 2757 873 2804 liberorum

72 2821 181 2867 educme'o
191 2827 214 2868 et
220 2822 350 2870 successio,
358 2822 491 2866 communis
501 2823 611 2866 ommium
618 2823 749 2879 possessio,
759 2825 779 2866 et
787 2832 872 2863 eonem

73 2887 202 2942 amitto
217 2897 271 2943 poco
283 2884 352 2932 calo,
365 2888 432 2929 terra
448 2885 560 2942 moripuc
574 2886 718 2940 cupiuntur.
733 2883 834 2937 Indeque
846 2881 872 2924 in

73 2947 190 3000 Βιοτοίίι,
201 2948 254 2994 diet.
269 2946 299 3005 1,
311 2947 482 3006 transcribitur,
497 2951 523 2992 ut
536 2957 589 3006 cop.
604 2945 618 2990 7
630 2946 707 2992 uidere
717 2950 761 2990 est.
