1984 3309
235 128 266 165 na
282 128 349 167 ucuo
364 128 394 165 ar
410 129 499 167 cauma
512 130 688 171 mammantes.
821 125 869 173 att

67 206 90 251 7⁰
106 200 184 253 buum
204 217 265 255 unus
278 204 352 268 possit
367 206 472 257 eandem
487 219 538 259 rem
554 208 637 260 melius
650 208 782 273 intelligere
801 210 870 274 qun

66 273 129 325 alius.
145 280 171 323 8⁰
185 276 266 326 lllmm
284 274 415 327 inuisum
425 281 503 327 meter
514 278 629 342 perprius
643 284 765 345 mgnuual
779 280 866 335 indiu-

63 344 124 395 sibile
139 344 209 409 qnam
225 345 349 398 divisibile.

369 500 526 551 iuuentus
542 503 561 552 Ι.

87 613 145 659 'um
154 614 294 675 intellectus
303 618 384 659 rroater
392 614 513 675 iutelltuat
523 629 561 661 res
571 630 693 675 amparare
703 620 871 667 etmalrrialea

220 690 265 734 per
271 678 456 724 abstractionem
466 693 481 723 a
486 680 703 736 phantasmatibus.

162 796 235 849 'mum
245 796 280 846 sic
291 796 471 860 praestitura).
481 796 576 848 Videtur
586 797 646 861 quud
654 798 784 851 malaeus
792 805 869 852 noster

191 872 231 926 zat
245 879 286 918 res
303 880 424 931 mammas
435 871 460 918 et
471 869 601 920 maurinae
611 883 652 934 per
665 871 839 923 abstractionem
855 871 869 923 b

201 940 262 989 ibus.
272 939 410 1002 Quicunque
419 940 481 990 enim
489 940 621 991 intellectus
630 941 738 1005 intelligit
747 956 795 993 mm
805 944 870 995 ubter

198 1015 240 1063 est
257 1011 339 1061 falsus.
354 1010 441 1062 Ferme
461 1015 538 1062 numm
559 1024 633 1062 renim
651 1014 803 1064 materialium
822 1029 869 1067 uon

184 1087 257 1136 raetae
278 1082 493 1145 imminentibus,
511 1097 606 1147 querum
630 1084 793 1136 similitudines
815 1090 870 1137 aaut

175 1159 224 1208 ata.
239 1154 267 1203 Si
280 1166 337 1216 ergo
350 1152 503 1218 intelligamus
516 1169 553 1206 res
571 1156 699 1207 materiales
714 1170 757 1220 per
767 1158 869 1209 abstrae-

167 1226 290 1291 peciemrn
302 1224 537 1291 lpbantasmatibus,
549 1226 593 1277 erit
605 1228 694 1279 falsitas
706 1227 731 1278 in
746 1228 868 1281 intellectu

89 1392 109 1419 a
127 1370 255 1431 preterea,
269 1381 307 1419 res
322 1370 451 1421 maenuba
466 1375 521 1422 sunt
533 1384 570 1421 res
584 1372 716 1433 naturales,
730 1371 755 1421 in
768 1386 865 1436 quarum

62 1438 184 1493 deflnfficua
206 1440 272 1493 cadit
290 1440 395 1491 mamm.
412 1442 460 1492 ssa
480 1443 538 1493 nibil
554 1445 630 1507 petest
649 1442 818 1507 intelligisne
840 1458 868 1497 ac

59 1513 113 1571 quor
126 1514 191 1564 eadit
203 1514 232 1563 in
251 1512 390 1563 diffinitione
407 1514 468 1579 ejus.
483 1516 542 1579 Ergo
556 1528 593 1565 rer
607 1514 738 1565 materiales
753 1526 800 1565 nen
814 1528 869 1581 pus-

61 1588 109 1633 sunt
128 1585 232 1649 intelligi
253 1584 306 1636 sine
326 1585 431 1638 mamma.
449 1586 494 1637 Sed
515 1586 610 1637 materia
628 1590 663 1638 est
680 1586 868 1639 individuatienls

60 1655 199 1721 puncipium.
214 1658 277 1720 Ergo
298 1670 336 1707 res
346 1657 473 1710 materiales
487 1673 534 1709 non
545 1663 640 1723 passum
652 1658 748 1723 intelligi
761 1672 803 1724 per
815 1660 866 1710 abs·
910 1703 917 1722 ,

60 1727 190 1781 turturem
202 1728 344 1781 universalis
358 1728 537 1794 spartianum
546 1731 606 1799 quod
621 1735 656 1781 est
666 1732 797 1783 abstrahere
817 1744 867 1796 spe·

62 1798 104 1847 cies
115 1799 281 1863 intelligibiles
297 1799 312 1850 i
325 1802 532 1864 phantasmatibus.

88 1874 109 1918 3.
123 1873 253 1935 Pmterea,
265 1872 290 1922 in
300 1872 341 1922 111.
352 1874 390 1922 Da
401 1874 665 1938 sermoneitaque
680 1890 695 1921 a
704 1875 866 1938 phantasmata

61 1955 83 1991 se
95 1943 181 1994 babere
200 1944 231 1993 ad
246 1942 349 1993 aninum
360 1942 525 1995 intellectivam
542 1944 602 1995 sieut
612 1946 699 1996 solome
716 1946 745 1995 ad
755 1945 839 1996 usum.
851 1962 866 1993 »

61 2015 98 2064 Sed
111 2015 172 2067 risio
192 2028 241 2066 non
257 2016 284 2065 lit
305 2028 347 2079 per
365 2016 540 2067 abstractionem
558 2017 685 2081 aliquarum
703 2016 832 2081 specierum
850 2016 864 2070 l

61 2086 182 2150 uacuus,
196 2087 238 2137 sed
251 2100 293 2150 per
301 2088 347 2137 bor
355 2088 415 2151 qued
427 2087 516 2137 eubres
528 2087 662 2151 imprimunt
671 2087 697 2137 ln
708 2086 791 2137 risum
804 2088 863 2151 linge

62 2169 100 2206 nee
117 2158 251 2221 intelligere
267 2158 381 2222 ranbngit
392 2172 433 2223 per
450 2160 495 2209 bec
508 2158 568 2222 qubd
581 2158 667 2223 aliquid
682 2159 831 2211 abstrabatur
853 2158 867 2209 l

62 2229 269 2293 phantasmatibm3
286 2231 326 2281 sed
347 2244 389 2294 per
403 2231 447 2279 bue
469 2230 530 2293 quod
549 2231 711 2293 phantasmata
727 2229 864 2293 imprimunt

63 2298 84 2348 iu
95 2300 250 2353 mmmmm.

90 2375 111 2422 t.
125 2376 257 2437 Praeterea,
272 2378 299 2424 ut
313 2373 396 2423 dieitur
415 2374 441 2425 in
457 2375 495 2423 lll.
512 2376 549 2423 De
566 2375 668 2430 antara,
683 2374 708 2423 in
721 2373 867 2425 intellectiva

62 2444 130 2496 anina
146 2451 204 2497 sunl
221 2448 282 2506 due,
301 2445 391 2495 scilieet
407 2445 538 2497 intellectus
555 2446 673 2510 possibilis
688 2450 711 2497 et
724 2460 803 2510 agens.
819 2448 866 2498 Sed

64 2516 190 2569 abnuere
200 2517 422 2581 aphantasmatibus
436 2518 527 2581 speeies
539 2518 693 2582 intelbgibiles
705 2532 753 2569 uon
765 2518 866 2583 pertinet

65 2589 87 2635 ul
98 2589 241 2641 intelleaum
254 2589 396 2654 possibilem,
409 2592 449 2640 sed
458 2590 561 2655 recipere
574 2591 718 2656 speciesjam
731 2592 864 2655 absuaetau

64 2661 98 2709 sul
111 2676 155 2712 nee
170 2661 241 2713 etiam
254 2662 348 2712 uidam
362 2662 477 2727 pertinere
491 2664 520 2713 art
536 2663 675 2713 intellectum
690 2667 808 2727 agentem,
826 2662 866 2727 qui

95 2786 124 2850 (l)
139 2794 174 2838 Dc
187 2792 223 2839 bis
242 2791 315 2839 stiam
335 2790 393 2835 inira
404 2822 410 2848 ,
423 2803 465 2847 qu.
484 2790 532 2851 86,
546 2798 590 2837 art.
607 2794 622 2837 b
642 2792 671 2839 ad
691 2793 719 2848 ὓς
735 2800 759 2840 et
774 2793 864 2841 tratre

69 2850 143 2905 urst„
154 2856 196 2903 lib.
206 2857 245 2917 11,
260 2866 316 2913 cap.
329 2851 373 2910 ⁷⁵5
388 2859 412 2900 et
423 2866 463 2913 qu.
479 2853 523 2917 ts,
537 2855 671 2917 Deserit,
687 2862 731 2905 art.
746 2855 770 2903 5.
