1984 3309
248 198 278 236 nn
292 198 418 237 norsumrs
433 198 621 239 mmuucrrvus.
790 192 836 241 179

44 275 100 323 ert-u
111 272 212 325 animem
221 288 229 339 ;
238 274 289 326 ideo
301 288 348 325 nun
362 274 463 340 eruduit
474 287 559 339 ponere
568 288 661 327 sensum
674 280 789 339 agerem.
808 278 837 327 Et

44 341 144 410 deputet
157 346 219 409 quod
232 344 256 395 in
270 351 335 410 pune
347 345 458 396 nutritiva
467 359 546 397 omnes
556 346 664 410 potentie
674 351 726 399 sunt
739 348 836 411 nulium,

45 412 66 462 iu
79 419 140 478 purte
156 422 235 468 autem
249 418 357 469 sensitiva
370 431 449 469 omnes
462 417 574 481 pussiuee
588 418 612 468 in
625 424 689 483 purte
700 419 755 471 uerb
766 420 836 471 intul-

45 484 118 536 leetiuu
131 493 166 538 est
178 488 266 553 aliquid
280 489 394 552 uotiuum,
408 492 432 539 et
444 488 528 553 aliquid
539 489 664 554 passivum.

71 558 101 607 ltd
116 561 241 610 seeundum
261 560 400 623 dicendum,
414 558 473 623 qubd
493 560 552 611 circu
572 560 675 611 ellectum
694 562 788 613 luminis
802 566 838 613 est

46 626 118 691 duplex
132 630 221 695 opinio.
235 630 332 689 Quidam
345 631 408 681 enim
421 630 498 681 uiuum
509 632 570 696 quud
583 632 659 681 lumen
674 632 795 696 requiritur
808 634 837 685 ud

46 699 121 764 uisum,
133 705 158 751 ut
170 703 241 752 facim
258 703 348 752 colores
358 705 410 751 uetu
422 700 529 753 risibiles.
542 704 571 753 ut
583 702 708 753 seeundum
719 704 762 753 hue
771 702 836 755 sirni-

47 769 89 820 liler
99 773 235 836 requiritur,
250 777 274 824 et
291 778 384 838 propter
399 773 460 823 idenu
473 773 594 838 requiritur
607 774 736 825 intellectus
748 788 834 839 egens,

48 838 70 889 ud
82 842 269 907 intelligendum,
284 842 450 910 propterquod
464 844 542 895 lumen
557 844 586 895 ad
599 844 731 897 uidendum.
746 846 838 896 Secun-

48 911 93 961 dum
108 915 162 966 elios
177 914 235 968 verb
253 916 332 967 lumen
352 914 474 978 requiritur
493 915 661 967 adridendum
678 930 722 967 nun
744 920 838 983 propter

48 983 218 1037 submutant
230 992 284 1037 netu
294 985 411 1046 visibiles,
421 986 494 1036 sedut
503 986 602 1037 medium
613 986 652 1037 fiat
665 992 717 1037 netu
726 986 837 1053 lucidum,

50 1056 73 1101 ut
86 1062 245 1109 conueniatur
255 1056 310 1108 dicit
324 1056 352 1107 in
363 1057 383 1106 ll
398 1058 435 1106 De
445 1058 541 1107 enimn.
557 1059 586 1109 Et
598 1058 721 1109 seeundum
733 1060 788 1120 luc,
805 1058 837 1109 si·

50 1123 191 1195 mittundoque
206 1129 343 1180 Aristoteles
353 1127 464 1179 assimilet
478 1128 617 1179 intellectum
630 1134 734 1193 agentem
749 1130 839 1189 lumini,

50 1198 154 1251 attenditur
165 1206 280 1266 quantum
297 1202 326 1251 ad
345 1201 405 1263 luou,
420 1202 479 1264 quod
497 1200 557 1252 sicut
570 1201 615 1251 lune
631 1206 667 1251 est
685 1200 838 1252 necessarium

51 1270 74 1317 ud
85 1270 208 1337 uidendum,
222 1274 257 1322 ita
266 1273 322 1322 illud
333 1273 362 1322 ud
371 1272 548 1337 intellgendum,
559 1274 598 1323 sed
608 1286 654 1324 non
663 1276 754 1338 propter
766 1273 837 1323 idem.

76 1342 102 1391 ld
119 1345 210 1397 tertium
231 1344 373 1404 dicendum,
388 1339 448 1406 qudd
466 1343 582 1407 supposito
599 1348 680 1406 agente
692 1382 698 1405 ,
712 1344 770 1396 bend
785 1358 840 1395 uon-

53 1410 107 1475 linqit
114 1415 265 1468 diversimode
276 1414 349 1478 recipi
356 1415 407 1478 ejus
420 1413 592 1467 similitudinem
601 1414 626 1463 in
637 1414 740 1477 diversis,
748 1420 839 1479 propter

54 1495 115 1534 eurum
130 1487 308 1553 dispositionem
323 1484 435 1535 diuersum
446 1502 453 1547 3
464 1486 504 1535 sed
521 1483 541 1535 si
557 1499 628 1549 agens
643 1498 688 1535 uun
704 1484 838 1549 prseristit,

56 1554 100 1605 nun
113 1560 138 1609 ud
154 1562 199 1611 lune
218 1559 292 1609 ineiet
307 1555 427 1623 dispositio
443 1556 582 1621 recipientis.
601 1557 746 1621 intelligibile
762 1560 838 1607 autem

56 1623 124 1680 intutu
135 1646 180 1682 non
197 1634 236 1682 est
248 1624 333 1693 aliquid
347 1627 448 1679 euristeus
462 1626 486 1677 in
498 1642 573 1679 rerum
585 1631 681 1693 nutura,
691 1632 799 1693 quantum
810 1629 839 1677 ud

55 1703 136 1752 naturum
149 1716 227 1753 rerum
242 1700 397 1761 sensibilium,
412 1712 463 1763 que
477 1712 524 1749 nun
535 1698 662 1749 subsistunt
671 1703 754 1763 preter
765 1703 838 1763 mute·

54 1768 104 1821 nun.
116 1774 141 1825 El
157 1775 211 1827 ideo
226 1774 256 1823 ad
276 1771 451 1835 intelligendum
470 1784 517 1821 non
530 1771 644 1823 sufficeret
660 1770 839 1823 immaterialius

54 1838 162 1896 iuteleutus
174 1845 305 1911 possibilis,
314 1844 360 1893 nisi
370 1844 459 1893 adesset
471 1842 600 1893 intellectus
615 1856 693 1907 agens,
704 1844 744 1907 qui
754 1844 840 1895 luceret

54 1908 185 1980 inteliqlbitia
201 1917 229 1967 in
241 1920 293 1965 autu
299 1952 309 1979 ,
323 1928 366 1979 per
379 1913 469 1965 mudum
484 1913 649 1965 abstractionis.

333 2046 495 2127 inurendus
509 2076 547 2125 uu.

154 2160 713 2249 numennumeneliquatum.

80 2309 107 2358 td
114 2316 216 2374 quartum
225 2311 261 2362 sin
267 2310 409 2376 proceditur.
415 2308 508 2359 Videtur
514 2307 573 2373 qudd
584 2308 711 2359 intellectus
718 2320 787 2370 egens
794 2320 839 2358 uon

57 2376 79 2425 sit
86 2380 162 2444 aliquid
173 2383 258 2433 unimae
270 2386 364 2433 nostre,
380 2380 510 2431 Intellectus
523 2379 585 2430 enim
597 2378 685 2443 agentis
698 2380 792 2431 elleulus
806 2382 841 2429 est

57 2445 165 2503 illuminare
178 2456 206 2506 ad
220 2454 406 2517 intelligendum.
421 2452 465 2503 Sed
478 2453 522 2502 lunc
534 2451 560 2501 tlt
575 2464 616 2515 per
631 2450 715 2515 aliquid
728 2451 786 2514 quud
806 2455 841 2501 est

59 2518 111 2571 ullius
120 2526 206 2588 anima,
225 2526 350 2575 seeundum
364 2523 422 2574 illud
435 2525 519 2582 doun„
535 2522 545 2572 l
561 2537 566 2571 :
580 2538 593 2569 u
606 2523 660 2573 Erat
675 2523 714 2571 lux
725 2535 777 2572 uera
788 2534 839 2585 quae
858 2536 864 2549 ‘

59 2586 153 2644 illuminat
162 2610 256 2647 ornnem
264 2596 382 2647 bominem
392 2594 522 2645 uenientem
533 2593 558 2643 iu
567 2594 773 2643 buuemuudurn.»
782 2592 840 2655 Ergo

59 2658 131 2714 ridetur
144 2669 203 2730 quud
219 2668 350 2718 intellectus
366 2678 437 2729 egeus
449 2679 495 2715 uon
517 2664 547 2714 sit
558 2664 642 2728 aliquid
655 2664 735 2715 enimae
745 2667 838 2714 nostre.

61 2786 143 2835 tetidem
154 2795 225 2839 ittam
238 2795 341 2853 spectent
359 2794 517 2839 attentionem
530 2792 576 2839 nee
593 2792 625 2837 od
640 2804 712 2850 quum
731 2789 841 2837 condidit

61 2853 162 2900 nmen
174 2874 183 2902 .·
197 2857 262 2911 Quod
277 2857 327 2912 lem
339 2856 466 2904 indieuturu
478 2861 515 2903 est
528 2866 570 2901 suo
587 2855 638 2901 loco
653 2854 704 2901 cuiun
716 2854 751 2900 De
763 2852 841 2899 idedu,

63 2919 129 2965 uun.
143 2916 180 2981 le,
194 2925 343 2970 tractaretur.
