1984 3309
314 180 372 229 ouo
388 176 425 222 su
440 171 582 223 aurunco.
804 163 848 224 stt

47 261 194 326 speculatiuae
208 260 310 311 muntia
323 274 370 311 non
384 274 408 312 se
422 261 524 311 extendit
532 262 591 312 ultra
601 261 713 312 virtulem
727 260 851 327 principio·

47 348 97 382 rum
107 332 174 383 illius
183 332 298 394 scientia,
313 332 367 396 quia
379 331 405 382 iu
417 333 537 397 principiis
551 333 652 385 scientiae
663 333 792 384 virtualiter
804 336 852 385 tota

48 405 145 454 scientia
157 402 296 454 continetur.
308 403 381 454 Prima
396 409 471 455 antem
487 404 601 469 principia
611 405 757 456 scientiarum
771 418 852 470 specu·

47 475 168 525 latinarum
181 477 235 524 suut
249 489 289 540 per
299 488 390 526 sensnm
401 479 507 540 accepta,
522 477 549 526 ut
561 480 623 539 patet
633 491 674 542 per
686 477 851 541 Philosophum

47 545 197 610 inprincipio
210 547 350 610 Metopdyr.
364 549 387 596 et
396 547 420 596 iu
433 547 477 597 line
491 545 627 596 Posterior.
642 548 705 598 Unde
715 549 763 598 tota
772 546 852 598 consi·

48 619 132 670 deratio
149 618 299 669 scientiarum
312 618 502 683 speculativarum
514 630 560 668 non
574 623 650 682 potest
665 620 724 670 ultra
740 619 850 682 esteudi,

48 690 118 753 quim
130 688 276 740 sensibilium
287 689 387 752 cognitio
403 689 484 740 ducere
497 693 582 753 potest.
593 691 619 740 ln
632 689 763 752 cognitione
776 692 852 742 autem

47 762 193 822 secundum
212 774 258 812 non
270 764 346 825 potest
363 761 487 812 oonmsmra
505 761 584 812 ultima
601 762 701 812 nominis
723 761 851 822 bestamo,

47 849 97 897 que
112 838 150 884 est
166 833 248 883 ultima
261 833 313 896 ep'us
325 833 451 896 perlectio;
464 846 511 883 non
523 833 586 884 enlm
594 833 679 897 aliquid
692 834 808 898 perficitur
821 833 852 884 ab

49 907 125 970 aliquo
133 904 249 966 interiori,
261 905 305 956 uisi
315 903 438 954 secundnm
447 903 508 967 puto
519 905 543 954 iu
552 903 654 955 interiori
666 906 702 954 est
713 904 789 968 aliqua
799 910 852 968 pat·

49 975 152 1040 ticipatio
167 975 303 1040 superisne
313 976 458 1026 llamlestum
468 979 505 1026 ast
515 979 591 1028 antean
603 974 664 1040 quod
675 975 748 1026 lorus
758 974 851 1039 lapids,

47 1050 82 1097 uel
99 1048 228 1112 cujuslicet
242 1048 277 1098 rei
294 1047 423 1108 sensibilis,
440 1051 478 1098 est
501 1047 594 1098 interim
608 1046 712 1098 hominm
728 1048 792 1098 Unde
810 1059 852 1112 pes

47 1120 144 1169 formam
164 1119 247 1183 lepidio
261 1132 307 1170 non
319 1119 435 1182 perticitur
451 1119 579 1170 intellectus
590 1119 615 1168 iu
627 1123 741 1182 quautam
752 1121 788 1170 eat
800 1116 853 1168 talis

47 1191 136 1254 torma,
149 1192 190 1240 sed
202 1192 228 1240 iu
244 1195 354 1254 quantum
366 1189 392 1239 in
406 1189 591 1253 eaperticipatur
601 1190 688 1254 aliquid
702 1189 775 1242 sinite
786 1187 853 1240 altem

46 1264 104 1325 prod
118 1266 158 1312 est
169 1275 239 1326 suprs
251 1261 390 1312 medactum
402 1263 541 1320 munuum,
552 1261 639 1311 scilieet
652 1261 729 1310 lumen
746 1259 855 1322 Μῄ-

46 1334 104 1395 lile,
118 1334 160 1384 vel
171 1333 255 1397 allpuid
270 1332 409 1396 nujusnmdi.
425 1334 498 1382 Omne
511 1333 594 1383 autem
606 1332 667 1394 quod
683 1334 719 1382 est
728 1345 768 1394 per
778 1329 852 1393 allud.

47 1407 166 1457 reducitur
179 1407 208 1455 ad
221 1404 316 1467 mquod
325 1407 360 1454 est
370 1415 411 1468 per
423 1416 466 1453 se:
482 1403 542 1453 unde
557 1405 621 1464 patet
632 1401 693 1465 quod
709 1401 790 1451 ultiam
803 1414 855 1465 per·

47 1478 115 1528 tectio
131 1474 236 1528 hominis
251 1474 282 1525 sit
296 1486 336 1540 por
348 1475 502 1537 coguitionem
512 1473 613 1537 micalus
626 1473 660 1524 rei
672 1485 722 1536 qnae
739 1473 770 1522 sit
785 1479 854 1536 mapsa

47 1549 192 1599 intellectum
202 1548 336 1597 domenum.
347 1549 471 1598 domorum
482 1550 516 1596 est
530 1548 606 1596 auum
615 1544 674 1609 quod
686 1556 728 1608 per
736 1543 854 1596 consmilis

48 1634 91 1670 uon
99 1623 181 1684 potest
193 1617 327 1668 deveniriin
338 1618 491 1682 cognitionem
501 1617 677 1668 substantiarum
687 1619 852 1680 separatarum,

48 1706 98 1753 qua
114 1694 249 1754 suutsupra
262 1689 404 1740 intadeetnm
413 1692 547 1740 bmauum.
562 1689 626 1740 llnde
642 1687 780 1752 relinquitur
792 1686 852 1751 qaod

49 1763 151 1814 nominis
170 1761 252 1824 ultima
269 1761 385 1812 leadtudo
405 1773 451 1811 noa
468 1761 542 1825 possis
558 1773 609 1812 osse
630 1759 656 1810 Ιιιι
669 1757 850 1811 consideratione

48 1833 244 1898 speculativarum
261 1833 415 1883 scientiarum.
437 1832 483 1882 Sed
500 1833 559 1883 siout
571 1833 596 1882 iu
611 1831 693 1883 turmis
708 1831 853 1882 sanabilibus

48 1907 199 1970 participatur
215 1905 291 1969 alique
306 1905 430 1956 similitudo
448 1904 626 1956 absentiarum
641 1904 799 1968 superiorump
818 1902 852 1952 its

48 1976 205 2028 consideratio
218 1976 365 2028 senatuum
381 1977 575 2041 speculativarum
591 1979 626 2026 ost
642 1975 747 2038 qaedam
760 1974 852 2038 partim

50 2049 112 2111 patio
124 2061 187 2099 vere
200 2052 225 2099 et
234 2049 341 2112 perlecta
353 2047 509 2098 neadtudinis.

81 2122 116 2170 ltd
129 2120 231 2184 primum
246 2131 300 2183 ergo
314 2119 451 2182 licendum
469 2117 531 2182 pald
549 2118 702 2181 Philosophus
715 2116 816 2180 loquitur
828 2117 854 2167 iu

51 2192 90 2242 tin.
106 2193 209 2251 Eiteia,
217 2192 246 2241 de
255 2190 366 2241 felicitate
375 2189 521 2254 superacta
527 2187 658 2252 millerias
669 2189 713 2238 nec
721 2186 855 2238 titanalieri

51 2266 140 2326 potest,
151 2266 177 2312 ut
187 2261 256 2327 supra
266 2262 352 2313 dictum
365 2263 410 2312 est.

77 2336 113 2385 td
125 2336 252 2384 secuudum
272 2333 405 2396 doraum,
419 2331 481 2397 sudd
502 2331 633 2382 naturaliter
653 2331 792 2382 desidentes
810 2343 855 2383 non

52 2406 126 2456 solium
144 2406 247 2469 perlecta
259 2404 388 2469 beatitudo,
408 2406 448 2456 sed
467 2402 536 2454 etism
550 2403 712 2467 qualiscunque
732 2402 855 2455 similitudo

51 2478 88 2527 rel
105 2475 254 2541 participatio
266 2475 348 2541 ipsius.

81 2549 118 2600 sd
126 2548 222 2598 tertium
234 2547 364 2611 dicendum,
374 2547 435 2612 pndd
444 2561 485 2612 per
494 2547 698 2600 considerationem
709 2547 855 2599 scientiarum

52 2619 245 2682 speculativarum
268 2620 384 2670 reducitur
398 2619 528 2670 intellectus
546 2623 623 2671 noster
644 2620 719 2685 aliquo
740 2621 811 2672 modo
828 2619 855 2669 iss

53 2695 288 2754 accommodantem
302 2692 326 2742 in
340 2691 445 2743 ultimum
459 2696 483 2742 et
494 2693 640 2756 completum.
