1984 3309
131 104 177 151 916
267 112 342 149 ΡΒΙΙΛ
359 108 484 159 smmum,
502 108 595 153 QURSY.
615 108 671 158 m,
686 108 743 145 m.
760 110 797 145 ttl.

131 193 197 240 morto
212 204 264 251 pars
277 194 301 238 et
315 190 441 238 membrum
454 188 524 237 totius
537 187 661 237 societatis.
672 186 807 248 Quicunque
823 185 922 246 emergit
977 229 979 248 ,

131 262 215 325 aliquid
236 262 353 310 iubenum
371 261 407 308 vet
426 260 509 307 muium
528 258 623 321 aiicujus
639 259 661 306 iu
678 259 790 306 societate
801 257 923 319 existentis,
977 259 979 318 ξ

131 336 173 383 boe
188 335 297 382 rettmutet
315 333 338 380 iu
357 336 425 379 totum
447 331 599 380 societatem:
616 330 674 379 sieut
687 329 728 391 qui
748 330 810 377 ledit
823 342 922 387 manum,
977 325 979 346 ²

132 418 171 467 per
184 416 326 465 consopiens
342 402 403 451 iuuit
419 402 544 451 tioruiuem.
559 401 616 450 utrm
630 415 684 462 ergo
698 401 784 463 atiquis
798 402 842 462 agit
853 399 877 447 iu
888 400 925 447 bo

132 490 184 524 uum
202 476 237 522 uei
253 476 335 522 matum
350 473 443 522 atterius
462 473 583 532 sinenturis
601 485 706 536 personne
715 509 723 533 ,
739 472 800 520 cudit
817 472 848 519 ibi
860 471 927 533 dupii-

130 547 187 595 riter
203 545 258 594 ratio
280 545 353 594 meriti
374 546 411 593 vet
432 545 544 594 demeriti.
568 546 617 594 t'uo
638 546 706 592 modo
727 542 854 592 seeundum
874 542 927 604 nubet

131 618 224 666 riebetur
234 616 254 664 ei
269 616 386 665 retributio
395 616 408 664 i
418 615 526 677 singulari
540 629 636 678 persona
650 628 718 677 quam
731 615 800 676 iuuat
813 614 848 662 uei
861 615 927 662 utien-

130 688 178 749 dit;
194 688 238 735 atio
257 689 324 736 morio
338 687 461 736 seuumtirm
480 686 541 749 quiid
560 688 655 735 rtebetur
673 687 695 735 ei
712 685 833 734 retributio
854 685 867 732 b
885 688 928 733 toto

131 758 236 819 cottegiu.
251 758 345 816 Quando
365 758 417 808 uerb
435 757 516 821 aliquis
530 757 618 807 ontinot
633 761 709 805 netum
724 770 793 805 suum
807 754 890 805 directi
907 756 928 803 iu

132 831 216 878 bouum
233 830 268 879 vet
282 832 364 878 motum
378 830 445 878 totius
459 830 563 891 collegii,
576 830 669 878 debetur
683 829 704 877 ei
716 827 853 889 retributio,
864 825 931 891 primii

132 904 224 967 quiitem
243 906 266 952 et
288 904 441 966 principaliter
459 902 535 950 itote
557 902 667 964 collegio,
684 900 821 951 seeuudmib
837 900 892 949 verb
907 900 930 947 ub

132 976 238 1024 omuibus
249 974 338 1036 cottegii
349 975 458 1037 partibus.
468 973 523 1022 Cbm
531 974 586 1023 nero
598 973 679 1035 uliquis
691 972 740 1035 agit
752 974 812 1037 quod
821 972 929 1021 iubenum

133 1047 247 1110 pmpriuru
267 1046 304 1095 uei
324 1047 406 1094 mutum
423 1046 509 1107 serpit,
530 1046 600 1093 etiem
615 1046 710 1094 debetur
727 1046 749 1093 ei
764 1043 930 1106 retribuumiu

131 1122 241 1179 quantum
257 1118 325 1166 etium
339 1118 382 1167 boe
396 1119 470 1179 serpit
484 1118 507 1165 in
523 1130 656 1179 commuue,
671 1116 799 1166 seeundum
815 1115 876 1179 quiid
888 1116 930 1178 ipze

132 1193 167 1237 est
184 1203 235 1252 puis
253 1188 357 1251 collegii3
371 1187 423 1237 tirtt
440 1202 484 1238 neu
500 1188 638 1237 debenturei
652 1188 774 1237 retributio
789 1188 814 1236 in
826 1191 928 1251 quantum

131 1266 165 1309 est
185 1260 268 1309 bonum
292 1261 329 1310 uei
349 1262 432 1309 mutum
455 1259 575 1322 singularis
592 1273 712 1324 persone,
732 1272 786 1322 quae
802 1264 839 1309 est
858 1261 928 1309 eadem

131 1332 222 1394 agenti,
234 1332 278 1381 nisi
291 1331 348 1381 tonte
360 1333 372 1381 'a
385 1330 606 1395 seipso‚seeumiirm
618 1333 740 1394 quamdam
751 1330 927 1388 similitudinem,

130 1406 197 1466 prout
217 1408 252 1453 est
264 1403 353 1466 justitia
367 1403 467 1452 bominis
479 1403 508 1452 ud
526 1403 635 1465 seipsum.
650 1402 776 1464 sicigitur
794 1406 859 1466 patet
877 1401 928 1465 quii

130 1479 194 1524 aetus
212 1476 285 1524 bouus
306 1475 341 1524 vel
355 1476 427 1525 inatus
445 1474 514 1523 babet
532 1474 642 1523 rationem
660 1473 784 1523 laudabitis
803 1475 842 1523 vet
859 1475 928 1537 enipe-

130 1547 199 1607 bitis,
217 1546 339 1597 seeumtbrn
362 1546 421 1610 quint
438 1549 472 1595 est
489 1546 514 1595 in
533 1548 644 1609 potestate
667 1544 810 1609 uoluntatis3
825 1546 927 1595 rationem

129 1618 182 1667 verb
195 1617 338 1667 rectitudinis
352 1620 375 1666 et
385 1616 474 1681 percuti
488 1616 614 1666 seeundum
630 1616 732 1665 ordinem
750 1617 781 1666 ud
797 1618 883 1680 tinem3
897 1629 926 1664 rn-

131 1689 216 1739 tiunem
231 1689 283 1740 verb
300 1689 376 1738 meriti
397 1693 419 1739 et
433 1688 536 1738 deureriti
549 1688 672 1738 secuudum
689 1687 869 1739 retributionem
884 1689 927 1753 jus·

132 1760 187 1812 titis
202 1762 229 1809 att
248 1761 352 1810 atterum.

161 1833 192 1881 bt
208 1834 304 1896 primum
316 1846 369 1895 ergo
384 1832 516 1895 dicendum,
531 1830 591 1895 qubrt
604 1832 740 1895 quaudoque
755 1836 824 1883 uetus
837 1831 928 1883 bominis

130 1902 185 1954 boui
201 1904 237 1954 uel
250 1904 314 1966 meti,
327 1904 380 1954 ticet
395 1918 440 1954 unu
454 1903 586 1953 ordinentur
596 1904 624 1953 ud
638 1903 722 1953 bonum
732 1904 771 1953 uel
781 1906 869 1955 malum
879 1906 929 1955 alte

105 2009 109 2017 .
132 1975 178 2025 rius
188 1974 308 2039 singularis
318 1988 429 2039 persuum,
439 1980 514 2024 tumen
524 1974 657 2024 ordinantur
666 1974 694 2023 ati
704 1974 794 2025 bouum
803 1977 844 2028 uei
854 1977 929 2027 metum

131 2046 223 2097 atterius
237 2046 297 2111 quod
307 2050 342 2097 est
355 2047 404 2111 ipsu
418 2045 577 2097 communitus.

162 2122 195 2170 brt
212 2122 335 2171 secuntum
354 2119 489 2184 dicendum,
501 2120 562 2183 qubtt
573 2120 641 2173 bomo
657 2120 796 2184 (quibnbet
811 2122 929 2173 dominium

130 2190 166 2239 sui
175 2193 264 2258 aetus),
276 2193 326 2255 ipse
335 2191 404 2243 etiam
414 2192 438 2241 in
447 2195 555 2256 quantum
567 2195 602 2242 est
615 2191 721 2253 alterius,
734 2192 828 2245 scilieet
836 2207 929 2246 immuu-

130 2262 221 2325 uitatis‚
242 2265 307 2327 eujus
330 2267 364 2315 est
382 2277 449 2327 pars,
470 2266 571 2314 meretur
589 2263 674 2327 ntiquitt
692 2264 892 2328 midsommer,
910 2264 928 2314 in

131 2338 239 2396 quantum
257 2330 320 2385 aetus
334 2348 386 2385 suos
403 2334 460 2385 bene
478 2336 514 2384 vel
534 2334 593 2384 maii
608 2335 726 2399 dispertit:
742 2336 803 2387 sieut
816 2338 901 2401 etiam,
915 2335 929 2385 si

131 2401 174 2452 atie
187 2416 227 2452 suu
241 2406 268 2455 de
284 2405 366 2469 quibus
381 2404 539 2456 communitati
557 2406 642 2457 servire
654 2406 735 2471 debet,
750 2408 812 2458 bene
823 2406 863 2459 uei
877 2408 928 2459 mati

131 2474 255 2537 dispensat.

160 2546 193 2595 bd
207 2546 298 2595 tertium
313 2548 448 2610 dicendum,
468 2547 529 2611 qnod
543 2550 588 2599 bun
603 2547 678 2613 ipsum
693 2550 782 2601 bouum
795 2553 834 2601 vet
851 2552 927 2601 metum

130 2616 190 2679 quod
201 2617 283 2681 atiquts
298 2617 341 2667 sibi
353 2617 409 2669 tacit
419 2631 461 2684 per
471 2632 536 2669 suum
549 2624 636 2685 aetum,
647 2622 757 2672 redundat
768 2622 794 2673 in
806 2622 927 2674 commuui-

128 2690 196 2735 tatem
207 2688 239 2750 (1)
250 2725 256 2747 ,
267 2691 292 2735 ut
310 2688 392 2737 dietum
408 2694 451 2739 est.

161 2824 302 2885 (tiberiade
316 2844 345 2879 ιο
361 2833 475 2885 redundet
484 2837 511 2884 in
525 2847 611 2899 eorpus
621 2840 735 2889 mecine
744 2841 797 2889 siue
813 2840 923 2889 mmmm
