<?xml version="1.0" encoding="UTF-8"?>
<!DOCTYPE html PUBLIC "-//W3C//DTD XHTML 1.0 Transitional//EN"
    "http://www.w3.org/TR/xhtml1/DTD/xhtml1-transitional.dtd">
<html xmlns="http://www.w3.org/1999/xhtml" xml:lang="en" lang="en">
 <head>
  <title>
</title>
<meta http-equiv="Content-Type" content="text/html;charset=utf-8" />
  <meta name='ocr-system' content='tesseract 3.04.00' />
  <meta name='ocr-capabilities' content='ocr_page ocr_carea ocr_par ocr_line ocrx_word'/>
</head>
<body>
  <div class='ocr_page' id='page_1' title='image "./summatheologica00nicogoog_0503.png"; bbox 0 0 1984 3309; ppageno 0'>
   <div class='ocr_carea' id='block_1_1' title="bbox 141 177 734 233">
    <p class='ocr_par' dir='ltr' id='par_1_1' title="bbox 141 177 734 233">
     <span class='ocr_line' id='line_1_1' title="bbox 141 177 734 233; baseline -0.005 -10"><span class='ocrx_word' id='word_1_1' title='bbox 141 177 188 223; x_wconf 73' lang='lat' dir='ltr'>tet</span> <span class='ocrx_word' id='word_1_2' title='bbox 343 185 405 222; x_wconf 79' lang='lat' dir='ltr'>raus</span> <span class='ocrx_word' id='word_1_3' title='bbox 416 186 440 233; x_wconf 86' lang='lat' dir='ltr'>r,</span> <span class='ocrx_word' id='word_1_4' title='bbox 453 181 544 229; x_wconf 75' lang='lat' dir='ltr'>onnsr.</span> <span class='ocrx_word' id='word_1_5' title='bbox 559 182 614 230; x_wconf 80' lang='lat' dir='ltr'>cru,</span> <span class='ocrx_word' id='word_1_6' title='bbox 627 183 681 222; x_wconf 80' lang='lat' dir='ltr'>aar.</span> <span class='ocrx_word' id='word_1_7' title='bbox 699 183 734 221; x_wconf 84' lang='lat' dir='ltr'>nv.</span> 
     </span>
    </p>
   </div>
   <div class='ocr_carea' id='block_1_2' title="bbox 100 259 979 2895">
    <p class='ocr_par' dir='ltr' id='par_1_2' title="bbox 141 259 944 610">
     <span class='ocr_line' id='line_1_2' title="bbox 173 259 942 324; baseline 0.001 -14"><span class='ocrx_word' id='word_1_8' title='bbox 173 268 196 310; x_wconf 85' lang='lat' dir='ltr'>a.</span> <span class='ocrx_word' id='word_1_9' title='bbox 215 263 347 322; x_wconf 70' lang='lat' dir='ltr'>preterea,</span> <span class='ocrx_word' id='word_1_10' title='bbox 362 261 381 310; x_wconf 93' lang='lat' dir='ltr'>si</span> <span class='ocrx_word' id='word_1_11' title='bbox 401 260 529 324; x_wconf 75' lang='lat' dir='ltr'>superiores</span> <span class='ocrx_word' id='word_1_12' title='bbox 547 260 622 321; x_wconf 89' lang='lat' dir='ltr'>angeli</span> <span class='ocrx_word' id='word_1_13' title='bbox 640 259 786 311; x_wconf 80' lang='lat' dir='ltr'>interioribus</span> <span class='ocrx_word' id='word_1_14' title='bbox 802 259 942 311; x_wconf 73' lang='lat' dir='ltr'><strong>annuntiant</strong></span> 
     </span>
     <span class='ocr_line' id='line_1_3' title="bbox 141 331 942 396; baseline -0.002 -12"><span class='ocrx_word' id='word_1_15' title='bbox 141 335 286 396; x_wconf 74' lang='lat' dir='ltr'>omniaque</span> <span class='ocrx_word' id='word_1_16' title='bbox 305 337 458 395; x_wconf 88' lang='lat' dir='ltr'>cognoscunt,</span> <span class='ocrx_word' id='word_1_17' title='bbox 473 332 532 380; x_wconf 74' lang='lat' dir='ltr'>nillil</span> <span class='ocrx_word' id='word_1_18' title='bbox 550 331 694 382; x_wconf 81' lang='lat' dir='ltr'>interioribus</span> <span class='ocrx_word' id='word_1_19' title='bbox 713 331 817 394; x_wconf 85' lang='lat' dir='ltr'>ignotum</span> <span class='ocrx_word' id='word_1_20' title='bbox 835 337 942 382; x_wconf 81' lang='lat' dir='ltr'><strong>remanet</strong></span> 
     </span>
     <span class='ocr_line' id='line_1_4' title="bbox 141 404 944 469; baseline -0.001 -14"><span class='ocrx_word' id='word_1_21' title='bbox 141 407 202 469; x_wconf 80' lang='lat' dir='ltr'>quod</span> <span class='ocrx_word' id='word_1_22' title='bbox 218 404 348 468; x_wconf 75' lang='lat' dir='ltr'>superiores</span> <span class='ocrx_word' id='word_1_23' title='bbox 361 409 507 466; x_wconf 82' lang='lat' dir='ltr'>cognoscunt.</span> <span class='ocrx_word' id='word_1_24' title='bbox 529 405 578 452; x_wconf 90' lang='lat' dir='ltr'>Non</span> <span class='ocrx_word' id='word_1_25' title='bbox 596 415 650 465; x_wconf 92' lang='lat' dir='ltr'>ergo</span> <span class='ocrx_word' id='word_1_26' title='bbox 671 404 797 453; x_wconf 76' lang='lat' dir='ltr'>decaetero</span> <span class='ocrx_word' id='word_1_27' title='bbox 812 404 944 468; x_wconf 77' lang='lat' dir='ltr'>superiores</span> 
     </span>
     <span class='ocr_line' id='line_1_5' title="bbox 141 474 943 540; baseline -0.005 -14"><span class='ocrx_word' id='word_1_28' title='bbox 141 478 249 540; x_wconf 89' lang='lat' dir='ltr'>poterunt</span> <span class='ocrx_word' id='word_1_29' title='bbox 267 475 395 525; x_wconf 88' lang='lat' dir='ltr'>illuminare</span> <span class='ocrx_word' id='word_1_30' title='bbox 416 474 536 525; x_wconf 87' lang='lat' dir='ltr'>interiores</span> <span class='ocrx_word' id='word_1_31' title='bbox 552 489 557 523; x_wconf 75' lang='grc' dir='ltr'><em>ι</em></span> <span class='ocrx_word' id='word_1_32' title='bbox 573 474 633 536; x_wconf 85' lang='lat' dir='ltr'>quod</span> <span class='ocrx_word' id='word_1_33' title='bbox 654 474 744 525; x_wconf 87' lang='lat' dir='ltr'>videtur</span> <span class='ocrx_word' id='word_1_34' title='bbox 763 475 943 526; x_wconf 79' lang='lat' dir='ltr'>inconveniens.</span> 
     </span>
     <span class='ocr_line' id='line_1_6' title="bbox 141 544 863 610; baseline -0.004 -13"><span class='ocrx_word' id='word_1_35' title='bbox 141 549 192 598; x_wconf 84' lang='lat' dir='ltr'>Non</span> <span class='ocrx_word' id='word_1_36' title='bbox 207 561 261 610; x_wconf 84' lang='lat' dir='ltr'>ergo</span> <span class='ocrx_word' id='word_1_37' title='bbox 279 546 406 610; x_wconf 83' lang='lat' dir='ltr'>superiores</span> <span class='ocrx_word' id='word_1_38' title='bbox 421 546 449 596; x_wconf 90' lang='lat' dir='ltr'>de</span> <span class='ocrx_word' id='word_1_39' title='bbox 464 544 569 596; x_wconf 88' lang='lat' dir='ltr'>omnibus</span> <span class='ocrx_word' id='word_1_40' title='bbox 588 544 705 595; x_wconf 88' lang='lat' dir='ltr'>interiores</span> <span class='ocrx_word' id='word_1_41' title='bbox 722 544 863 596; x_wconf 89' lang='lat' dir='ltr'>illuminant.</span> 
     </span>
    </p>

    <p class='ocr_par' dir='ltr' id='par_1_3' title="bbox 142 615 947 1040">
     <span class='ocr_line' id='line_1_7' title="bbox 173 615 945 681; baseline -0.001 -13"><span class='ocrx_word' id='word_1_42' title='bbox 173 620 218 669; x_wconf 87' lang='lat' dir='ltr'>Sed</span> <span class='ocrx_word' id='word_1_43' title='bbox 234 623 311 669; x_wconf 89' lang='lat' dir='ltr'>contra</span> <span class='ocrx_word' id='word_1_44' title='bbox 322 623 368 679; x_wconf 90' lang='lat' dir='ltr'>est,</span> <span class='ocrx_word' id='word_1_45' title='bbox 382 619 442 681; x_wconf 88' lang='lat' dir='ltr'>quod</span> <span class='ocrx_word' id='word_1_46' title='bbox 458 618 578 681; x_wconf 81' lang='lat' dir='ltr'>Gregorius</span> <span class='ocrx_word' id='word_1_47' title='bbox 590 617 657 680; x_wconf 87' lang='lat' dir='ltr'>dicit,</span> <span class='ocrx_word' id='word_1_48' title='bbox 668 615 728 680; x_wconf 83' lang='lat' dir='ltr'>qudd</span> <span class='ocrx_word' id='word_1_49' title='bbox 740 633 753 664; x_wconf 86' lang='lat' dir='ltr'>u</span> <span class='ocrx_word' id='word_1_50' title='bbox 763 617 787 666; x_wconf 87' lang='lat' dir='ltr'>in</span> <span class='ocrx_word' id='word_1_51' title='bbox 803 617 842 667; x_wconf 88' lang='lat' dir='ltr'>illa</span> <span class='ocrx_word' id='word_1_52' title='bbox 854 621 945 669; x_wconf 81' lang='lat' dir='ltr'>caelesti</span> 
     </span>
     <span class='ocr_line' id='line_1_8' title="bbox 142 688 946 755; baseline -0.001 -14"><span class='ocrx_word' id='word_1_53' title='bbox 142 692 216 755; x_wconf 88' lang='lat' dir='ltr'>patria</span> <span class='ocrx_word' id='word_1_54' title='bbox 232 691 287 741; x_wconf 80' lang='lat' dir='ltr'>licet</span> <span class='ocrx_word' id='word_1_55' title='bbox 299 690 402 752; x_wconf 79' lang='lat' dir='ltr'>quiedam</span> <span class='ocrx_word' id='word_1_56' title='bbox 415 692 468 739; x_wconf 89' lang='lat' dir='ltr'>data</span> <span class='ocrx_word' id='word_1_57' title='bbox 480 689 527 739; x_wconf 91' lang='lat' dir='ltr'>sint</span> <span class='ocrx_word' id='word_1_58' title='bbox 540 689 689 750; x_wconf 84' lang='lat' dir='ltr'>excellenter,</span> <span class='ocrx_word' id='word_1_59' title='bbox 703 688 759 737; x_wconf 86' lang='lat' dir='ltr'>nihil</span> <span class='ocrx_word' id='word_1_60' title='bbox 774 692 854 738; x_wconf 90' lang='lat' dir='ltr'>tamen</span> <span class='ocrx_word' id='word_1_61' title='bbox 868 693 946 754; x_wconf 87' lang='lat' dir='ltr'>possi-</span> 
     </span>
     <span class='ocr_line' id='line_1_9' title="bbox 144 759 945 825; baseline 0 -14"><span class='ocrx_word' id='word_1_62' title='bbox 144 764 209 812; x_wconf 89' lang='lat' dir='ltr'>detur</span> <span class='ocrx_word' id='word_1_63' title='bbox 226 761 377 825; x_wconf 68' lang='lat' dir='ltr'>singulariter.</span> <span class='ocrx_word' id='word_1_64' title='bbox 395 778 409 807; x_wconf 83' lang='lat' dir='ltr'><strong>n</strong></span> <span class='ocrx_word' id='word_1_65' title='bbox 424 763 454 810; x_wconf 82' lang='lat' dir='ltr'>llt</span> <span class='ocrx_word' id='word_1_66' title='bbox 472 760 593 825; x_wconf 78' lang='lat' dir='ltr'>llionpsius</span> <span class='ocrx_word' id='word_1_67' title='bbox 616 759 684 823; x_wconf 89' lang='lat' dir='ltr'>dicit,</span> <span class='ocrx_word' id='word_1_68' title='bbox 700 759 750 808; x_wconf 83' lang='lat' dir='ltr'>XV.</span> <span class='ocrx_word' id='word_1_69' title='bbox 773 773 826 824; x_wconf 87' lang='lat' dir='ltr'>cap.</span> <span class='ocrx_word' id='word_1_70' title='bbox 847 762 945 811; x_wconf 84' lang='lat' dir='ltr'>Coetesl.</span> 
     </span>
     <span class='ocr_line' id='line_1_10' title="bbox 143 830 946 897; baseline -0.004 -14"><span class='ocrx_word' id='word_1_71' title='bbox 143 834 280 893; x_wconf 68' lang='lat' dir='ltr'>deieraret„</span> <span class='ocrx_word' id='word_1_72' title='bbox 290 832 350 897; x_wconf 76' lang='lat' dir='ltr'>quod</span> <span class='ocrx_word' id='word_1_73' title='bbox 363 851 378 879; x_wconf 82' lang='lat' dir='ltr'>s</span> <span class='ocrx_word' id='word_1_74' title='bbox 386 847 527 896; x_wconf 75' lang='lat' dir='ltr'>unaqueque</span> <span class='ocrx_word' id='word_1_75' title='bbox 537 833 637 882; x_wconf 78' lang='lat' dir='ltr'>coelestis</span> <span class='ocrx_word' id='word_1_76' title='bbox 651 830 750 882; x_wconf 88' lang='lat' dir='ltr'>essentia</span> <span class='ocrx_word' id='word_1_77' title='bbox 769 831 946 895; x_wconf 83' lang='lat' dir='ltr'>intelligentiam</span> 
     </span>
     <span class='ocr_line' id='line_1_11' title="bbox 143 901 947 968; baseline -0.005 -13"><span class='ocrx_word' id='word_1_78' title='bbox 143 904 188 956; x_wconf 87' lang='lat' dir='ltr'>sibi</span> <span class='ocrx_word' id='word_1_79' title='bbox 207 904 221 955; x_wconf 81' lang='lat' dir='ltr'>t</span> <span class='ocrx_word' id='word_1_80' title='bbox 239 903 350 968; x_wconf 88' lang='lat' dir='ltr'>superiori</span> <span class='ocrx_word' id='word_1_81' title='bbox 365 905 440 954; x_wconf 72' lang='lat' dir='ltr'>daem</span> <span class='ocrx_word' id='word_1_82' title='bbox 455 902 557 953; x_wconf 84' lang='lat' dir='ltr'>interiori</span> <span class='ocrx_word' id='word_1_83' title='bbox 578 901 745 964; x_wconf 87' lang='lat' dir='ltr'>communicat,</span> <span class='ocrx_word' id='word_1_84' title='bbox 768 918 783 947; x_wconf 91' lang='lat'>»</span> <span class='ocrx_word' id='word_1_85' title='bbox 799 904 826 952; x_wconf 88' lang='lat' dir='ltr'>ut</span> <span class='ocrx_word' id='word_1_86' title='bbox 841 907 909 966; x_wconf 88' lang='lat' dir='ltr'>patet</span> <span class='ocrx_word' id='word_1_87' title='bbox 923 917 947 952; x_wconf 85' lang='lat' dir='ltr'>ex</span> 
     </span>
     <span class='ocr_line' id='line_1_12' title="bbox 145 975 477 1040; baseline -0.006 -14"><span class='ocrx_word' id='word_1_88' title='bbox 145 976 278 1027; x_wconf 84' lang='lat' dir='ltr'>anctoritate</span> <span class='ocrx_word' id='word_1_89' title='bbox 294 979 362 1040; x_wconf 80' lang='lat' dir='ltr'>snpra</span> <span class='ocrx_word' id='word_1_90' title='bbox 379 975 477 1025; x_wconf 71' lang='lat' dir='ltr'>induem.</span> 
     </span>
    </p>

    <p class='ocr_par' dir='ltr' id='par_1_4' title="bbox 145 1045 979 1398">
     <span class='ocr_line' id='line_1_13' title="bbox 171 1045 950 1108; baseline -0.003 -9"><span class='ocrx_word' id='word_1_91' title='bbox 171 1049 377 1108; x_wconf 83' lang='lat' dir='ltr'>.(Cosncnsro.—</span> <span class='ocrx_word' id='word_1_92' title='bbox 389 1046 446 1098; x_wconf 77' lang='lat' dir='ltr'>edm</span> <span class='ocrx_word' id='word_1_93' title='bbox 462 1048 490 1095; x_wconf 89' lang='lat' dir='ltr'>de</span> <span class='ocrx_word' id='word_1_94' title='bbox 508 1045 595 1096; x_wconf 89' lang='lat' dir='ltr'>ratione</span> <span class='ocrx_word' id='word_1_95' title='bbox 610 1045 666 1096; x_wconf 86' lang='lat' dir='ltr'>boni</span> <span class='ocrx_word' id='word_1_96' title='bbox 681 1045 711 1094; x_wconf 90' lang='lat' dir='ltr'>sit</span> <span class='ocrx_word' id='word_1_97' title='bbox 724 1049 752 1094; x_wconf 91' lang='lat' dir='ltr'>nt</span> <span class='ocrx_word' id='word_1_98' title='bbox 765 1057 790 1096; x_wconf 90' lang='lat' dir='ltr'>se</span> <span class='ocrx_word' id='word_1_99' title='bbox 814 1045 869 1096; x_wconf 87' lang='lat' dir='ltr'>aliis</span> <span class='ocrx_word' id='word_1_100' title='bbox 890 1059 950 1097; x_wconf 91' lang='lat' dir='ltr'>com·</span> 
     </span>
     <span class='ocr_line' id='line_1_14' title="bbox 145 1117 979 1183; baseline 0.001 -17"><span class='ocrx_word' id='word_1_101' title='bbox 145 1117 259 1182; x_wconf 88' lang='lat' dir='ltr'>municet,</span> <span class='ocrx_word' id='word_1_102' title='bbox 276 1122 364 1183; x_wconf 84' lang='lat' dir='ltr'>oportet</span> <span class='ocrx_word' id='word_1_103' title='bbox 386 1117 479 1182; x_wconf 80' lang='lat' dir='ltr'>angelos</span> <span class='ocrx_word' id='word_1_104' title='bbox 494 1117 622 1181; x_wconf 88' lang='lat' dir='ltr'>superiores</span> <span class='ocrx_word' id='word_1_105' title='bbox 639 1117 679 1182; x_wconf 85' lang='lat' dir='ltr'>qui</span> <span class='ocrx_word' id='word_1_106' title='bbox 698 1123 752 1166; x_wconf 88' lang='lat' dir='ltr'>sunt</span> <span class='ocrx_word' id='word_1_107' title='bbox 770 1117 797 1166; x_wconf 87' lang='lat' dir='ltr'>in</span> <span class='ocrx_word' id='word_1_108' title='bbox 815 1119 949 1182; x_wconf 66' lang='lat' dir='ltr'>menmsima</span> <span class='ocrx_word' id='word_1_109' title='bbox 978 1131 979 1174; x_wconf 81' lang='lat' dir='ltr'>l</span> 
     </span>
     <span class='ocr_line' id='line_1_15' title="bbox 145 1181 979 1254; baseline -0.001 -14"><span class='ocrx_word' id='word_1_110' title='bbox 145 1189 320 1254; x_wconf 81' lang='lat' dir='ltr'>participatione</span> <span class='ocrx_word' id='word_1_111' title='bbox 337 1191 420 1240; x_wconf 80' lang='lat' dir='ltr'>divine</span> <span class='ocrx_word' id='word_1_112' title='bbox 433 1188 557 1250; x_wconf 69' lang='lat' dir='ltr'>boniatis,</span> <span class='ocrx_word' id='word_1_113' title='bbox 569 1189 699 1243; x_wconf 88' lang='lat' dir='ltr'>illuminare</span> <span class='ocrx_word' id='word_1_114' title='bbox 716 1188 838 1240; x_wconf 89' lang='lat' dir='ltr'>interiores</span> <span class='ocrx_word' id='word_1_115' title='bbox 857 1193 888 1242; x_wconf 90' lang='lat' dir='ltr'>de</span> <span class='ocrx_word' id='word_1_116' title='bbox 905 1205 949 1241; x_wconf 89' lang='lat' dir='ltr'>om·</span> <span class='ocrx_word' id='word_1_117' title='bbox 978 1181 979 1202; x_wconf 64' lang='lat'>¹</span> 
     </span>
     <span class='ocr_line' id='line_1_16' title="bbox 146 1260 948 1326; baseline -0.001 -16"><span class='ocrx_word' id='word_1_118' title='bbox 146 1260 214 1311; x_wconf 84' lang='lat' dir='ltr'>nibus</span> <span class='ocrx_word' id='word_1_119' title='bbox 233 1275 284 1326; x_wconf 80' lang='lat' dir='ltr'>que</span> <span class='ocrx_word' id='word_1_120' title='bbox 304 1266 430 1324; x_wconf 73' lang='lat' dir='ltr'>nonerunt,</span> <span class='ocrx_word' id='word_1_121' title='bbox 446 1262 478 1310; x_wconf 91' lang='lat' dir='ltr'>ita</span> <span class='ocrx_word' id='word_1_122' title='bbox 496 1265 574 1312; x_wconf 88' lang='lat' dir='ltr'>tamen</span> <span class='ocrx_word' id='word_1_123' title='bbox 596 1265 623 1311; x_wconf 91' lang='lat' dir='ltr'>ut</span> <span class='ocrx_word' id='word_1_124' title='bbox 644 1260 804 1325; x_wconf 75' lang='lat' dir='ltr'>perfectiorem</span> <span class='ocrx_word' id='word_1_125' title='bbox 828 1261 948 1312; x_wconf 86' lang='lat' dir='ltr'>scientiam</span> 
     </span>
     <span class='ocr_line' id='line_1_17' title="bbox 146 1333 668 1398; baseline -0.004 -16"><span class='ocrx_word' id='word_1_126' title='bbox 146 1334 269 1395; x_wconf 84' lang='lat' dir='ltr'>habentes,</span> <span class='ocrx_word' id='word_1_127' title='bbox 284 1334 308 1384; x_wconf 93' lang='lat' dir='ltr'>in</span> <span class='ocrx_word' id='word_1_128' title='bbox 319 1334 393 1385; x_wconf 87' lang='lat' dir='ltr'>altiori</span> <span class='ocrx_word' id='word_1_129' title='bbox 406 1333 484 1383; x_wconf 88' lang='lat' dir='ltr'>ordine</span> <span class='ocrx_word' id='word_1_130' title='bbox 499 1335 668 1398; x_wconf 82' lang='lat' dir='ltr'>permaneant.)</span> 
     </span>
    </p>

    <p class='ocr_par' dir='ltr' id='par_1_5' title="bbox 100 1403 978 2672">
     <span class='ocr_line' id='line_1_18' title="bbox 178 1403 950 1469; baseline 0 -15"><span class='ocrx_word' id='word_1_131' title='bbox 178 1407 313 1469; x_wconf 73' lang='lat' dir='ltr'>despondeo</span> <span class='ocrx_word' id='word_1_132' title='bbox 331 1406 466 1465; x_wconf 88' lang='lat' dir='ltr'>dicendum,</span> <span class='ocrx_word' id='word_1_133' title='bbox 483 1403 545 1468; x_wconf 84' lang='lat' dir='ltr'>qudd</span> <span class='ocrx_word' id='word_1_134' title='bbox 559 1417 638 1454; x_wconf 89' lang='lat' dir='ltr'>omnes</span> <span class='ocrx_word' id='word_1_135' title='bbox 651 1407 760 1453; x_wconf 78' lang='lat' dir='ltr'>creature</span> <span class='ocrx_word' id='word_1_136' title='bbox 775 1416 805 1452; x_wconf 83' lang='lat' dir='ltr'>eu</span> <span class='ocrx_word' id='word_1_137' title='bbox 819 1403 903 1454; x_wconf 82' lang='lat' dir='ltr'>diviua</span> <span class='ocrx_word' id='word_1_138' title='bbox 914 1407 950 1454; x_wconf 86' lang='lat' dir='ltr'>ho·</span> 
     </span>
     <span class='ocr_line' id='line_1_19' title="bbox 147 1473 949 1543; baseline -0.002 -16"><span class='ocrx_word' id='word_1_139' title='bbox 147 1478 218 1528; x_wconf 74' lang='lat' dir='ltr'>nimie</span> <span class='ocrx_word' id='word_1_140' title='bbox 233 1479 380 1543; x_wconf 88' lang='lat' dir='ltr'>participant,</span> <span class='ocrx_word' id='word_1_141' title='bbox 395 1482 421 1527; x_wconf 92' lang='lat' dir='ltr'>ut</span> <span class='ocrx_word' id='word_1_142' title='bbox 432 1477 516 1526; x_wconf 85' lang='lat' dir='ltr'>lenum</span> <span class='ocrx_word' id='word_1_143' title='bbox 529 1474 589 1539; x_wconf 83' lang='lat' dir='ltr'>quod</span> <span class='ocrx_word' id='word_1_144' title='bbox 602 1475 701 1536; x_wconf 87' lang='lat' dir='ltr'>habent,</span> <span class='ocrx_word' id='word_1_145' title='bbox 711 1474 735 1522; x_wconf 91' lang='lat' dir='ltr'>in</span> <span class='ocrx_word' id='word_1_146' title='bbox 749 1473 794 1523; x_wconf 87' lang='lat' dir='ltr'>alia</span> <span class='ocrx_word' id='word_1_147' title='bbox 804 1473 949 1536; x_wconf 76' lang='lat' dir='ltr'>diffundant,</span> 
     </span>
     <span class='ocr_line' id='line_1_20' title="bbox 147 1545 949 1612; baseline -0.005 -13"><span class='ocrx_word' id='word_1_148' title='bbox 147 1563 200 1599; x_wconf 90' lang='lat' dir='ltr'>uam</span> <span class='ocrx_word' id='word_1_149' title='bbox 209 1550 237 1599; x_wconf 92' lang='lat' dir='ltr'>de</span> <span class='ocrx_word' id='word_1_150' title='bbox 247 1550 335 1600; x_wconf 87' lang='lat' dir='ltr'>ratione</span> <span class='ocrx_word' id='word_1_151' title='bbox 343 1550 398 1600; x_wconf 85' lang='lat' dir='ltr'>boni</span> <span class='ocrx_word' id='word_1_152' title='bbox 409 1551 445 1599; x_wconf 94' lang='lat' dir='ltr'>ost</span> <span class='ocrx_word' id='word_1_153' title='bbox 456 1547 517 1612; x_wconf 79' lang='lat' dir='ltr'>qued</span> <span class='ocrx_word' id='word_1_154' title='bbox 527 1561 552 1598; x_wconf 86' lang='lat' dir='ltr'>se</span> <span class='ocrx_word' id='word_1_155' title='bbox 567 1547 617 1597; x_wconf 90' lang='lat' dir='ltr'>aliis</span> <span class='ocrx_word' id='word_1_156' title='bbox 633 1545 794 1597; x_wconf 88' lang='lat' dir='ltr'>communicet.</span> <span class='ocrx_word' id='word_1_157' title='bbox 807 1547 908 1598; x_wconf 80' lang='lat' dir='ltr'>Etlnde</span> <span class='ocrx_word' id='word_1_158' title='bbox 919 1553 949 1596; x_wconf 83' lang='lat' dir='ltr'>est</span> 
     </span>
     <span class='ocr_line' id='line_1_21' title="bbox 147 1618 951 1685; baseline -0.005 -15"><span class='ocrx_word' id='word_1_159' title='bbox 147 1621 217 1670; x_wconf 85' lang='lat' dir='ltr'>etiam</span> <span class='ocrx_word' id='word_1_160' title='bbox 230 1620 290 1684; x_wconf 79' lang='lat' dir='ltr'>quod</span> <span class='ocrx_word' id='word_1_161' title='bbox 300 1622 388 1685; x_wconf 86' lang='lat' dir='ltr'>agentia</span> <span class='ocrx_word' id='word_1_162' title='bbox 403 1619 526 1684; x_wconf 82' lang='lat' dir='ltr'>corporalia</span> <span class='ocrx_word' id='word_1_163' title='bbox 538 1618 707 1669; x_wconf 87' lang='lat' dir='ltr'>similitudinem</span> <span class='ocrx_word' id='word_1_164' title='bbox 722 1629 787 1666; x_wconf 91' lang='lat' dir='ltr'>suam</span> <span class='ocrx_word' id='word_1_165' title='bbox 797 1618 851 1670; x_wconf 89' lang='lat' dir='ltr'>aliis</span> <span class='ocrx_word' id='word_1_166' title='bbox 863 1623 951 1672; x_wconf 87' lang='lat' dir='ltr'>tradunt</span> 
     </span>
     <span class='ocr_line' id='line_1_22' title="bbox 148 1689 951 1756; baseline -0.001 -16"><span class='ocrx_word' id='word_1_167' title='bbox 148 1695 258 1754; x_wconf 78' lang='lat' dir='ltr'>quantum</span> <span class='ocrx_word' id='word_1_168' title='bbox 274 1693 382 1754; x_wconf 85' lang='lat' dir='ltr'>possibile</span> <span class='ocrx_word' id='word_1_169' title='bbox 393 1697 436 1742; x_wconf 89' lang='lat' dir='ltr'>est.</span> <span class='ocrx_word' id='word_1_170' title='bbox 450 1691 539 1750; x_wconf 76' lang='lat' dir='ltr'>Quanto</span> <span class='ocrx_word' id='word_1_171' title='bbox 555 1691 626 1754; x_wconf 84' lang='lat' dir='ltr'>igitur</span> <span class='ocrx_word' id='word_1_172' title='bbox 639 1690 714 1754; x_wconf 87' lang='lat' dir='ltr'>aliqua</span> <span class='ocrx_word' id='word_1_173' title='bbox 732 1689 825 1752; x_wconf 83' lang='lat' dir='ltr'>agentia</span> <span class='ocrx_word' id='word_1_174' title='bbox 842 1693 951 1756; x_wconf 77' lang='lat' dir='ltr'>magistu</span> 
     </span>
     <span class='ocr_line' id='line_1_23' title="bbox 147 1761 952 1828; baseline 0.001 -17"><span class='ocrx_word' id='word_1_175' title='bbox 147 1762 322 1825; x_wconf 78' lang='lat' dir='ltr'>participatione</span> <span class='ocrx_word' id='word_1_176' title='bbox 334 1763 418 1815; x_wconf 77' lang='lat' dir='ltr'>(lisine</span> <span class='ocrx_word' id='word_1_177' title='bbox 428 1763 539 1814; x_wconf 72' lang='lat' dir='ltr'>bonlmtis</span> <span class='ocrx_word' id='word_1_178' title='bbox 547 1763 724 1824; x_wconf 89' lang='lat' dir='ltr'>constituuntur,</span> <span class='ocrx_word' id='word_1_179' title='bbox 733 1761 800 1810; x_wconf 81' lang='lat' dir='ltr'>tanto</span> <span class='ocrx_word' id='word_1_180' title='bbox 812 1765 892 1827; x_wconf 82' lang='lat' dir='ltr'>magis</span> <span class='ocrx_word' id='word_1_181' title='bbox 906 1779 952 1828; x_wconf 88' lang='lat' dir='ltr'>per·</span> 
     </span>
     <span class='ocr_line' id='line_1_24' title="bbox 149 1833 952 1900; baseline -0.001 -16"><span class='ocrx_word' id='word_1_182' title='bbox 149 1833 259 1884; x_wconf 80' lang='lat' dir='ltr'>lectiones</span> <span class='ocrx_word' id='word_1_183' title='bbox 272 1847 325 1885; x_wconf 91' lang='lat' dir='ltr'>snas</span> <span class='ocrx_word' id='word_1_184' title='bbox 340 1836 442 1886; x_wconf 91' lang='lat' dir='ltr'>nituntur</span> <span class='ocrx_word' id='word_1_185' title='bbox 455 1835 478 1884; x_wconf 89' lang='lat' dir='ltr'>in</span> <span class='ocrx_word' id='word_1_186' title='bbox 491 1835 548 1884; x_wconf 90' lang='lat' dir='ltr'>alios</span> <span class='ocrx_word' id='word_1_187' title='bbox 566 1833 738 1891; x_wconf 78' lang='lat' dir='ltr'>transfundere,</span> <span class='ocrx_word' id='word_1_188' title='bbox 752 1835 867 1895; x_wconf 87' lang='lat' dir='ltr'>quantum</span> <span class='ocrx_word' id='word_1_189' title='bbox 881 1837 952 1900; x_wconf 89' lang='lat' dir='ltr'>possi-</span> 
     </span>
     <span class='ocr_line' id='line_1_25' title="bbox 148 1903 953 1968; baseline -0.001 -14"><span class='ocrx_word' id='word_1_190' title='bbox 148 1904 193 1955; x_wconf 88' lang='lat' dir='ltr'>bile</span> <span class='ocrx_word' id='word_1_191' title='bbox 208 1910 250 1955; x_wconf 72' lang='lat' dir='ltr'>est,</span> <span class='ocrx_word' id='word_1_192' title='bbox 265 1907 328 1958; x_wconf 88' lang='lat' dir='ltr'>Unde</span> <span class='ocrx_word' id='word_1_193' title='bbox 339 1910 419 1958; x_wconf 81' lang='lat' dir='ltr'>leatus</span> <span class='ocrx_word' id='word_1_194' title='bbox 430 1909 513 1957; x_wconf 90' lang='lat' dir='ltr'>Petrus</span> <span class='ocrx_word' id='word_1_195' title='bbox 524 1909 603 1957; x_wconf 88' lang='lat' dir='ltr'>monet</span> <span class='ocrx_word' id='word_1_196' title='bbox 612 1917 651 1955; x_wconf 86' lang='lat' dir='ltr'>eos</span> <span class='ocrx_word' id='word_1_197' title='bbox 664 1904 704 1968; x_wconf 90' lang='lat' dir='ltr'>qui</span> <span class='ocrx_word' id='word_1_198' title='bbox 713 1903 816 1954; x_wconf 82' lang='lat' dir='ltr'>divinam</span> <span class='ocrx_word' id='word_1_199' title='bbox 826 1906 953 1957; x_wconf 85' lang='lat' dir='ltr'>bonitatem</span> 
     </span>
     <span class='ocr_line' id='line_1_26' title="bbox 100 1977 978 2044; baseline 0.001 -17"><span class='ocrx_word' id='word_1_200' title='bbox 100 1981 105 1987; x_wconf 80' lang='grc'><em>“</em></span> <span class='ocrx_word' id='word_1_201' title='bbox 148 1992 189 2044; x_wconf 88' lang='lat' dir='ltr'>per</span> <span class='ocrx_word' id='word_1_202' title='bbox 201 1978 296 2040; x_wconf 82' lang='lat' dir='ltr'>gratiam</span> <span class='ocrx_word' id='word_1_203' title='bbox 305 1981 452 2044; x_wconf 88' lang='lat' dir='ltr'>participant,</span> <span class='ocrx_word' id='word_1_204' title='bbox 465 1978 553 2040; x_wconf 90' lang='lat' dir='ltr'>dicens,</span> <span class='ocrx_word' id='word_1_205' title='bbox 569 1979 588 2028; x_wconf 92' lang='lat' dir='ltr'>l.</span> <span class='ocrx_word' id='word_1_206' title='bbox 603 1980 685 2036; x_wconf 71' lang='lat' dir='ltr'>Pete,</span> <span class='ocrx_word' id='word_1_207' title='bbox 701 1977 748 2025; x_wconf 81' lang='lat' dir='ltr'>lv:</span> <span class='ocrx_word' id='word_1_208' title='bbox 764 1978 954 2043; x_wconf 83' lang='lat' dir='ltr'>«Unusquisque</span> <span class='ocrx_word' id='word_1_209' title='bbox 977 2007 978 2012; x_wconf 65' lang='lat'><em>=</em></span> 
     </span>
     <span class='ocr_line' id='line_1_27' title="bbox 149 2049 955 2116; baseline -0.004 -14"><span class='ocrx_word' id='word_1_210' title='bbox 149 2050 207 2102; x_wconf 78' lang='lat' dir='ltr'>siem</span> <span class='ocrx_word' id='word_1_211' title='bbox 222 2051 308 2115; x_wconf 88' lang='lat' dir='ltr'>accepit</span> <span class='ocrx_word' id='word_1_212' title='bbox 319 2053 424 2116; x_wconf 87' lang='lat' dir='ltr'>gratiam,</span> <span class='ocrx_word' id='word_1_213' title='bbox 431 2051 456 2100; x_wconf 92' lang='lat' dir='ltr'>in</span> <span class='ocrx_word' id='word_1_214' title='bbox 467 2052 600 2100; x_wconf 89' lang='lat' dir='ltr'>alterutrum</span> <span class='ocrx_word' id='word_1_215' title='bbox 611 2049 673 2098; x_wconf 88' lang='lat' dir='ltr'>illam</span> <span class='ocrx_word' id='word_1_216' title='bbox 685 2049 886 2114; x_wconf 85' lang='lat' dir='ltr'>administrantes,</span> <span class='ocrx_word' id='word_1_217' title='bbox 897 2053 955 2101; x_wconf 88' lang='lat' dir='ltr'>sieut</span> 
     </span>
     <span class='ocr_line' id='line_1_28' title="bbox 149 2119 954 2190; baseline -0.005 -17"><span class='ocrx_word' id='word_1_218' title='bbox 149 2122 203 2173; x_wconf 90' lang='lat' dir='ltr'>honi</span> <span class='ocrx_word' id='word_1_219' title='bbox 211 2124 378 2188; x_wconf 88' lang='lat' dir='ltr'>dispensatores</span> <span class='ocrx_word' id='word_1_220' title='bbox 386 2122 534 2190; x_wconf 79' lang='lat' dir='ltr'>multiformis</span> <span class='ocrx_word' id='word_1_221' title='bbox 545 2121 622 2184; x_wconf 80' lang='lat' dir='ltr'>gratie</span> <span class='ocrx_word' id='word_1_222' title='bbox 632 2121 681 2170; x_wconf 75' lang='lat' dir='ltr'>liei.</span> <span class='ocrx_word' id='word_1_223' title='bbox 694 2137 707 2166; x_wconf 89' lang='lat'>»</span> <span class='ocrx_word' id='word_1_224' title='bbox 719 2119 788 2169; x_wconf 81' lang='lat' dir='ltr'>ldnlte</span> <span class='ocrx_word' id='word_1_225' title='bbox 798 2120 873 2184; x_wconf 87' lang='lat' dir='ltr'>igitur</span> <span class='ocrx_word' id='word_1_226' title='bbox 881 2124 954 2185; x_wconf 83' lang='lat' dir='ltr'>magis</span> 
     </span>
     <span class='ocr_line' id='line_1_29' title="bbox 150 2191 954 2258; baseline 0 -15"><span class='ocrx_word' id='word_1_227' title='bbox 150 2194 223 2244; x_wconf 86' lang='lat' dir='ltr'>sancti</span> <span class='ocrx_word' id='word_1_228' title='bbox 242 2194 332 2258; x_wconf 89' lang='lat' dir='ltr'>angeli,</span> <span class='ocrx_word' id='word_1_229' title='bbox 346 2195 386 2258; x_wconf 79' lang='lat' dir='ltr'>quui</span> <span class='ocrx_word' id='word_1_230' title='bbox 403 2197 458 2245; x_wconf 89' lang='lat' dir='ltr'>sunt</span> <span class='ocrx_word' id='word_1_231' title='bbox 478 2193 503 2242; x_wconf 93' lang='lat' dir='ltr'>in</span> <span class='ocrx_word' id='word_1_232' title='bbox 519 2193 651 2256; x_wconf 88' lang='lat' dir='ltr'>plenissima</span> <span class='ocrx_word' id='word_1_233' title='bbox 673 2191 850 2255; x_wconf 86' lang='lat' dir='ltr'>participatione</span> <span class='ocrx_word' id='word_1_234' title='bbox 872 2194 954 2243; x_wconf 73' lang='lat' dir='ltr'>diune</span> 
     </span>
     <span class='ocr_line' id='line_1_30' title="bbox 150 2263 953 2329; baseline -0.004 -14"><span class='ocrx_word' id='word_1_235' title='bbox 150 2265 258 2316; x_wconf 85' lang='lat' dir='ltr'>honitatis</span> <span class='ocrx_word' id='word_1_236' title='bbox 271 2304 277 2325; x_wconf 90' lang='lat'><strong><em>‚</em></strong></span> <span class='ocrx_word' id='word_1_237' title='bbox 290 2267 398 2329; x_wconf 87' lang='lat' dir='ltr'>quicquid</span> <span class='ocrx_word' id='word_1_238' title='bbox 413 2264 484 2315; x_wconf 81' lang='lat' dir='ltr'>alles</span> <span class='ocrx_word' id='word_1_239' title='bbox 500 2263 642 2328; x_wconf 86' lang='lat' dir='ltr'>percipiunt,</span> <span class='ocrx_word' id='word_1_240' title='bbox 656 2263 765 2325; x_wconf 76' lang='lat' dir='ltr'>subjectis</span> <span class='ocrx_word' id='word_1_241' title='bbox 780 2263 953 2327; x_wconf 90' lang='lat' dir='ltr'>impartiuntur.</span> 
     </span>
     <span class='ocr_line' id='line_1_31' title="bbox 151 2334 955 2400; baseline -0.002 -16"><span class='ocrx_word' id='word_1_242' title='bbox 151 2337 202 2384; x_wconf 89' lang='lat' dir='ltr'>Non</span> <span class='ocrx_word' id='word_1_243' title='bbox 212 2339 289 2386; x_wconf 91' lang='lat' dir='ltr'>tamen</span> <span class='ocrx_word' id='word_1_244' title='bbox 301 2337 411 2400; x_wconf 88' lang='lat' dir='ltr'>recipitur</span> <span class='ocrx_word' id='word_1_245' title='bbox 428 2337 455 2385; x_wconf 86' lang='lat' dir='ltr'>alr</span> <span class='ocrx_word' id='word_1_246' title='bbox 469 2336 614 2385; x_wconf 87' lang='lat' dir='ltr'>interioribus</span> <span class='ocrx_word' id='word_1_247' title='bbox 627 2334 660 2384; x_wconf 88' lang='lat' dir='ltr'>ita</span> <span class='ocrx_word' id='word_1_248' title='bbox 671 2335 826 2397; x_wconf 88' lang='lat' dir='ltr'>excellenter,</span> <span class='ocrx_word' id='word_1_249' title='bbox 842 2336 906 2386; x_wconf 89' lang='lat' dir='ltr'>sieut</span> <span class='ocrx_word' id='word_1_250' title='bbox 923 2341 955 2384; x_wconf 87' lang='lat' dir='ltr'>est</span> 
     </span>
     <span class='ocr_line' id='line_1_32' title="bbox 151 2406 953 2471; baseline -0.001 -17"><span class='ocrx_word' id='word_1_251' title='bbox 151 2407 175 2455; x_wconf 92' lang='lat' dir='ltr'>in</span> <span class='ocrx_word' id='word_1_252' title='bbox 188 2407 350 2468; x_wconf 81' lang='lat' dir='ltr'>superioribus.</span> <span class='ocrx_word' id='word_1_253' title='bbox 361 2411 388 2458; x_wconf 79' lang='lat' dir='ltr'>ar</span> <span class='ocrx_word' id='word_1_254' title='bbox 397 2408 448 2458; x_wconf 92' lang='lat' dir='ltr'>ideo</span> <span class='ocrx_word' id='word_1_255' title='bbox 462 2407 590 2471; x_wconf 84' lang='lat' dir='ltr'>superiores</span> <span class='ocrx_word' id='word_1_256' title='bbox 602 2419 693 2469; x_wconf 87' lang='lat' dir='ltr'>semper</span> <span class='ocrx_word' id='word_1_257' title='bbox 707 2409 826 2456; x_wconf 84' lang='lat' dir='ltr'>remanent</span> <span class='ocrx_word' id='word_1_258' title='bbox 840 2406 865 2456; x_wconf 93' lang='lat' dir='ltr'>in</span> <span class='ocrx_word' id='word_1_259' title='bbox 882 2407 953 2456; x_wconf 88' lang='lat' dir='ltr'>altiori</span> 
     </span>
     <span class='ocr_line' id='line_1_33' title="bbox 153 2477 955 2543; baseline -0.002 -15"><span class='ocrx_word' id='word_1_260' title='bbox 153 2479 244 2534; x_wconf 80' lang='lat' dir='ltr'>ordine.</span> <span class='ocrx_word' id='word_1_261' title='bbox 270 2482 293 2527; x_wconf 87' lang='lat' dir='ltr'>et</span> <span class='ocrx_word' id='word_1_262' title='bbox 320 2480 477 2543; x_wconf 77' lang='lat' dir='ltr'>perlectionem</span> <span class='ocrx_word' id='word_1_263' title='bbox 502 2477 619 2528; x_wconf 91' lang='lat' dir='ltr'>seientiam</span> <span class='ocrx_word' id='word_1_264' title='bbox 644 2478 736 2528; x_wconf 81' lang='lat' dir='ltr'>trahent.</span> <span class='ocrx_word' id='word_1_265' title='bbox 758 2477 823 2527; x_wconf 84' lang='lat' dir='ltr'>Sient</span> <span class='ocrx_word' id='word_1_266' title='bbox 843 2491 914 2528; x_wconf 81' lang='lat' dir='ltr'>urnam</span> <span class='ocrx_word' id='word_1_267' title='bbox 934 2484 955 2527; x_wconf 88' lang='lat' dir='ltr'>et</span> 
     </span>
     <span class='ocr_line' id='line_1_34' title="bbox 153 2548 955 2614; baseline -0.005 -13"><span class='ocrx_word' id='word_1_268' title='bbox 153 2552 255 2601; x_wconf 88' lang='lat' dir='ltr'>eamdem</span> <span class='ocrx_word' id='word_1_269' title='bbox 274 2564 323 2601; x_wconf 90' lang='lat' dir='ltr'>rem</span> <span class='ocrx_word' id='word_1_270' title='bbox 336 2551 426 2614; x_wconf 82' lang='lat' dir='ltr'>plenitus</span> <span class='ocrx_word' id='word_1_271' title='bbox 441 2551 549 2614; x_wconf 87' lang='lat' dir='ltr'>intelligit</span> <span class='ocrx_word' id='word_1_272' title='bbox 563 2551 678 2614; x_wconf 85' lang='lat' dir='ltr'>magister,</span> <span class='ocrx_word' id='word_1_273' title='bbox 695 2549 762 2614; x_wconf 76' lang='lat' dir='ltr'>partun</span> <span class='ocrx_word' id='word_1_274' title='bbox 776 2548 906 2614; x_wconf 89' lang='lat' dir='ltr'>discipulus</span> <span class='ocrx_word' id='word_1_275' title='bbox 919 2549 955 2613; x_wconf 78' lang='lat' dir='ltr'>quui</span> 
     </span>
     <span class='ocr_line' id='line_1_35' title="bbox 154 2622 783 2672; baseline 0.006 -2"><span class='ocrx_word' id='word_1_276' title='bbox 154 2622 182 2670; x_wconf 86' lang='lat' dir='ltr'>alr</span> <span class='ocrx_word' id='word_1_277' title='bbox 194 2635 221 2672; x_wconf 89' lang='lat' dir='ltr'>eo</span> <span class='ocrx_word' id='word_1_278' title='bbox 235 2622 339 2671; x_wconf 88' lang='lat' dir='ltr'>addiscit.</span> <span class='ocrx_word' id='word_1_279' title='bbox 781 2659 783 2664; x_wconf 68' lang='lat'>,</span> 
     </span>
    </p>

    <p class='ocr_par' dir='ltr' id='par_1_6' title="bbox 153 2691 954 2895">
     <span class='ocr_line' id='line_1_36' title="bbox 185 2691 954 2758; baseline -0.003 -16"><span class='ocrx_word' id='word_1_280' title='bbox 185 2695 217 2743; x_wconf 78' lang='lat' dir='ltr'>nd</span> <span class='ocrx_word' id='word_1_281' title='bbox 241 2693 338 2756; x_wconf 88' lang='lat' dir='ltr'>primum</span> <span class='ocrx_word' id='word_1_282' title='bbox 359 2706 412 2756; x_wconf 88' lang='lat' dir='ltr'>ergo</span> <span class='ocrx_word' id='word_1_283' title='bbox 430 2694 567 2756; x_wconf 88' lang='lat' dir='ltr'>dicendum,</span> <span class='ocrx_word' id='word_1_284' title='bbox 584 2691 644 2756; x_wconf 81' lang='lat' dir='ltr'>quod</span> <span class='ocrx_word' id='word_1_285' title='bbox 661 2692 802 2757; x_wconf 89' lang='lat' dir='ltr'>superiorum</span> <span class='ocrx_word' id='word_1_286' title='bbox 823 2694 954 2758; x_wconf 85' lang='lat' dir='ltr'>angelorum</span> 
     </span>
     <span class='ocr_line' id='line_1_37' title="bbox 153 2763 953 2827; baseline -0.004 -14"><span class='ocrx_word' id='word_1_287' title='bbox 153 2764 247 2815; x_wconf 86' lang='lat' dir='ltr'>seientia</span> <span class='ocrx_word' id='word_1_288' title='bbox 265 2763 352 2827; x_wconf 49' lang='lat' dir='ltr'>dicitru,</span> <span class='ocrx_word' id='word_1_289' title='bbox 362 2779 413 2814; x_wconf 88' lang='lat' dir='ltr'>esse</span> <span class='ocrx_word' id='word_1_290' title='bbox 428 2765 592 2824; x_wconf 82' lang='lat' dir='ltr'>universalior,</span> <span class='ocrx_word' id='word_1_291' title='bbox 607 2766 715 2827; x_wconf 86' lang='lat' dir='ltr'>quantum</span> <span class='ocrx_word' id='word_1_292' title='bbox 732 2765 760 2813; x_wconf 89' lang='lat' dir='ltr'>ad</span> <span class='ocrx_word' id='word_1_293' title='bbox 780 2765 953 2816; x_wconf 85' lang='lat' dir='ltr'>eminentiorem</span> 
     </span>
     <span class='ocr_line' id='line_1_38' title="bbox 155 2834 410 2895; baseline -0.004 -12"><span class='ocrx_word' id='word_1_294' title='bbox 155 2836 245 2883; x_wconf 89' lang='lat' dir='ltr'>modum</span> <span class='ocrx_word' id='word_1_295' title='bbox 259 2834 410 2895; x_wconf 86' lang='lat' dir='ltr'>intelligendi.</span> 
     </span>
    </p>
   </div>
   <div class='ocr_carea' id='block_1_3' title="bbox 186 2904 950 2970">
    <p class='ocr_par' dir='ltr' id='par_1_7' title="bbox 186 2904 950 2970">
     <span class='ocr_line' id='line_1_39' title="bbox 186 2904 950 2970; baseline 0.003 -18"><span class='ocrx_word' id='word_1_296' title='bbox 186 2904 219 2952; x_wconf 80' lang='lat' dir='ltr'>td</span> <span class='ocrx_word' id='word_1_297' title='bbox 233 2905 356 2954; x_wconf 89' lang='lat' dir='ltr'>secundnm</span> <span class='ocrx_word' id='word_1_298' title='bbox 369 2905 502 2969; x_wconf 81' lang='lat' dir='ltr'>dicendum,</span> <span class='ocrx_word' id='word_1_299' title='bbox 516 2907 575 2970; x_wconf 84' lang='lat' dir='ltr'>spudd</span> <span class='ocrx_word' id='word_1_300' title='bbox 591 2907 685 2958; x_wconf 78' lang='lat' dir='ltr'>terbum</span> <span class='ocrx_word' id='word_1_301' title='bbox 699 2906 800 2970; x_wconf 79' lang='lat' dir='ltr'>Magistri</span> <span class='ocrx_word' id='word_1_302' title='bbox 814 2919 863 2958; x_wconf 87' lang='lat' dir='ltr'>non</span> <span class='ocrx_word' id='word_1_303' title='bbox 876 2912 910 2959; x_wconf 87' lang='lat' dir='ltr'>est</span> <span class='ocrx_word' id='word_1_304' title='bbox 920 2907 950 2957; x_wconf 82' lang='lat' dir='ltr'>sic</span> 
     </span>
    </p>
   </div>
   <div class='ocr_carea' id='block_1_4' title="bbox 0 0 1014 3309">
    <p class='ocr_par' dir='ltr' id='par_1_8' title="bbox 0 0 1014 3309">
     <span class='ocr_line' id='line_1_40' title="bbox 0 0 1014 3309; baseline 0 0"><span class='ocrx_word' id='word_1_305' title='bbox 0 0 1014 3309; x_wconf 95' lang='lat' dir='ltr'> </span> 
     </span>
    </p>
   </div>
  </div>
 </body>
</html>
