1984 3309
218 145 249 181 os
264 143 327 182 soco
341 144 500 190 sommum
516 143 559 182 ser
575 143 713 184 esssossus.
820 137 865 184 tti

66 220 191 281 hominem,
201 223 227 271 et
234 220 313 284 possit
320 221 385 272 illum
396 221 534 286 inperadiso
543 221 681 287 uoluptatis,
691 224 718 272 ut
725 227 865 288 operaretur,

63 296 86 342 et
97 292 222 343 custodiret
236 293 336 342 dium.»
595 309 596 316 ¹

93 364 403 429 (donauero-Congruit
414 370 441 416 ut
449 365 509 417 [isus
517 379 572 416 cum
584 365 677 417 fecisset
685 365 800 418 homiuem
809 405 816 427 ,
826 381 866 432 po-

65 441 126 487 neret
138 438 163 486 iu
175 436 283 500 paradiso
291 437 399 500 tuumne
409 437 441 488 ihi
453 442 595 502 operaretur,
605 440 628 488 et
638 439 764 488 custodiret
776 438 864 501 iilum.)

92 509 232 573 itespoodeo
240 509 371 571 dimudum,
382 508 445 573 qood
452 508 515 559 dost
526 509 669 573 Augustinus
683 509 739 560 dicit
746 509 805 560 vrri.
819 510 867 560 So·

64 595 107 643 per
118 580 180 631 Gen.
194 580 232 630 ud
245 580 289 629 sis.
302 580 368 646 (cap.
381 584 438 643 stt),
449 581 544 632 veroum
558 581 621 632 istud
634 581 729 632 Genesis
747 581 867 645 dupliciter

64 653 136 712 potest
148 649 259 714 intelligi.
274 652 324 702 Uno
337 650 404 701 medo
420 652 467 714 sic,
480 652 541 714 quod
554 652 614 702 oeus
624 651 702 716 posuit
714 650 866 703 homiuemiu

64 722 167 783 paradiso
176 721 265 786 etipse
275 724 336 773 lieus
347 725 487 787 operaretur,
497 727 523 774 ct
533 723 656 774 custodiret
669 722 794 774 homiuem.
806 724 867 786 Ope·

64 796 181 853 rcretssr,
197 793 306 858 iuquam,
317 793 465 857 justificando
478 794 575 858 ipsom3
593 794 661 859 cujus
678 794 781 858 operatio
800 792 822 842 si
839 793 867 844 ab

64 864 154 915 homine
167 870 262 927 cesset,
277 864 385 917 motiuud
394 866 563 929 obtenebratum
574 866 635 918 sicut
648 879 687 916 aer
697 865 866 928 obtenebratur,

66 934 166 987 sicesset
182 936 304 988 mdueotia
316 937 460 988 tumuistis
474 938 617 995 custodiret
630 936 686 988 sero
698 937 728 988 ab
742 936 805 988 omui
817 949 867 987 ccr-

67 1007 167 1070 reptione
177 1012 203 1059 et
218 1009 288 1059 mdo.
307 1007 359 1059 etio
368 1008 437 1059 modo
446 1012 524 1073 potest
540 1009 650 1073 intelligi,
664 1013 691 1062 ut
703 1009 771 1060 homo
788 1020 867 1071 opera·

67 1082 136 1142 retur,
142 1083 166 1130 et
173 1079 302 1130 custodiret
309 1079 440 1145 paradisum
446 1081 492 1144 (t).
502 1082 549 1132 Nec
557 1083 635 1132 tameo
643 1081 682 1131 iila
692 1079 795 1144 operatio
804 1082 867 1130 esset

68 1150 188 1214 tabomosa,
203 1154 265 1202 scut
279 1156 332 1215 post
348 1156 483 1216 peecatum
496 1153 536 1204 sed
554 1153 636 1204 tuisset
653 1153 755 1217 jucunda
774 1154 867 1216 propter

68 1223 231 1288 experientiam
249 1222 343 1275 virtmis
363 1227 461 1276 cature.
474 1225 581 1296 Custodia
597 1224 666 1276 etiam
685 1225 723 1274 iila
742 1237 788 1274 oon
807 1225 868 1274 esset
925 1280 927 1292 Ι

67 1298 139 1345 eootn
148 1295 297 1360 invasorem,
307 1296 347 1347 scd
360 1299 423 1346 esset
432 1297 461 1346 ad
472 1297 518 1347 tsoc
530 1297 590 1359 quod
603 1298 672 1347 homo
679 1296 724 1346 sibi
736 1294 866 1360 paradisum

67 1368 204 1430 mstodirct,
224 1379 256 1417 re
274 1367 350 1432 ipsum
364 1369 481 1432 peccando
501 1368 622 1418 emitteret.
642 1369 671 1418 idi
689 1370 733 1418 hoc
751 1371 823 1418 totum
841 1365 866 1416 iu

67 1437 149 1489 mrum
161 1439 264 1490 hominis
279 1441 382 1492 cedebat.
394 1440 423 1490 Et
435 1439 469 1491 sic
481 1439 600 1505 paradisus
613 1439 729 1491 ordiostur
741 1439 770 1489 ad
783 1439 867 1490 donum

66 1509 172 1573 dominis,
186 1514 212 1561 ct
222 1509 296 1562 uoo'e
311 1524 431 1562 converso.
868 1531 872 1544 ·

93 1582 121 1632 ut
136 1595 180 1646 per
193 1583 239 1634 tsoc
251 1586 316 1646 potet
327 1583 446 1647 responsio
462 1584 491 1634 cd
507 1583 605 1648 objecta.

361 1737 519 1789 ARTICULUS
533 1737 572 1787 tv.
655 1781 658 1784 .

214 1853 302 1898 Uir-sim
311 1852 379 1898 dorso
384 1854 467 1909 sectus
474 1852 552 1908 fuerit
561 1853 588 1896 in
595 1852 717 1910 paradiso.

97 1972 126 2022 dd
139 1973 249 2038 quartum
264 1969 298 2022 sic
308 1969 550 2036 pmceditur.vidctur
560 1969 620 2034 quod
631 1971 699 2020 homo
709 1967 783 2018 sactus
798 1967 868 2017 tuerit

66 2040 88 2091 hl
100 2044 215 2108 paradiso.
226 2043 328 2106 Angelus
336 2041 398 2092 cuim
408 2043 434 2093 iu
443 2043 492 2093 toco
503 2055 549 2092 sue
559 2040 706 2091 habitationis
715 2042 804 2090 creatus
813 2038 866 2102 tuit,
888 2033 895 2064 ‘
983 2027 984 2074 i

65 2113 149 2171 scilicet
164 2114 191 2168 iu
207 2113 266 2166 coelo
280 2126 398 2180 empyreo.
413 2113 457 2164 Sed
475 2112 593 2177 paradisus
613 2111 657 2161 tuit
670 2111 734 2161 locus
754 2123 868 2176 congruus

98 2259 128 2336 it]
146 2262 188 2318 Qut
202 2273 272 2308 uerus
285 2266 322 2306 est
334 2261 414 2318 otique
429 2271 456 2305 so
468 2261 584 2318 legitimus
601 2261 646 2306 toci
662 2269 756 2316 sensus,
775 2259 800 2302 ut
811 2267 868 2314 ope·

66 2337 109 2370 ran
121 2325 259 2372 Paradisum
275 2324 364 2369 dicatur
378 2336 406 2369 co
421 2323 489 2368 modo
503 2335 549 2380 quo
563 2323 645 2383 suprd,
662 2335 723 2368 vers.
739 2319 766 2380 5,
782 2320 868 2365 ibidem

67 2389 212 2444 missum
224 2392 278 2433 est:
293 2387 350 2434 Nos
364 2391 417 2432 sset
429 2387 499 2430 domo
515 2387 559 2443 qus·
570 2390 714 2444 operaretur
726 2388 830 2436 servom
846 2381 868 2426 td

69 2457 115 2509 cst,
127 2451 168 2508 qut
179 2463 234 2496 sem
245 2450 372 2495 excoleret,
385 2449 451 2495 Unde
466 2448 619 2507 Ambrosius,
634 2449 676 2494 tib.
691 2449 726 2493 De
737 2446 867 2494 Porods'so,

67 2523 118 2570 cap.
137 2513 167 2572 t,
184 2513 209 2558 id
229 2513 258 2558 ed
273 2512 385 2558 moralem
401 2524 494 2557 sessum
517 2511 693 2556 accommodans
708 2528 714 2554 :
730 2510 785 2557 Nos
804 2507 869 2552 s'dsm

67 2572 159 2637 (iuquit)
169 2577 272 2635 operm
286 2580 308 2620 et
315 2575 448 2628 cosmedim
463 2575 492 2618 s'o
503 2585 573 2631 opere
583 2575 648 2619 euim
659 2573 757 2630 quidum
767 2571 868 2615 virtutis

66 2651 192 2694 processus
203 2643 251 2691 est,·
265 2640 295 2683 iss
309 2637 420 2682 custodio
429 2635 538 2694 quodam
548 2637 629 2693 operis
642 2634 814 2680 consummatio
828 2631 868 2675 ds-

66 2701 231 2757 prsdsssds'tssr
241 2712 270 2747 eo
278 2699 342 2758 qued
353 2701 424 2757 qssoss'
438 2702 602 2743 consummato
615 2697 747 2748 custodian
762 2707 788 2739 ac
799 2692 868 2749 poulo

70 2763 127 2808 iuird
142 2777 171 2809 ex
181 2764 279 2810 Philone
296 2762 376 2810 sudem
392 2762 415 2806 id
425 2761 530 2807 reterens
541 2776 546 2803 :
559 2759 590 2804 Et
606 2762 715 2818 quemuis
732 2755 868 2803 Paradisum

70 2826 180 2883 operibus
194 2822 297 2888 (iuquit)
311 2824 440 2871 ruralibus
453 2825 603 2879 occoeperat,
616 2828 694 2868 tuomst
703 2817 868 2885 poioprimtts

70 2888 137 2935 dorso
153 2889 194 2936 tas·
206 2889 359 2950 posteritatis
371 2889 474 2948 [steros
487 2887 555 2935 eras,
566 2884 621 2931 s'deo
635 2884 739 2943 iepttims‘
753 2880 825 2925 essem
838 2886 867 2918 so
