1984 3309
197 202 230 241 na
242 198 300 239 rnna
315 197 370 238 nro
382 194 489 239 mnae
504 197 688 237 ramossimis.
797 190 843 239 ott

39 288 64 336 in
78 282 149 336 neiis
162 278 267 346 procedit
277 276 292 327 i
303 277 408 338 otrente,
423 279 447 329 et
459 288 524 326 emor
536 276 565 325 elo
579 279 683 340 atroque.
695 278 739 328 Sed
748 279 795 328 nee
808 279 844 329 in

39 358 131 409 ventur
143 356 169 405 in
179 352 248 405 nobis
257 348 381 402 ammeio
391 350 550 415 moimmqne
561 348 684 413 objectum.
692 351 752 415 Ergo
763 364 844 401 secon-

40 429 92 480 rim
109 427 272 493 quodcumque
285 423 399 488 objectum
412 422 528 473 invenitor
548 420 574 472 in
587 425 663 473 mente
679 427 756 474 nostra
767 423 844 488 imago

39 502 124 553 dirime
139 496 270 549 Trmitatis.

70 578 95 625 Ξ.
109 575 247 633 praterea,
261 567 401 633 Augustinus
417 565 472 617 ‹lieit
482 566 508 616 in
517 568 567 617 llll.
579 568 615 617 De
630 566 722 617 Trinit.
738 568 797 632 (cap,
810 568 832 631 t)
836 605 844 631 ,

40 646 101 712 qnid
111 664 126 696 rr
137 643 191 695 eirm
202 640 326 707 querimus
333 639 359 689 in
367 639 443 689 anime
454 637 588 689 Trinitatem
598 676 606 701 ,
615 637 642 688 in
654 641 701 688 mla
713 640 845 701 quonimus,

40 724 61 770 et
73 732 121 770 non
133 719 269 781 separantes
283 710 397 763 astionem
407 710 542 761 rationalem
555 709 581 759 in
591 709 754 773 temporalibus
767 709 781 759 i
792 721 846 760 con·

40 789 189 855 temptatione
214 790 360 837 eternorum.
386 784 445 845 Tege
467 782 537 833 etiem
562 779 686 831 secondtmr
710 782 844 845 temporalia

41 864 128 929 olrjema
138 859 260 911 invenitor
269 858 346 921 imago
357 854 477 905 Trinitatis
490 853 515 903 to
528 852 614 903 anima.

73 940 97 983 e.
115 934 245 995 praterea,
260 930 320 993 qood
336 928 407 977 Teum
418 924 571 988 inteltigamns
580 927 604 974 et
614 936 728 987 amemm,
740 926 848 977 convenit

42 1004 108 1055 neiis
117 1000 246 1055 serendim
261 999 338 1064 graia
348 998 439 1047 donam.
450 995 475 1045 Si
487 994 557 1059 igitur
565 992 690 1045 semotim
702 995 845 1057 memoriam,

45 1072 218 1139 intelligentiam
232 1074 257 1121 el
268 1071 419 1132 veluntatem,
437 1080 478 1118 sen
492 1066 639 1117 ellectionem
657 1064 699 1114 liei
717 1067 847 1117 attendatur

44 1148 117 1211 imago
135 1143 259 1197 Trinitatis
278 1142 302 1198 in
321 1141 411 1201 anima,
424 1152 471 1189 oon
487 1137 532 1188 erit
553 1137 627 1201 image
647 1136 693 1187 Dei
705 1137 731 1187 in
753 1138 845 1189 tremine

45 1218 170 1270 seennrlirm
184 1218 307 1277 nonnam,
320 1213 360 1263 sed
376 1209 500 1263 seenndim
519 1209 621 1273 gratiam.
641 1208 672 1258 lit
690 1209 724 1259 sie
742 1223 789 1261 non
804 1209 848 1260 erit

45 1292 149 1342 omnibns
163 1286 301 1339 eommunis.
592 1311 595 1316 <

71 1368 97 1413 t.
116 1364 248 1421 Prmterea,
269 1356 342 1410 serm
361 1356 401 1420 qni
421 1360 474 1407 sont
493 1355 519 1405 ia
536 1353 625 1419 patrie,
639 1352 740 1403 maxime
758 1352 848 1403 eonfor-

46 1439 135 1486 mantnt
145 1431 246 1496 imagini
252 1430 297 1481 Dei
306 1427 428 1480 seenniim
437 1426 515 1491 glorie
523 1426 647 1487 risionem3
656 1425 716 1474 enee
725 1423 845 1474 dieiturll.

45 1511 114 1571 Cor„
129 1506 162 1557 lll
172 1519 178 1555 :
188 1520 205 1552 rr
215 1504 242 1553 ln
256 1502 360 1554 sennem
375 1500 497 1563 imaginem
515 1497 705 1548 transformamur
721 1495 847 1546 ielrritate

32 1582 67 1630 ·in
80 1578 223 1629 claritatem.
238 1590 252 1623 a
266 1574 310 1625 Sed
322 1571 445 1623 secundino
459 1571 572 1621 visionem
582 1568 659 1632 glorie
667 1566 800 1632 temporalia
809 1580 850 1617 eo·

45 1651 196 1714 gnosenntnr.
208 1648 268 1711 Ergo
278 1645 348 1697 etiem
359 1658 401 1709 per
413 1641 606 1708 temperationem
615 1640 644 1690 ml
653 1639 794 1706 moeniis,
808 1639 851 1689 liei

45 1724 120 1787 imago
134 1718 263 1773 attenditur
275 1718 298 1767 in
313 1716 387 1767 nobis.

74 1795 122 1847 sed
135 1796 219 1845 eontra
239 1792 289 1855 est,
304 1790 365 1855 quoe
383 1788 438 1838 dioit
454 1785 671 1851 ‘Angustinoslllt
693 1786 730 1833 De
747 1784 851 1843 Trinit„

47 1867 106 1930 qnid
117 1883 131 1913 ι(
139 1878 189 1916 nen
197 1865 318 1928 propterea
326 1864 361 1911 est
369 1858 411 1909 Dei
418 1858 493 1921 imago
502 1858 527 1907 in
536 1859 619 1921 mente,
629 1857 683 1919 qnia
690 1855 727 1906 sni
737 1853 850 1918 meminit,

46 1944 67 1989 rt
78 1938 172 2002 diligit,
187 1940 211 1987 et
231 1931 339 1997 intelligit
351 1944 393 1995 se3
406 1932 446 1981 sed
460 1930 513 1997 quin
530 1932 604 1994 potest
616 1928 687 1979 etiam
696 1925 850 1986 meminisse,

46 2010 173 2073 intelligere
183 2012 207 2058 et
215 2019 293 2057 amare
307 2006 379 2055 Denm
390 2002 457 2067 ique
468 2002 529 2052 laete
540 2005 584 2051 est.
594 2017 608 2049 a
618 2000 688 2051 liutto
697 1998 766 2061 igiter
774 1997 850 2047 minas

46 2081 173 2134 seeundim
183 2079 229 2130 alia
238 2078 330 2142 olrjeote
340 2075 463 2125 attenditor
477 2074 552 2137 imego
562 2072 607 2123 Dei
619 2073 644 2122 in
657 2073 742 2121 mente.

77 2156 243 2220 (monnesio.
258 2146 379 2199 -rinime
397 2144 513 2197 rationalis
533 2149 568 2195 ert
586 2145 615 2194 erl
632 2141 754 2205 imaginem
771 2140 813 2190 llei
829 2143 854 2191 et

47 2227 135 2277 Divina
148 2222 272 2274 Trinitatis
286 2218 412 2271 seonndirm
424 2218 484 2282 qnod
498 2218 582 2278 tortor,
596 2215 634 2265 rel
646 2216 699 2263 nate
712 2215 745 2263 est
760 2210 815 2261 terri
828 2210 853 2261 in

47 2301 119 2349 Deum
136 2294 222 2347 notitin
238 2297 261 2345 et
274 2291 376 2352 emeret
507 2304 511 2308 ’

78 2367 219 2433 Respondeo
237 2364 371 2426 liconiam,
387 2360 538 2425 quintilem
556 2373 623 2425 sopra
640 2358 724 2409 motum
737 2359 788 2417 est,
800 2360 853 2405 na

50 2445 72 2491 et
83 2440 115 2505 l)
122 2478 132 2504 ,
147 2438 227 2501 imago
240 2436 351 2499 importat
365 2432 537 2483 similitudinem
550 2436 677 2497 ulnamque
685 2429 852 2495 pertingentem

51 2515 77 2563 ad
87 2512 175 2578 speciei
184 2506 421 2575 repraesentationem.
432 2506 495 2556 ttrite
509 2507 598 2568 oportet
610 2502 671 2565 qrrod
680 2502 757 2565 image
769 2500 853 2551 divine

52 2584 168 2635 Trinitatis
183 2580 317 2633 attondetur
326 2579 352 2628 in
365 2578 454 2641 anima,
466 2574 589 2629 secondim
600 2575 684 2638 eliquit
696 2574 758 2637 quoti
770 2584 855 2635 repre·

54 2662 125 2707 santet
139 2654 231 2706 divinas
247 2664 356 2717 personas
370 2649 569 2715 representatione
590 2647 674 2710 speciei
685 2644 732 2711 (l),
747 2645 805 2695 sient
818 2647 855 2693 est

54 2728 159 2791 pannio
172 2729 296 2777 ereatura.
316 2722 488 2786 llistingnuntur
503 2725 580 2770 antem
595 2719 679 2769 (lirina
697 2730 817 2782 persona,
829 2716 856 2761 ut

87 2884 119 2946 (i)
133 2887 186 2932 lien
199 2882 295 2941 proprio
310 2884 334 2925 et
344 2879 424 2925 strieto
434 2888 516 2935 sense,
531 2873 572 2921 aar
584 2875 661 2921 latiori
673 2871 855 2932 signitleetiooer

60 2955 125 3011 prout
142 2948 235 3008 speeies
257 2944 281 2990 io
299 2943 408 3001 importat
425 2940 487 2999 queo
505 2938 535 2985 ed
554 2938 742 2985 eonstltntionem
760 2930 856 2986 alienior
