1984 3309
127 174 142 219 o
334 176 394 215 uuus
407 174 426 225 r,
439 174 532 221 cum.
545 174 603 224 cxv,
616 172 672 213 err.
687 174 713 213 ιι.

127 257 222 319 singula
237 258 312 319 partes
325 256 378 303 sunt
390 253 481 317 pmpter
489 262 544 300 suos
553 252 630 312 actus,
643 249 703 301 sicut
716 252 796 303 oculus
806 254 835 303 ad
844 255 928 307 ridea-

128 328 196 390 dum;
209 324 308 377 secundo
321 322 388 384 verb,
406 321 465 385 qubd
479 334 532 385 pars
544 320 663 384 ignobilior
674 326 712 373 est
723 327 814 389 propter
826 326 926 379 nobilio-

127 412 187 457 rem,
202 398 260 449 sicut
274 409 355 447 seusus
367 396 457 459 propter
471 393 624 455 intellectum,
635 397 660 445 et
674 393 751 458 pulmo
763 400 854 460 propter
868 411 924 463 oor;

125 470 193 521 tertio
202 468 255 519 verb
265 481 345 519 omnes
354 470 428 531 partes
438 468 490 515 sunt
499 467 590 529 pmpter
599 464 761 529 perfectionem
769 468 839 519 totius
848 507 855 531 ,
865 471 929 523 sicut

128 545 152 593 et
170 541 264 593 materia
280 542 370 605 pmpler
385 537 496 588 lormam:
515 540 591 601 partes
602 534 662 587 euiur
680 541 734 589 suut
749 540 814 602 quasi
829 544 927 594 materia

126 614 204 665 totius.
216 610 314 665 Ulterius
328 614 416 673 numm,
429 612 491 660 totus
503 608 571 659 homo
584 612 619 659 est
629 612 722 673 propter
736 610 835 674 aliquem
851 612 923 665 buum

126 686 292 745 extrinsecumq
311 680 365 750 puli
383 685 409 731 ul
428 680 516 731 iuratur
534 681 589 731 ileo.
604 679 643 731 Sic
654 678 722 745 iqitur
740 686 764 733 et
780 682 924 747 inpartibus

126 756 227 808 universi
238 767 378 819 unaqueque
391 756 491 805 creatura
501 756 536 802 est
546 756 637 817 propter
650 766 715 802 suum
724 753 839 817 proprium
850 761 929 809 nebim

127 833 151 879 et
170 828 342 893 perfectionem.
357 824 461 877 Secuudb
480 828 569 888 autem,
584 828 691 877 creature
709 825 853 890 ignobiliores
869 836 929 881 suut

127 906 217 966 propter
234 899 368 961 nobiliores,
384 898 442 949 sicut
456 901 564 947 creature
578 909 629 961 qua
646 900 699 947 sunt
716 896 774 947 iutra
790 899 925 965 bominem,

128 975 181 1023 sunt
192 974 283 1035 propter
292 966 526 1021 bominemlllterilrs
537 970 627 1032 auteur,
642 972 714 1019 totum
725 968 858 1021 uniuersum
869 986 926 1026 conr

128 1044 223 1106 singulis
239 1043 286 1094 suis
302 1040 403 1107 partibus
420 1039 536 1091 ordinatur
550 1038 573 1089 in
586 1040 671 1101 ilerum,
687 1040 747 1090 sieut
762 1041 787 1091 in
801 1040 883 1104 idemq
899 1043 926 1097 in

127 1119 235 1180 quantum
245 1114 269 1165 in
277 1114 311 1165 eis
320 1128 360 1179 per
370 1113 489 1177 quamdam
498 1110 647 1162 imitationem
657 1109 925 1176 diuinabonitasrcprac-

127 1192 227 1239 sectatur
240 1188 268 1239 ad
281 1186 373 1251 gloriam
388 1184 436 1235 Ilei.
452 1184 562 1243 Quamuis
575 1187 681 1234 creatura
693 1183 813 1235 rationales
827 1185 926 1249 speciali

127 1260 223 1325 quodam
237 1259 302 1311 modo
315 1270 383 1320 supra
395 1259 437 1306 boc
450 1255 548 1305 babeant
564 1255 631 1305 lunen
644 1257 725 1316 ileum,
733 1268 799 1319 quem
812 1255 926 1320 attingere

127 1335 223 1395 possunt
236 1344 277 1381 sua
293 1328 423 1394 operatione
437 1326 594 1391 cognoscendo
606 1330 630 1377 et
642 1327 746 1377 amando.
765 1327 801 1377 et·
811 1328 844 1377 sic
856 1331 925 1390 patet

127 1402 187 1467 qubd
198 1402 275 1453 divina
286 1400 374 1451 bonitas
386 1403 421 1449 est
434 1398 485 1449 buis
499 1398 599 1449 omnium
612 1398 769 1463 corporalium.

158 1476 192 1525 ud
203 1476 299 1541 primum
311 1472 511 1537 erqodicendum,
523 1470 583 1533 quod
593 1470 617 1521 iu
628 1472 672 1521 bon
685 1470 735 1535 ipso
747 1469 807 1534 qubd
820 1473 926 1523 meatuua

126 1546 200 1611 aliqua
210 1548 278 1597 babel
285 1559 343 1601 esse,
355 1545 501 1608 repraesentat
518 1542 619 1593 (livinum
630 1557 681 1593 ecce
692 1546 717 1593 et
726 1542 849 1593 bonitatam
860 1542 923 1604 ejus.

126 1620 156 1669 lit
168 1618 219 1671 idco
234 1632 273 1683 per
282 1619 325 1668 boc
336 1614 396 1680 quod
405 1617 465 1667 lleirs
474 1612 560 1665 creauit
570 1613 646 1665 onmia
654 1618 680 1663 ut
691 1619 778 1676 essem,
791 1626 837 1664 non
845 1616 927 1666 exclu-

125 1688 184 1741 ditur
197 1690 253 1753 quin
263 1687 373 1740 creauerit
383 1689 460 1737 omnia
472 1689 563 1751 propter
577 1699 641 1735 suram
653 1684 786 1736 bonitatem.

157 1761 191 1812 bd
206 1761 330 1812 secundum
344 1760 478 1819 dicendum,
490 1757 551 1822 qubd
564 1757 617 1808 linis
629 1757 746 1822 proximus
759 1770 805 1808 non
823 1757 927 1811 excludit

125 1832 194 1883 finem
203 1832 316 1883 ultimum.
330 1832 393 1883 Unde
402 1844 442 1895 per
451 1832 494 1881 hoc
504 1828 564 1893 qubd
574 1834 676 1881 creatum
685 1830 806 1893 corporalis
817 1829 876 1879 laeta
886 1837 927 1883 est

125 1904 289 1967 quodammodo
299 1907 393 1968 propter
404 1901 557 1967 spiritualem,
567 1914 614 1952 nou
625 1903 752 1951 remoretur
759 1900 815 1965 quin
825 1900 855 1951 sit
863 1899 928 1957 iacta

127 1980 218 2039 pmptcr
233 1975 274 2027 llei
287 1973 419 2025 bonitatem.

160 2048 192 2097 ed
207 2047 298 2099 tertium
309 2046 441 2107 dicendum,
456 2044 516 2109 qubd
531 2045 648 2109 equalitas
660 2044 757 2109 justitio
769 2043 844 2095 locum
853 2045 926 2098 babet

127 2117 151 2169 in
162 2117 481 2181 retribueud03justumenin1
496 2121 532 2167 cst
545 2115 605 2182 quod
616 2116 740 2180 equalibus
751 2116 846 2179 nequalia
856 2120 925 2169 retri-

128 2190 233 2240 buantur.
242 2191 292 2241 Non
310 2192 385 2239 aulem
397 2188 465 2239 babet
477 2188 552 2239 locum
564 2188 590 2238 iu
600 2189 671 2253 prima
681 2201 757 2237 rerum
769 2186 921 2242 institutione.

128 2260 191 2311 Sicut
204 2261 263 2311 cuim
277 2260 357 2310 artilex
366 2260 466 2324 ejusdem
478 2261 568 2324 generis
578 2260 664 2325 lapides
673 2258 698 2309 iu
711 2258 809 2310 diuersis
817 2260 923 2323 partibus

128 2332 218 2383 editicii
232 2331 296 2396 pouit
312 2332 395 2395 absque
412 2331 538 2397 injustitia,
554 2346 600 2383 nou
612 2335 702 2396 propter
715 2330 813 2393 aliquam
826 2329 924 2383 diversi-

127 2406 196 2454 tutem
207 2403 232 2453 in
244 2401 355 2467 lapidibus
364 2404 536 2466 praecedentem,
546 2404 587 2454 sed
597 2404 715 2455 attendens
723 2401 752 2453 ad
760 2403 923 2467 perlectionem

125 2477 195 2526 totius
204 2475 306 2537 aedilicii,
317 2488 366 2541 quae
376 2488 422 2525 non
435 2480 510 2538 esset,
520 2477 565 2528 nisi
573 2477 660 2541 lapides
671 2474 822 2527 diversimode
832 2475 858 2525 in
866 2478 925 2527 mdi-

128 2546 180 2597 licio
194 2547 371 2604 collocarenturs
385 2546 418 2597 sic
431 2552 454 2597 et
466 2549 525 2598 [leus
538 2547 553 2597 d
565 2547 691 2612 principio,
704 2550 731 2598 ut
741 2551 802 2599 esset
813 2546 924 2611 perfectio

127 2616 153 2669 iu
167 2619 282 2680 uniuerso,
291 2620 391 2669 diuersas
399 2622 423 2669 et
431 2617 555 2682 inequales
564 2623 677 2671 creaturas
688 2618 787 2670 instituit
795 2618 923 2669 secuudbm

127 2703 191 2739 suam
206 2690 353 2754 sapientiam,
366 2690 449 2754 absque
459 2691 586 2757 injustitia,
599 2690 660 2742 nulld
670 2695 745 2742 tanuen
759 2692 926 2756 praesupposild

127 2760 259 2814 meritorum
273 2761 414 2815 diuersitate.
