<?xml version="1.0" encoding="UTF-8"?>
<!DOCTYPE html PUBLIC "-//W3C//DTD XHTML 1.0 Transitional//EN"
    "http://www.w3.org/TR/xhtml1/DTD/xhtml1-transitional.dtd">
<html xmlns="http://www.w3.org/1999/xhtml" xml:lang="en" lang="en">
 <head>
  <title>
</title>
<meta http-equiv="Content-Type" content="text/html;charset=utf-8" />
  <meta name='ocr-system' content='tesseract 3.04.00' />
  <meta name='ocr-capabilities' content='ocr_page ocr_carea ocr_par ocr_line ocrx_word'/>
</head>
<body>
  <div class='ocr_page' id='page_1' title='image "./summatheologica00nicogoog_0655.png"; bbox 0 0 1984 3309; ppageno 0'>
   <div class='ocr_carea' id='block_1_1' title="bbox 961 7 970 169">
    <p class='ocr_par' dir='ltr' id='par_1_1' title="bbox 961 7 970 169">
     <span class='ocr_line' id='line_1_1' title="bbox 961 7 970 169; baseline 0 0"><span class='ocrx_word' id='word_1_1' title='bbox 961 7 970 169; x_wconf 78' lang='lat' dir='ltr'>i</span> 
     </span>
    </p>
   </div>
   <div class='ocr_carea' id='block_1_2' title="bbox 155 189 804 243">
    <p class='ocr_par' dir='ltr' id='par_1_2' title="bbox 155 189 804 243">
     <span class='ocr_line' id='line_1_2' title="bbox 155 189 804 243; baseline -0.009 -7"><span class='ocrx_word' id='word_1_2' title='bbox 155 191 201 238; x_wconf 80' lang='lat' dir='ltr'>ote</span> <span class='ocrx_word' id='word_1_3' title='bbox 308 195 382 236; x_wconf 72' lang='lat' dir='ltr'>rerer</span> <span class='ocrx_word' id='word_1_4' title='bbox 397 193 529 243; x_wconf 66' lang='lat' dir='ltr'>cremon,</span> <span class='ocrx_word' id='word_1_5' title='bbox 544 190 637 239; x_wconf 74' lang='lat' dir='ltr'>coner.</span> <span class='ocrx_word' id='word_1_6' title='bbox 656 193 678 241; x_wconf 87' lang='lat'>1,</span> <span class='ocrx_word' id='word_1_7' title='bbox 696 189 753 230; x_wconf 78' lang='lat' dir='ltr'>eur.</span> <span class='ocrx_word' id='word_1_8' title='bbox 772 191 804 232; x_wconf 78' lang='lat' dir='ltr'>rs.</span> 
     </span>
    </p>
   </div>
   <div class='ocr_carea' id='block_1_3' title="bbox 67 265 974 2988">
    <p class='ocr_par' dir='ltr' id='par_1_3' title="bbox 67 265 974 2988">
     <span class='ocr_line' id='line_1_3' title="bbox 156 265 941 337; baseline -0.013 -13"><span class='ocrx_word' id='word_1_9' title='bbox 156 295 169 324; x_wconf 81' lang='lat' dir='ltr'>u</span> <span class='ocrx_word' id='word_1_10' title='bbox 181 288 226 326; x_wconf 92' lang='lat' dir='ltr'>nou</span> <span class='ocrx_word' id='word_1_11' title='bbox 239 279 275 324; x_wconf 88' lang='lat' dir='ltr'>est</span> <span class='ocrx_word' id='word_1_12' title='bbox 287 273 395 337; x_wconf 82' lang='lat' dir='ltr'>possibile</span> <span class='ocrx_word' id='word_1_13' title='bbox 415 273 439 321; x_wconf 91' lang='lat' dir='ltr'>iu</span> <span class='ocrx_word' id='word_1_14' title='bbox 453 269 529 320; x_wconf 88' lang='lat' dir='ltr'>censis</span> <span class='ocrx_word' id='word_1_15' title='bbox 544 269 690 320; x_wconf 78' lang='lat' dir='ltr'>moventibus</span> <span class='ocrx_word' id='word_1_16' title='bbox 709 271 832 334; x_wconf 74' lang='lat' dir='ltr'>procedere</span> <span class='ocrx_word' id='word_1_17' title='bbox 843 267 868 318; x_wconf 90' lang='lat' dir='ltr'>in</span> <span class='ocrx_word' id='word_1_18' title='bbox 877 265 941 318; x_wconf 81' lang='lat' dir='ltr'>iniu-</span> 
     </span>
     <span class='ocr_line' id='line_1_4' title="bbox 155 341 943 410; baseline -0.015 -10"><span class='ocrx_word' id='word_1_19' title='bbox 155 353 218 408; x_wconf 81' lang='lat' dir='ltr'>tnm;</span> <span class='ocrx_word' id='word_1_20' title='bbox 228 364 242 394; x_wconf 82' lang='lat' dir='ltr'>n</span> <span class='ocrx_word' id='word_1_21' title='bbox 252 347 306 410; x_wconf 85' lang='lat' dir='ltr'>quie</span> <span class='ocrx_word' id='word_1_22' title='bbox 316 359 362 395; x_wconf 89' lang='lat' dir='ltr'>nou</span> <span class='ocrx_word' id='word_1_23' title='bbox 372 349 434 395; x_wconf 87' lang='lat' dir='ltr'>esset</span> <span class='ocrx_word' id='word_1_24' title='bbox 446 341 546 408; x_wconf 89' lang='lat' dir='ltr'>primunr</span> <span class='ocrx_word' id='word_1_25' title='bbox 556 353 665 403; x_wconf 85' lang='lat' dir='ltr'>morene,</span> <span class='ocrx_word' id='word_1_26' title='bbox 675 354 721 405; x_wconf 86' lang='lat' dir='ltr'>qno</span> <span class='ocrx_word' id='word_1_27' title='bbox 732 341 846 393; x_wconf 75' lang='lat' dir='ltr'>subnecto</span> <span class='ocrx_word' id='word_1_28' title='bbox 857 341 898 392; x_wconf 81' lang='lat' dir='ltr'>elie</span> <span class='ocrx_word' id='word_1_29' title='bbox 905 353 943 389; x_wconf 78' lang='lat' dir='ltr'>un</span> 
     </span>
     <span class='ocr_line' id='line_1_5' title="bbox 155 411 944 482; baseline -0.01 -14"><span class='ocrx_word' id='word_1_30' title='bbox 155 433 209 472; x_wconf 83' lang='lat' dir='ltr'>rere</span> <span class='ocrx_word' id='word_1_31' title='bbox 227 431 275 468; x_wconf 90' lang='lat' dir='ltr'>uon</span> <span class='ocrx_word' id='word_1_32' title='bbox 289 419 398 482; x_wconf 77' lang='lat' dir='ltr'><strong>possunt,</strong></span> <span class='ocrx_word' id='word_1_33' title='bbox 416 413 468 466; x_wconf 82' lang='lat' dir='ltr'>odiu</span> <span class='ocrx_word' id='word_1_34' title='bbox 480 428 528 464; x_wconf 89' lang='lat' dir='ltr'>non</span> <span class='ocrx_word' id='word_1_35' title='bbox 541 416 649 464; x_wconf 66' lang='lat' dir='ltr'>morunt</span> <span class='ocrx_word' id='word_1_36' title='bbox 660 412 707 464; x_wconf 88' lang='lat' dir='ltr'>nisi</span> <span class='ocrx_word' id='word_1_37' title='bbox 716 426 761 476; x_wconf 88' lang='lat' dir='ltr'>per</span> <span class='ocrx_word' id='word_1_38' title='bbox 778 415 823 466; x_wconf 87' lang='lat' dir='ltr'>troc</span> <span class='ocrx_word' id='word_1_39' title='bbox 837 411 895 478; x_wconf 77' lang='lat' dir='ltr'>qnod</span> <span class='ocrx_word' id='word_1_40' title='bbox 907 426 944 460; x_wconf 78' lang='lat' dir='ltr'>uro</span> 
     </span>
     <span class='ocr_line' id='line_1_6' title="bbox 154 484 945 553; baseline -0.01 -15"><span class='ocrx_word' id='word_1_41' title='bbox 154 494 235 541; x_wconf 88' lang='lat' dir='ltr'>ventur</span> <span class='ocrx_word' id='word_1_42' title='bbox 249 489 263 540; x_wconf 82' lang='lat' dir='ltr'>i</span> <span class='ocrx_word' id='word_1_43' title='bbox 275 489 348 553; x_wconf 90' lang='lat' dir='ltr'>priurc</span> <span class='ocrx_word' id='word_1_44' title='bbox 365 490 482 538; x_wconf 84' lang='lat' dir='ltr'>mouente.</span> <span class='ocrx_word' id='word_1_45' title='bbox 505 486 532 535; x_wconf 90' lang='lat' dir='ltr'>ln</span> <span class='ocrx_word' id='word_1_46' title='bbox 550 485 633 536; x_wconf 84' lang='lat' dir='ltr'>tinibus</span> <span class='ocrx_word' id='word_1_47' title='bbox 650 488 728 536; x_wconf 83' lang='lat' dir='ltr'>notem</span> <span class='ocrx_word' id='word_1_48' title='bbox 742 485 861 536; x_wconf 87' lang='lat' dir='ltr'>invenitor</span> <span class='ocrx_word' id='word_1_49' title='bbox 876 484 945 548; x_wconf 77' lang='lat' dir='ltr'>duplex</span> 
     </span>
     <span class='ocr_line' id='line_1_7' title="bbox 154 554 945 624; baseline -0.013 -10"><span class='ocrx_word' id='word_1_50' title='bbox 154 563 222 624; x_wconf 82' lang='lat' dir='ltr'>ordo,</span> <span class='ocrx_word' id='word_1_51' title='bbox 240 554 413 611; x_wconf 77' lang='lat' dir='ltr'>scincet-ordo</span> <span class='ocrx_word' id='word_1_52' title='bbox 429 558 613 608; x_wconf 62' lang='lat' dir='ltr'>intersereret</span> <span class='ocrx_word' id='word_1_53' title='bbox 628 556 694 606; x_wconf 83' lang='lat' dir='ltr'>ordo</span> <span class='ocrx_word' id='word_1_54' title='bbox 709 558 880 621; x_wconf 70' lang='lat' dir='ltr'>eeecutioue‘e5</span> <span class='ocrx_word' id='word_1_55' title='bbox 892 561 913 606; x_wconf 87' lang='lat' dir='ltr'>et</span> <span class='ocrx_word' id='word_1_56' title='bbox 928 557 945 604; x_wconf 89' lang='lat' dir='ltr'>in</span> 
     </span>
     <span class='ocr_line' id='line_1_8' title="bbox 156 627 946 697; baseline -0.01 -13"><span class='ocrx_word' id='word_1_57' title='bbox 156 637 251 697; x_wconf 66' lang='lat' dir='ltr'>nimpe</span> <span class='ocrx_word' id='word_1_58' title='bbox 265 631 344 684; x_wconf 84' lang='lat' dir='ltr'>ordine</span> <span class='ocrx_word' id='word_1_59' title='bbox 361 634 451 695; x_wconf 77' lang='lat' dir='ltr'>oportet</span> <span class='ocrx_word' id='word_1_60' title='bbox 461 642 514 680; x_wconf 85' lang='lat' dir='ltr'>esse</span> <span class='ocrx_word' id='word_1_61' title='bbox 526 628 612 693; x_wconf 79' lang='lat' dir='ltr'>aliquid</span> <span class='ocrx_word' id='word_1_62' title='bbox 625 627 733 693; x_wconf 74' lang='lat' dir='ltr'>pineum.</span> <span class='ocrx_word' id='word_1_63' title='bbox 747 631 773 680; x_wconf 87' lang='lat' dir='ltr'>id</span> <span class='ocrx_word' id='word_1_64' title='bbox 782 629 846 681; x_wconf 82' lang='lat' dir='ltr'>eninr</span> <span class='ocrx_word' id='word_1_65' title='bbox 856 629 911 695; x_wconf 79' lang='lat' dir='ltr'>quod</span> <span class='ocrx_word' id='word_1_66' title='bbox 922 631 946 676; x_wconf 85' lang='lat' dir='ltr'>est</span> 
     </span>
     <span class='ocr_line' id='line_1_9' title="bbox 156 699 945 770; baseline -0.011 -14"><span class='ocrx_word' id='word_1_67' title='bbox 156 705 254 770; x_wconf 86' lang='lat' dir='ltr'>primum</span> <span class='ocrx_word' id='word_1_68' title='bbox 274 704 298 753; x_wconf 91' lang='lat' dir='ltr'>iu</span> <span class='ocrx_word' id='word_1_69' title='bbox 316 702 397 754; x_wconf 86' lang='lat' dir='ltr'>ordine</span> <span class='ocrx_word' id='word_1_70' title='bbox 413 699 563 762; x_wconf 87' lang='lat' dir='ltr'>intentionis,</span> <span class='ocrx_word' id='word_1_71' title='bbox 578 704 615 751; x_wconf 87' lang='lat' dir='ltr'>est</span> <span class='ocrx_word' id='word_1_72' title='bbox 628 699 694 764; x_wconf 82' lang='lat' dir='ltr'>qnasi</span> <span class='ocrx_word' id='word_1_73' title='bbox 708 701 854 766; x_wconf 84' lang='lat' dir='ltr'>principium</span> <span class='ocrx_word' id='word_1_74' title='bbox 870 713 945 752; x_wconf 75' lang='lat' dir='ltr'>morus</span> 
     </span>
     <span class='ocr_line' id='line_1_10' title="bbox 157 771 946 841; baseline -0.011 -14"><span class='ocrx_word' id='word_1_75' title='bbox 157 777 300 841; x_wconf 77' lang='lat' dir='ltr'>appetitum:</span> <span class='ocrx_word' id='word_1_76' title='bbox 316 775 376 825; x_wconf 89' lang='lat' dir='ltr'>unde</span> <span class='ocrx_word' id='word_1_77' title='bbox 387 773 505 824; x_wconf 73' lang='lat' dir='ltr'>subnecto</span> <span class='ocrx_word' id='word_1_78' title='bbox 517 772 639 836; x_wconf 82' lang='lat' dir='ltr'>principio,</span> <span class='ocrx_word' id='word_1_79' title='bbox 653 771 798 837; x_wconf 76' lang='lat' dir='ltr'>uppctitosd</span> <span class='ocrx_word' id='word_1_80' title='bbox 812 775 877 825; x_wconf 82' lang='lat' dir='ltr'>uuiio</span> <span class='ocrx_word' id='word_1_81' title='bbox 886 785 946 823; x_wconf 77' lang='lat' dir='ltr'>ruore</span> 
     </span>
     <span class='ocr_line' id='line_1_11' title="bbox 157 843 945 909; baseline -0.009 -11"><span class='ocrx_word' id='word_1_82' title='bbox 157 852 227 898; x_wconf 89' lang='lat' dir='ltr'>retur.</span> <span class='ocrx_word' id='word_1_83' title='bbox 242 849 267 899; x_wconf 92' lang='lat' dir='ltr'>ld</span> <span class='ocrx_word' id='word_1_84' title='bbox 280 850 358 899; x_wconf 84' lang='lat' dir='ltr'>auteur</span> <span class='ocrx_word' id='word_1_85' title='bbox 371 846 432 906; x_wconf 80' lang='lat' dir='ltr'>qnod</span> <span class='ocrx_word' id='word_1_86' title='bbox 448 848 483 895; x_wconf 89' lang='lat' dir='ltr'>est</span> <span class='ocrx_word' id='word_1_87' title='bbox 494 845 634 908; x_wconf 87' lang='lat' dir='ltr'>principium</span> <span class='ocrx_word' id='word_1_88' title='bbox 648 843 673 893; x_wconf 92' lang='lat' dir='ltr'>in</span> <span class='ocrx_word' id='word_1_89' title='bbox 687 845 841 909; x_wconf 70' lang='lat' dir='ltr'>executione,</span> <span class='ocrx_word' id='word_1_90' title='bbox 856 844 945 898; x_wconf 83' lang='lat' dir='ltr'>estund.</span> 
     </span>
     <span class='ocr_line' id='line_1_12' title="bbox 157 914 971 984; baseline -0.006 -14"><span class='ocrx_word' id='word_1_91' title='bbox 157 919 239 984; x_wconf 76' lang='lat' dir='ltr'>incipit</span> <span class='ocrx_word' id='word_1_92' title='bbox 255 918 357 983; x_wconf 79' lang='lat' dir='ltr'>operatio</span> <span class='ocrx_word' id='word_1_93' title='bbox 376 933 382 966; x_wconf 90' lang='lat'>:</span> <span class='ocrx_word' id='word_1_94' title='bbox 397 916 458 966; x_wconf 88' lang='lat' dir='ltr'>node</span> <span class='ocrx_word' id='word_1_95' title='bbox 474 915 521 966; x_wconf 89' lang='lat' dir='ltr'>isto</span> <span class='ocrx_word' id='word_1_96' title='bbox 535 914 647 980; x_wconf 88' lang='lat' dir='ltr'>principio</span> <span class='ocrx_word' id='word_1_97' title='bbox 660 915 793 980; x_wconf 66' lang='lat' dir='ltr'>subnecto,</span> <span class='ocrx_word' id='word_1_98' title='bbox 807 918 886 969; x_wconf 81' lang='lat' dir='ltr'>nudus</span> <span class='ocrx_word' id='word_1_99' title='bbox 900 916 946 966; x_wconf 84' lang='lat' dir='ltr'>inci-</span> <span class='ocrx_word' id='word_1_100' title='bbox 970 960 971 965; x_wconf 73' lang='grc'>,</span> 
     </span>
     <span class='ocr_line' id='line_1_13' title="bbox 159 987 971 1056; baseline -0.009 -15"><span class='ocrx_word' id='word_1_101' title='bbox 159 995 224 1056; x_wconf 85' lang='lat' dir='ltr'>peret</span> <span class='ocrx_word' id='word_1_102' title='bbox 233 989 318 1054; x_wconf 82' lang='lat' dir='ltr'>aliquid</span> <span class='ocrx_word' id='word_1_103' title='bbox 327 988 425 1053; x_wconf 88' lang='lat' dir='ltr'>opernri.</span> <span class='ocrx_word' id='word_1_104' title='bbox 436 987 577 1051; x_wconf 85' lang='lat' dir='ltr'>Principium</span> <span class='ocrx_word' id='word_1_105' title='bbox 587 990 665 1038; x_wconf 67' lang='lat' dir='ltr'>enom</span> <span class='ocrx_word' id='word_1_106' title='bbox 673 987 814 1040; x_wconf 80' lang='lat' dir='ltr'>intentionis</span> <span class='ocrx_word' id='word_1_107' title='bbox 824 995 864 1041; x_wconf 88' lang='lat' dir='ltr'>est</span> <span class='ocrx_word' id='word_1_108' title='bbox 872 990 946 1040; x_wconf 74' lang='lat' dir='ltr'>nitidus</span> <span class='ocrx_word' id='word_1_109' title='bbox 970 996 971 1001; x_wconf 50' lang='lat'>¹</span> 
     </span>
     <span class='ocr_line' id='line_1_14' title="bbox 160 1058 947 1126; baseline 0.004 -15"><span class='ocrx_word' id='word_1_110' title='bbox 160 1062 223 1126; x_wconf 83' lang='lat' dir='ltr'>tinis3</span> <span class='ocrx_word' id='word_1_111' title='bbox 239 1060 376 1126; x_wconf 87' lang='lat' dir='ltr'>principium</span> <span class='ocrx_word' id='word_1_112' title='bbox 395 1062 471 1109; x_wconf 62' lang='lat' dir='ltr'>anem</span> <span class='ocrx_word' id='word_1_113' title='bbox 486 1058 630 1110; x_wconf 79' lang='lat' dir='ltr'>executionis</span> <span class='ocrx_word' id='word_1_114' title='bbox 647 1062 684 1110; x_wconf 88' lang='lat' dir='ltr'>eet</span> <span class='ocrx_word' id='word_1_115' title='bbox 698 1060 800 1124; x_wconf 84' lang='lat' dir='ltr'>primum</span> <span class='ocrx_word' id='word_1_116' title='bbox 818 1075 899 1114; x_wconf 82' lang='lat' dir='ltr'>eorum</span> <span class='ocrx_word' id='word_1_117' title='bbox 913 1074 947 1124; x_wconf 85' lang='lat' dir='ltr'>quc</span> 
     </span>
     <span class='ocr_line' id='line_1_15' title="bbox 160 1130 948 1196; baseline -0.005 -14"><span class='ocrx_word' id='word_1_118' title='bbox 160 1138 212 1184; x_wconf 81' lang='lat' dir='ltr'>eruut</span> <span class='ocrx_word' id='word_1_119' title='bbox 228 1134 256 1182; x_wconf 86' lang='lat' dir='ltr'>ud</span> <span class='ocrx_word' id='word_1_120' title='bbox 274 1133 352 1182; x_wconf 85' lang='lat' dir='ltr'>finem.</span> <span class='ocrx_word' id='word_1_121' title='bbox 370 1130 409 1181; x_wconf 82' lang='lat' dir='ltr'>Sic</span> <span class='ocrx_word' id='word_1_122' title='bbox 423 1143 477 1194; x_wconf 72' lang='lat' dir='ltr'>crgo</span> <span class='ocrx_word' id='word_1_123' title='bbox 491 1144 522 1181; x_wconf 81' lang='lat' dir='ltr'>ex</span> <span class='ocrx_word' id='word_1_124' title='bbox 536 1134 617 1181; x_wconf 83' lang='lat' dir='ltr'>neutro</span> <span class='ocrx_word' id='word_1_125' title='bbox 627 1134 692 1194; x_wconf 88' lang='lat' dir='ltr'>perte</span> <span class='ocrx_word' id='word_1_126' title='bbox 701 1131 814 1196; x_wconf 79' lang='lat' dir='ltr'>possibile</span> <span class='ocrx_word' id='word_1_127' title='bbox 827 1135 898 1185; x_wconf 84' lang='lat' dir='ltr'>estin</span> <span class='ocrx_word' id='word_1_128' title='bbox 909 1131 948 1181; x_wconf 86' lang='lat' dir='ltr'>iui-</span> 
     </span>
     <span class='ocr_line' id='line_1_16' title="bbox 159 1201 949 1269; baseline -0.005 -15"><span class='ocrx_word' id='word_1_129' title='bbox 159 1204 232 1254; x_wconf 89' lang='lat' dir='ltr'>uitnm</span> <span class='ocrx_word' id='word_1_130' title='bbox 242 1204 373 1268; x_wconf 81' lang='lat' dir='ltr'>procedere,</span> <span class='ocrx_word' id='word_1_131' title='bbox 387 1202 441 1265; x_wconf 79' lang='lat' dir='ltr'>quie</span> <span class='ocrx_word' id='word_1_132' title='bbox 450 1201 471 1252; x_wconf 88' lang='lat' dir='ltr'>si</span> <span class='ocrx_word' id='word_1_133' title='bbox 480 1215 527 1252; x_wconf 87' lang='lat' dir='ltr'>non</span> <span class='ocrx_word' id='word_1_134' title='bbox 540 1205 604 1252; x_wconf 87' lang='lat' dir='ltr'>esset</span> <span class='ocrx_word' id='word_1_135' title='bbox 613 1201 706 1253; x_wconf 82' lang='lat' dir='ltr'>citimus</span> <span class='ocrx_word' id='word_1_136' title='bbox 722 1202 784 1265; x_wconf 81' lang='lat' dir='ltr'>onie,</span> <span class='ocrx_word' id='word_1_137' title='bbox 798 1204 861 1256; x_wconf 74' lang='lat' dir='ltr'>minii</span> <span class='ocrx_word' id='word_1_138' title='bbox 871 1209 949 1269; x_wconf 74' lang='lat' dir='ltr'>appete·</span> 
     </span>
     <span class='ocr_line' id='line_1_17' title="bbox 160 1272 973 1342; baseline -0.006 -16"><span class='ocrx_word' id='word_1_139' title='bbox 160 1280 236 1336; x_wconf 88' lang='lat' dir='ltr'>retur,</span> <span class='ocrx_word' id='word_1_140' title='bbox 252 1288 296 1325; x_wconf 90' lang='lat' dir='ltr'>nec</span> <span class='ocrx_word' id='word_1_141' title='bbox 313 1275 389 1338; x_wconf 85' lang='lat' dir='ltr'>ulique</span> <span class='ocrx_word' id='word_1_142' title='bbox 410 1273 469 1324; x_wconf 80' lang='lat' dir='ltr'>actio</span> <span class='ocrx_word' id='word_1_143' title='bbox 489 1272 663 1338; x_wconf 76' lang='lat' dir='ltr'>terminaretur,</span> <span class='ocrx_word' id='word_1_144' title='bbox 683 1287 727 1326; x_wconf 87' lang='lat' dir='ltr'>nec</span> <span class='ocrx_word' id='word_1_145' title='bbox 746 1274 819 1326; x_wconf 84' lang='lat' dir='ltr'>etium</span> <span class='ocrx_word' id='word_1_146' title='bbox 835 1278 949 1342; x_wconf 73' lang='lat' dir='ltr'>quiesceret</span> <span class='ocrx_word' id='word_1_147' title='bbox 971 1310 973 1337; x_wconf 75' lang='lat' dir='ltr'>r</span> 
     </span>
     <span class='ocr_line' id='line_1_18' title="bbox 160 1345 952 1413; baseline -0.008 -15"><span class='ocrx_word' id='word_1_148' title='bbox 160 1347 258 1398; x_wconf 74' lang='lat' dir='ltr'>intenti»</span> <span class='ocrx_word' id='word_1_149' title='bbox 274 1346 372 1411; x_wconf 76' lang='lat' dir='ltr'>egentis.</span> <span class='ocrx_word' id='word_1_150' title='bbox 384 1345 409 1394; x_wconf 85' lang='lat' dir='ltr'>Si</span> <span class='ocrx_word' id='word_1_151' title='bbox 422 1349 499 1396; x_wconf 64' lang='lat' dir='ltr'>annun</span> <span class='ocrx_word' id='word_1_152' title='bbox 511 1359 558 1396; x_wconf 90' lang='lat' dir='ltr'>non</span> <span class='ocrx_word' id='word_1_153' title='bbox 570 1349 633 1396; x_wconf 83' lang='lat' dir='ltr'>esset</span> <span class='ocrx_word' id='word_1_154' title='bbox 645 1346 744 1410; x_wconf 80' lang='lat' dir='ltr'>priorum</span> <span class='ocrx_word' id='word_1_155' title='bbox 755 1346 781 1396; x_wconf 89' lang='lat' dir='ltr'>in</span> <span class='ocrx_word' id='word_1_156' title='bbox 794 1349 833 1398; x_wconf 82' lang='lat' dir='ltr'>iris</span> <span class='ocrx_word' id='word_1_157' title='bbox 847 1363 902 1413; x_wconf 76' lang='lat' dir='ltr'>pue</span> <span class='ocrx_word' id='word_1_158' title='bbox 914 1357 952 1396; x_wconf 75' lang='lat' dir='ltr'>un:</span> 
     </span>
     <span class='ocr_line' id='line_1_19' title="bbox 161 1416 952 1483; baseline -0.006 -13"><span class='ocrx_word' id='word_1_159' title='bbox 161 1421 189 1470; x_wconf 86' lang='lat' dir='ltr'>cd</span> <span class='ocrx_word' id='word_1_160' title='bbox 203 1420 287 1483; x_wconf 87' lang='lat' dir='ltr'>inem,</span> <span class='ocrx_word' id='word_1_161' title='bbox 302 1418 378 1470; x_wconf 86' lang='lat' dir='ltr'>nulius</span> <span class='ocrx_word' id='word_1_162' title='bbox 393 1416 507 1481; x_wconf 84' lang='lat' dir='ltr'>inciperet</span> <span class='ocrx_word' id='word_1_163' title='bbox 524 1417 610 1482; x_wconf 76' lang='lat' dir='ltr'>aliquid</span> <span class='ocrx_word' id='word_1_164' title='bbox 627 1417 730 1482; x_wconf 81' lang='lat' dir='ltr'>opereri,</span> <span class='ocrx_word' id='word_1_165' title='bbox 744 1431 789 1470; x_wconf 86' lang='lat' dir='ltr'>noc</span> <span class='ocrx_word' id='word_1_166' title='bbox 804 1420 952 1470; x_wconf 74' lang='lat' dir='ltr'>temiuuctn</span> 
     </span>
     <span class='ocr_line' id='line_1_20' title="bbox 161 1490 952 1558; baseline -0.006 -16"><span class='ocrx_word' id='word_1_167' title='bbox 161 1492 297 1554; x_wconf 82' lang='lat' dir='ltr'>consitium,</span> <span class='ocrx_word' id='word_1_168' title='bbox 317 1491 357 1542; x_wconf 82' lang='lat' dir='ltr'>sed</span> <span class='ocrx_word' id='word_1_169' title='bbox 376 1490 401 1540; x_wconf 90' lang='lat' dir='ltr'>iu</span> <span class='ocrx_word' id='word_1_170' title='bbox 418 1490 533 1541; x_wconf 84' lang='lat' dir='ltr'>iuiinitum</span> <span class='ocrx_word' id='word_1_171' title='bbox 554 1491 696 1554; x_wconf 81' lang='lat' dir='ltr'>procederet.</span> <span class='ocrx_word' id='word_1_172' title='bbox 716 1491 749 1541; x_wconf 84' lang='lat' dir='ltr'>Ee</span> <span class='ocrx_word' id='word_1_173' title='bbox 771 1491 829 1543; x_wconf 78' lang='lat' dir='ltr'>uere</span> <span class='ocrx_word' id='word_1_174' title='bbox 848 1507 901 1558; x_wconf 74' lang='lat' dir='ltr'>que</span> <span class='ocrx_word' id='word_1_175' title='bbox 920 1503 952 1540; x_wconf 90' lang='lat' dir='ltr'>uon</span> 
     </span>
     <span class='ocr_line' id='line_1_21' title="bbox 161 1561 951 1627; baseline -0.006 -13"><span class='ocrx_word' id='word_1_176' title='bbox 161 1563 249 1614; x_wconf 80' lang='lat' dir='ltr'>hebent</span> <span class='ocrx_word' id='word_1_177' title='bbox 262 1563 365 1614; x_wconf 84' lang='lat' dir='ltr'>ordinem</span> <span class='ocrx_word' id='word_1_178' title='bbox 378 1575 420 1627; x_wconf 89' lang='lat' dir='ltr'>per</span> <span class='ocrx_word' id='word_1_179' title='bbox 433 1575 466 1624; x_wconf 89' lang='lat' dir='ltr'>se,</span> <span class='ocrx_word' id='word_1_180' title='bbox 477 1562 520 1614; x_wconf 89' lang='lat' dir='ltr'>sed</span> <span class='ocrx_word' id='word_1_181' title='bbox 530 1574 572 1626; x_wconf 87' lang='lat' dir='ltr'>per</span> <span class='ocrx_word' id='word_1_182' title='bbox 584 1561 691 1612; x_wconf 85' lang='lat' dir='ltr'>accidens</span> <span class='ocrx_word' id='word_1_183' title='bbox 703 1561 748 1613; x_wconf 78' lang='lat' dir='ltr'>eiii</span> <span class='ocrx_word' id='word_1_184' title='bbox 758 1563 861 1614; x_wconf 70' lang='lat' dir='ltr'>inricm</span> <span class='ocrx_word' id='word_1_185' title='bbox 872 1563 951 1625; x_wconf 86' lang='lat' dir='ltr'>conjun-</span> 
     </span>
     <span class='ocr_line' id='line_1_22' title="bbox 162 1633 953 1699; baseline 0.001 -13"><span class='ocrx_word' id='word_1_186' title='bbox 162 1640 260 1698; x_wconf 77' lang='lat' dir='ltr'>guntur,</span> <span class='ocrx_word' id='word_1_187' title='bbox 281 1635 339 1685; x_wconf 88' lang='lat' dir='ltr'>nihii</span> <span class='ocrx_word' id='word_1_188' title='bbox 354 1635 459 1699; x_wconf 78' lang='lat' dir='ltr'>prohibet</span> <span class='ocrx_word' id='word_1_189' title='bbox 476 1633 614 1684; x_wconf 76' lang='lat' dir='ltr'>infinitatem</span> <span class='ocrx_word' id='word_1_190' title='bbox 630 1634 727 1698; x_wconf 61' lang='lat' dir='ltr'>nubem</span> <span class='ocrx_word' id='word_1_191' title='bbox 745 1647 821 1686; x_wconf 67' lang='lat' dir='ltr'>cem</span> <span class='ocrx_word' id='word_1_192' title='bbox 842 1636 907 1688; x_wconf 81' lang='lat' dir='ltr'>euin</span> <span class='ocrx_word' id='word_1_193' title='bbox 924 1646 953 1697; x_wconf 76' lang='lat' dir='ltr'>ptr</span> 
     </span>
     <span class='ocr_line' id='line_1_23' title="bbox 161 1644 974 1772; baseline -0.004 -17"><span class='ocrx_word' id='word_1_194' title='bbox 161 1706 264 1756; x_wconf 80' lang='lat' dir='ltr'>accidens</span> <span class='ocrx_word' id='word_1_195' title='bbox 276 1705 458 1758; x_wconf 75' lang='lat' dir='ltr'>indeterminate</span> <span class='ocrx_word' id='word_1_196' title='bbox 470 1709 539 1768; x_wconf 88' lang='lat' dir='ltr'>sunt,</span> <span class='ocrx_word' id='word_1_197' title='bbox 549 1711 574 1756; x_wconf 88' lang='lat' dir='ltr'>et</span> <span class='ocrx_word' id='word_1_198' title='bbox 581 1707 626 1756; x_wconf 86' lang='lat' dir='ltr'>inec</span> <span class='ocrx_word' id='word_1_199' title='bbox 637 1706 706 1756; x_wconf 79' lang='lat' dir='ltr'>otium</span> <span class='ocrx_word' id='word_1_200' title='bbox 715 1706 784 1758; x_wconf 85' lang='lat' dir='ltr'>modo</span> <span class='ocrx_word' id='word_1_201' title='bbox 794 1707 908 1772; x_wconf 63' lang='lat' dir='ltr'>confingit</span> <span class='ocrx_word' id='word_1_202' title='bbox 915 1718 952 1755; x_wconf 62' lang='lat' dir='ltr'>oste</span> <span class='ocrx_word' id='word_1_203' title='bbox 972 1644 974 1765; x_wconf 37' lang='grc'>1</span> 
     </span>
     <span class='ocr_line' id='line_1_24' title="bbox 67 1776 974 1841; baseline 0.001 -15"><span class='ocrx_word' id='word_1_204' title='bbox 67 1785 71 1791; x_wconf 89' lang='grc'><em>·</em></span> <span class='ocrx_word' id='word_1_205' title='bbox 161 1776 296 1828; x_wconf 69' lang='lat' dir='ltr'>infinitatem</span> <span class='ocrx_word' id='word_1_206' title='bbox 309 1790 350 1841; x_wconf 89' lang='lat' dir='ltr'>per</span> <span class='ocrx_word' id='word_1_207' title='bbox 365 1777 472 1829; x_wconf 82' lang='lat' dir='ltr'>occidens</span> <span class='ocrx_word' id='word_1_208' title='bbox 482 1778 508 1828; x_wconf 92' lang='lat' dir='ltr'>in</span> <span class='ocrx_word' id='word_1_209' title='bbox 524 1777 750 1841; x_wconf 64' lang='lat' dir='ltr'>indm-ethiopum</span> <span class='ocrx_word' id='word_1_210' title='bbox 763 1780 858 1830; x_wconf 73' lang='lat' dir='ltr'>suntad</span> <span class='ocrx_word' id='word_1_211' title='bbox 874 1780 940 1829; x_wconf 78' lang='lat' dir='ltr'>nucu</span> <span class='ocrx_word' id='word_1_212' title='bbox 972 1778 974 1797; x_wconf 76' lang='lat'><em>²</em></span> 
     </span>
     <span class='ocr_line' id='line_1_25' title="bbox 193 1847 947 1914; baseline -0.001 -17"><span class='ocrx_word' id='word_1_213' title='bbox 193 1847 227 1897; x_wconf 81' lang='lat' dir='ltr'>nd</span> <span class='ocrx_word' id='word_1_214' title='bbox 241 1847 338 1912; x_wconf 78' lang='lat' dir='ltr'>pnmnrn</span> <span class='ocrx_word' id='word_1_215' title='bbox 351 1862 405 1914; x_wconf 83' lang='lat' dir='ltr'>ergo</span> <span class='ocrx_word' id='word_1_216' title='bbox 416 1849 555 1912; x_wconf 85' lang='lat' dir='ltr'>dicendum,</span> <span class='ocrx_word' id='word_1_217' title='bbox 564 1848 625 1912; x_wconf 77' lang='lat' dir='ltr'>quod</span> <span class='ocrx_word' id='word_1_218' title='bbox 637 1850 667 1899; x_wconf 89' lang='lat' dir='ltr'>de</span> <span class='ocrx_word' id='word_1_219' title='bbox 675 1848 765 1900; x_wconf 73' lang='lat' dir='ltr'>rodone</span> <span class='ocrx_word' id='word_1_220' title='bbox 777 1849 834 1900; x_wconf 81' lang='lat' dir='ltr'>beni</span> <span class='ocrx_word' id='word_1_221' title='bbox 843 1855 894 1914; x_wconf 78' lang='lat' dir='ltr'>eet,</span> <span class='ocrx_word' id='word_1_222' title='bbox 905 1850 947 1912; x_wconf 77' lang='lat' dir='ltr'>qui·</span> 
     </span>
     <span class='ocr_line' id='line_1_26' title="bbox 162 1920 955 1986; baseline -0.003 -14"><span class='ocrx_word' id='word_1_223' title='bbox 162 1920 247 1985; x_wconf 82' lang='lat' dir='ltr'>aliquid</span> <span class='ocrx_word' id='word_1_224' title='bbox 260 1921 289 1971; x_wconf 81' lang='lat' dir='ltr'>ab</span> <span class='ocrx_word' id='word_1_225' title='bbox 305 1921 356 1985; x_wconf 87' lang='lat' dir='ltr'>ipso</span> <span class='ocrx_word' id='word_1_226' title='bbox 370 1922 461 1986; x_wconf 79' lang='lat' dir='ltr'>effluet,</span> <span class='ocrx_word' id='word_1_227' title='bbox 477 1935 523 1972; x_wconf 91' lang='lat' dir='ltr'>non</span> <span class='ocrx_word' id='word_1_228' title='bbox 537 1926 616 1970; x_wconf 73' lang='lat' dir='ltr'>nmen</span> <span class='ocrx_word' id='word_1_229' title='bbox 626 1920 688 1984; x_wconf 80' lang='lat' dir='ltr'>qudd</span> <span class='ocrx_word' id='word_1_230' title='bbox 700 1921 777 1985; x_wconf 89' lang='lat' dir='ltr'>ipsonr</span> <span class='ocrx_word' id='word_1_231' title='bbox 789 1921 820 1972; x_wconf 75' lang='lat' dir='ltr'>ute</span> <span class='ocrx_word' id='word_1_232' title='bbox 832 1922 878 1974; x_wconf 84' lang='lat' dir='ltr'>etio</span> <span class='ocrx_word' id='word_1_233' title='bbox 888 1934 955 1986; x_wconf 77' lang='lat' dir='ltr'>prore·</span> 
     </span>
     <span class='ocr_line' id='line_1_27' title="bbox 163 1991 957 2058; baseline -0.01 -14"><span class='ocrx_word' id='word_1_234' title='bbox 163 1994 201 2044; x_wconf 83' lang='lat' dir='ltr'>dut</span> <span class='ocrx_word' id='word_1_235' title='bbox 220 1997 265 2042; x_wconf 87' lang='lat' dir='ltr'>:ct</span> <span class='ocrx_word' id='word_1_236' title='bbox 281 1993 333 2043; x_wconf 89' lang='lat' dir='ltr'>ideo</span> <span class='ocrx_word' id='word_1_237' title='bbox 349 1991 401 2043; x_wconf 81' lang='lat' dir='ltr'>cnm</span> <span class='ocrx_word' id='word_1_238' title='bbox 415 1993 500 2044; x_wconf 83' lang='lat' dir='ltr'>bonnm</span> <span class='ocrx_word' id='word_1_239' title='bbox 516 1991 727 2043; x_wconf 62' lang='lat' dir='ltr'>numerationem</span> <span class='ocrx_word' id='word_1_240' title='bbox 745 1992 815 2056; x_wconf 90' lang='lat' dir='ltr'>iinis,</span> <span class='ocrx_word' id='word_1_241' title='bbox 831 1997 854 2044; x_wconf 88' lang='lat' dir='ltr'>et</span> <span class='ocrx_word' id='word_1_242' title='bbox 869 1994 957 2058; x_wconf 77' lang='lat' dir='ltr'>primun</span> 
     </span>
     <span class='ocr_line' id='line_1_28' title="bbox 163 2064 957 2130; baseline -0.01 -14"><span class='ocrx_word' id='word_1_243' title='bbox 163 2066 247 2116; x_wconf 82' lang='lat' dir='ltr'>tronum</span> <span class='ocrx_word' id='word_1_244' title='bbox 261 2065 291 2116; x_wconf 85' lang='lat' dir='ltr'>sit</span> <span class='ocrx_word' id='word_1_245' title='bbox 308 2064 402 2116; x_wconf 86' lang='lat' dir='ltr'>ultimus</span> <span class='ocrx_word' id='word_1_246' title='bbox 419 2064 484 2129; x_wconf 87' lang='lat' dir='ltr'>finis,</span> <span class='ocrx_word' id='word_1_247' title='bbox 500 2065 559 2115; x_wconf 83' lang='lat' dir='ltr'>ratio</span> <span class='ocrx_word' id='word_1_248' title='bbox 574 2065 619 2114; x_wconf 86' lang='lat' dir='ltr'>iste</span> <span class='ocrx_word' id='word_1_249' title='bbox 636 2076 682 2114; x_wconf 92' lang='lat' dir='ltr'>uon</span> <span class='ocrx_word' id='word_1_250' title='bbox 699 2065 782 2128; x_wconf 75' lang='lat' dir='ltr'>produt</span> <span class='ocrx_word' id='word_1_251' title='bbox 794 2066 856 2130; x_wconf 83' lang='lat' dir='ltr'>qood</span> <span class='ocrx_word' id='word_1_252' title='bbox 877 2080 924 2116; x_wconf 91' lang='lat' dir='ltr'>nou</span> <span class='ocrx_word' id='word_1_253' title='bbox 936 2066 957 2111; x_wconf 76' lang='lat' dir='ltr'>si:</span> 
     </span>
     <span class='ocr_line' id='line_1_29' title="bbox 163 2135 957 2201; baseline -0.008 -15"><span class='ocrx_word' id='word_1_254' title='bbox 163 2137 257 2188; x_wconf 85' lang='lat' dir='ltr'>ultimus</span> <span class='ocrx_word' id='word_1_255' title='bbox 270 2136 337 2198; x_wconf 82' lang='lat' dir='ltr'>riuis,</span> <span class='ocrx_word' id='word_1_256' title='bbox 353 2137 393 2187; x_wconf 87' lang='lat' dir='ltr'>sed</span> <span class='ocrx_word' id='word_1_257' title='bbox 408 2135 467 2200; x_wconf 76' lang='lat' dir='ltr'>quod</span> <span class='ocrx_word' id='word_1_258' title='bbox 480 2136 495 2186; x_wconf 80' lang='lat' dir='ltr'>d</span> <span class='ocrx_word' id='word_1_259' title='bbox 512 2136 558 2186; x_wconf 87' lang='lat' dir='ltr'>tine</span> <span class='ocrx_word' id='word_1_260' title='bbox 571 2135 645 2200; x_wconf 87' lang='lat' dir='ltr'>priruo</span> <span class='ocrx_word' id='word_1_261' title='bbox 658 2136 778 2201; x_wconf 81' lang='lat' dir='ltr'>supposito</span> <span class='ocrx_word' id='word_1_262' title='bbox 794 2139 928 2201; x_wconf 78' lang='lat' dir='ltr'>procedetur</span> <span class='ocrx_word' id='word_1_263' title='bbox 941 2137 957 2181; x_wconf 87' lang='lat' dir='ltr'>iu</span> 
     </span>
     <span class='ocr_line' id='line_1_30' title="bbox 164 2207 960 2274; baseline -0.005 -17"><span class='ocrx_word' id='word_1_264' title='bbox 164 2209 277 2259; x_wconf 81' lang='lat' dir='ltr'>introitum</span> <span class='ocrx_word' id='word_1_265' title='bbox 289 2207 385 2260; x_wconf 79' lang='lat' dir='ltr'>iuferius</span> <span class='ocrx_word' id='word_1_266' title='bbox 395 2207 476 2258; x_wconf 81' lang='lat' dir='ltr'>uersus</span> <span class='ocrx_word' id='word_1_267' title='bbox 489 2221 517 2258; x_wconf 84' lang='lat' dir='ltr'>eo</span> <span class='ocrx_word' id='word_1_268' title='bbox 527 2221 578 2272; x_wconf 78' lang='lat' dir='ltr'>quo</span> <span class='ocrx_word' id='word_1_269' title='bbox 587 2211 641 2258; x_wconf 86' lang='lat' dir='ltr'>sunt</span> <span class='ocrx_word' id='word_1_270' title='bbox 651 2209 679 2258; x_wconf 85' lang='lat' dir='ltr'>od</span> <span class='ocrx_word' id='word_1_271' title='bbox 692 2207 771 2258; x_wconf 71' lang='lat' dir='ltr'>tinem·</span> <span class='ocrx_word' id='word_1_272' title='bbox 783 2211 812 2259; x_wconf 77' lang='lat' dir='ltr'>nt</span> <span class='ocrx_word' id='word_1_273' title='bbox 822 2210 865 2260; x_wconf 84' lang='lat' dir='ltr'>troc</span> <span class='ocrx_word' id='word_1_274' title='bbox 874 2210 960 2274; x_wconf 76' lang='lat' dir='ltr'>quiden</span> 
     </span>
     <span class='ocr_line' id='line_1_31' title="bbox 164 2278 958 2346; baseline -0.006 -16"><span class='ocrx_word' id='word_1_275' title='bbox 164 2285 315 2344; x_wconf 86' lang='lat' dir='ltr'>competeret,</span> <span class='ocrx_word' id='word_1_276' title='bbox 332 2280 352 2332; x_wconf 85' lang='lat' dir='ltr'>ei</span> <span class='ocrx_word' id='word_1_277' title='bbox 366 2281 546 2332; x_wconf 78' lang='lat' dir='ltr'>consideraretur</span> <span class='ocrx_word' id='word_1_278' title='bbox 558 2281 606 2330; x_wconf 85' lang='lat' dir='ltr'>sole</span> <span class='ocrx_word' id='word_1_279' title='bbox 616 2278 690 2330; x_wconf 75' lang='lat' dir='ltr'>virus</span> <span class='ocrx_word' id='word_1_280' title='bbox 701 2280 852 2346; x_wconf 79' lang='lat' dir='ltr'>priminooi,</span> <span class='ocrx_word' id='word_1_281' title='bbox 866 2295 919 2346; x_wconf 77' lang='lat' dir='ltr'>que</span> <span class='ocrx_word' id='word_1_282' title='bbox 932 2287 958 2327; x_wconf 75' lang='lat' dir='ltr'>est</span> 
     </span>
     <span class='ocr_line' id='line_1_32' title="bbox 163 2351 958 2418; baseline -0.004 -17"><span class='ocrx_word' id='word_1_283' title='bbox 163 2353 260 2404; x_wconf 83' lang='lat' dir='ltr'>infinite.</span> <span class='ocrx_word' id='word_1_284' title='bbox 274 2355 320 2404; x_wconf 89' lang='lat' dir='ltr'>Sed</span> <span class='ocrx_word' id='word_1_285' title='bbox 334 2354 387 2418; x_wconf 83' lang='lat' dir='ltr'>quia</span> <span class='ocrx_word' id='word_1_286' title='bbox 401 2352 498 2417; x_wconf 83' lang='lat' dir='ltr'>priunum</span> <span class='ocrx_word' id='word_1_287' title='bbox 507 2353 594 2403; x_wconf 81' lang='lat' dir='ltr'>bonurn</span> <span class='ocrx_word' id='word_1_288' title='bbox 605 2352 674 2402; x_wconf 80' lang='lat' dir='ltr'>hahet</span> <span class='ocrx_word' id='word_1_289' title='bbox 683 2351 831 2404; x_wconf 67' lang='lat' dir='ltr'>diiinsim</span> <span class='ocrx_word' id='word_1_290' title='bbox 841 2353 958 2404; x_wconf 80' lang='lat' dir='ltr'>secundino</span> 
     </span>
     <span class='ocr_line' id='line_1_33' title="bbox 165 2423 960 2489; baseline 0.008 -17"><span class='ocrx_word' id='word_1_291' title='bbox 165 2423 318 2488; x_wconf 73' lang='lat' dir='ltr'>interiectum,</span> <span class='ocrx_word' id='word_1_292' title='bbox 331 2424 398 2489; x_wconf 85' lang='lat' dir='ltr'>cnjus</span> <span class='ocrx_word' id='word_1_293' title='bbox 412 2429 447 2476; x_wconf 67' lang='lat' dir='ltr'>ec</span> <span class='ocrx_word' id='word_1_294' title='bbox 458 2423 584 2474; x_wconf 83' lang='lat' dir='ltr'>secundnm</span> <span class='ocrx_word' id='word_1_295' title='bbox 595 2424 695 2487; x_wconf 79' lang='lat' dir='ltr'>adonem</span> <span class='ocrx_word' id='word_1_296' title='bbox 705 2429 792 2474; x_wconf 82' lang='lat' dir='ltr'>certem</span> <span class='ocrx_word' id='word_1_297' title='bbox 806 2437 897 2477; x_wconf 71' lang='lat' dir='ltr'>ceum</span> <span class='ocrx_word' id='word_1_298' title='bbox 909 2439 960 2489; x_wconf 83' lang='lat' dir='ltr'>pro-</span> 
     </span>
     <span class='ocr_line' id='line_1_34' title="bbox 166 2495 959 2560; baseline -0.003 -16"><span class='ocrx_word' id='word_1_299' title='bbox 166 2496 235 2545; x_wconf 87' lang='lat' dir='ltr'>iloere</span> <span class='ocrx_word' id='word_1_300' title='bbox 255 2495 280 2546; x_wconf 91' lang='lat' dir='ltr'>iu</span> <span class='ocrx_word' id='word_1_301' title='bbox 301 2501 406 2558; x_wconf 60' lang='lat' dir='ltr'>canum,</span> <span class='ocrx_word' id='word_1_302' title='bbox 423 2497 507 2560; x_wconf 81' lang='lat' dir='ltr'>aliquis</span> <span class='ocrx_word' id='word_1_303' title='bbox 522 2501 598 2546; x_wconf 86' lang='lat' dir='ltr'>certus</span> <span class='ocrx_word' id='word_1_304' title='bbox 613 2495 695 2547; x_wconf 88' lang='lat' dir='ltr'>modus</span> <span class='ocrx_word' id='word_1_305' title='bbox 716 2495 838 2547; x_wconf 74' lang='lat' dir='ltr'>adhibetur</span> <span class='ocrx_word' id='word_1_306' title='bbox 852 2498 959 2548; x_wconf 85' lang='lat' dir='ltr'>bonorurn</span> 
     </span>
     <span class='ocr_line' id='line_1_35' title="bbox 165 2565 960 2633; baseline -0.004 -17"><span class='ocrx_word' id='word_1_307' title='bbox 165 2565 261 2616; x_wconf 84' lang='lat' dir='ltr'>etiioxni</span> <span class='ocrx_word' id='word_1_308' title='bbox 273 2565 287 2615; x_wconf 80' lang='lat' dir='ltr'>i</span> <span class='ocrx_word' id='word_1_309' title='bbox 301 2567 375 2632; x_wconf 81' lang='lat' dir='ltr'>priiuo</span> <span class='ocrx_word' id='word_1_310' title='bbox 385 2569 459 2630; x_wconf 81' lang='lat' dir='ltr'>bono,</span> <span class='ocrx_word' id='word_1_311' title='bbox 470 2568 538 2631; x_wconf 71' lang='lat' dir='ltr'>equo</span> <span class='ocrx_word' id='word_1_312' title='bbox 550 2566 627 2618; x_wconf 84' lang='lat' dir='ltr'>omnia</span> <span class='ocrx_word' id='word_1_313' title='bbox 641 2567 686 2616; x_wconf 84' lang='lat' dir='ltr'>aliu</span> <span class='ocrx_word' id='word_1_314' title='bbox 696 2569 757 2619; x_wconf 85' lang='lat' dir='ltr'>bonu</span> <span class='ocrx_word' id='word_1_315' title='bbox 766 2568 905 2633; x_wconf 78' lang='lat' dir='ltr'>participent</span> <span class='ocrx_word' id='word_1_316' title='bbox 915 2569 960 2615; x_wconf 75' lang='lat' dir='ltr'>rir-</span> 
     </span>
     <span class='ocr_line' id='line_1_36' title="bbox 166 2639 961 2704; baseline -0.005 -16"><span class='ocrx_word' id='word_1_317' title='bbox 166 2643 238 2688; x_wconf 85' lang='lat' dir='ltr'>tutem</span> <span class='ocrx_word' id='word_1_318' title='bbox 255 2639 402 2689; x_wconf 82' lang='lat' dir='ltr'>diffusivum:</span> <span class='ocrx_word' id='word_1_319' title='bbox 418 2649 442 2690; x_wconf 90' lang='lat' dir='ltr'>et</span> <span class='ocrx_word' id='word_1_320' title='bbox 456 2640 508 2690; x_wconf 86' lang='lat' dir='ltr'>ideo</span> <span class='ocrx_word' id='word_1_321' title='bbox 524 2639 615 2689; x_wconf 86' lang='lat' dir='ltr'>ditiueio</span> <span class='ocrx_word' id='word_1_322' title='bbox 635 2640 746 2689; x_wconf 80' lang='lat' dir='ltr'>bonorum</span> <span class='ocrx_word' id='word_1_323' title='bbox 763 2653 809 2690; x_wconf 90' lang='lat' dir='ltr'>noo</span> <span class='ocrx_word' id='word_1_324' title='bbox 824 2641 926 2704; x_wconf 83' lang='lat' dir='ltr'>procedit</span> <span class='ocrx_word' id='word_1_325' title='bbox 942 2640 961 2685; x_wconf 89' lang='lat' dir='ltr'>iu</span> 
     </span>
     <span class='ocr_line' id='line_1_37' title="bbox 165 2708 962 2774; baseline -0.004 -16"><span class='ocrx_word' id='word_1_326' title='bbox 165 2708 291 2772; x_wconf 80' lang='lat' dir='ltr'>infinitum,</span> <span class='ocrx_word' id='word_1_327' title='bbox 301 2711 340 2758; x_wconf 84' lang='lat' dir='ltr'>sed</span> <span class='ocrx_word' id='word_1_328' title='bbox 350 2710 410 2758; x_wconf 85' lang='lat' dir='ltr'>sicut</span> <span class='ocrx_word' id='word_1_329' title='bbox 426 2710 509 2760; x_wconf 85' lang='lat' dir='ltr'>dicitnr</span> <span class='ocrx_word' id='word_1_330' title='bbox 519 2712 591 2774; x_wconf 71' lang='lat' dir='ltr'>Sep„</span> <span class='ocrx_word' id='word_1_331' title='bbox 600 2710 633 2760; x_wconf 83' lang='lat' dir='ltr'>&#39;Xi</span> <span class='ocrx_word' id='word_1_332' title='bbox 646 2725 651 2758; x_wconf 82' lang='lat' dir='ltr'>z</span> <span class='ocrx_word' id='word_1_333' title='bbox 667 2711 753 2760; x_wconf 80' lang='lat' dir='ltr'>cliens</span> <span class='ocrx_word' id='word_1_334' title='bbox 768 2711 843 2762; x_wconf 78' lang='lat' dir='ltr'>omnio</span> <span class='ocrx_word' id='word_1_335' title='bbox 855 2710 962 2773; x_wconf 75' lang='lat' dir='ltr'>disposui</span> 
     </span>
     <span class='ocr_line' id='line_1_38' title="bbox 165 2777 613 2840; baseline 0.004 -15"><span class='ocrx_word' id='word_1_336' title='bbox 165 2777 311 2840; x_wconf 85' lang='lat' dir='ltr'>innumero,</span> <span class='ocrx_word' id='word_1_337' title='bbox 324 2780 424 2840; x_wconf 88' lang='lat' dir='ltr'>pondere</span> <span class='ocrx_word' id='word_1_338' title='bbox 437 2785 461 2829; x_wconf 90' lang='lat' dir='ltr'>et</span> <span class='ocrx_word' id='word_1_339' title='bbox 471 2793 587 2830; x_wconf 79' lang='lat' dir='ltr'>mensuro.</span> <span class='ocrx_word' id='word_1_340' title='bbox 597 2796 613 2827; x_wconf 82' lang='lat' dir='ltr'>n</span> 
     </span>
     <span class='ocr_line' id='line_1_39' title="bbox 197 2849 961 2916; baseline 0.004 -19"><span class='ocrx_word' id='word_1_341' title='bbox 197 2850 230 2897; x_wconf 78' lang='lat' dir='ltr'>dd</span> <span class='ocrx_word' id='word_1_342' title='bbox 243 2849 366 2897; x_wconf 83' lang='lat' dir='ltr'>secundnm</span> <span class='ocrx_word' id='word_1_343' title='bbox 376 2849 510 2914; x_wconf 88' lang='lat' dir='ltr'>dicendum,</span> <span class='ocrx_word' id='word_1_344' title='bbox 520 2851 582 2915; x_wconf 79' lang='lat' dir='ltr'>qnod</span> <span class='ocrx_word' id='word_1_345' title='bbox 591 2853 615 2901; x_wconf 94' lang='lat' dir='ltr'>in</span> <span class='ocrx_word' id='word_1_346' title='bbox 627 2853 664 2902; x_wconf 86' lang='lat' dir='ltr'>hie</span> <span class='ocrx_word' id='word_1_347' title='bbox 675 2865 728 2915; x_wconf 79' lang='lat' dir='ltr'>qne</span> <span class='ocrx_word' id='word_1_348' title='bbox 739 2856 793 2903; x_wconf 91' lang='lat' dir='ltr'>snut</span> <span class='ocrx_word' id='word_1_349' title='bbox 805 2865 846 2916; x_wconf 91' lang='lat' dir='ltr'>per</span> <span class='ocrx_word' id='word_1_350' title='bbox 858 2865 896 2914; x_wconf 77' lang='lat' dir='ltr'>ee,</span> <span class='ocrx_word' id='word_1_351' title='bbox 906 2853 961 2901; x_wconf 74' lang='lat' dir='ltr'>ratio</span> 
     </span>
     <span class='ocr_line' id='line_1_40' title="bbox 166 2917 962 2988; baseline 0.01 -24"><span class='ocrx_word' id='word_1_352' title='bbox 166 2917 247 2980; x_wconf 86' lang='lat' dir='ltr'>incipit</span> <span class='ocrx_word' id='word_1_353' title='bbox 261 2919 274 2966; x_wconf 77' lang='lat' dir='ltr'>d</span> <span class='ocrx_word' id='word_1_354' title='bbox 291 2917 408 2981; x_wconf 79' lang='lat' dir='ltr'>principiis</span> <span class='ocrx_word' id='word_1_355' title='bbox 422 2923 556 2974; x_wconf 72' lang='lat' dir='ltr'>netmeiiter</span> <span class='ocrx_word' id='word_1_356' title='bbox 570 2918 644 2987; x_wconf 67' lang='lat' dir='ltr'>nmis,</span> <span class='ocrx_word' id='word_1_357' title='bbox 658 2928 683 2976; x_wconf 87' lang='lat' dir='ltr'>st</span> <span class='ocrx_word' id='word_1_358' title='bbox 692 2923 962 2988; x_wconf 70' lang='lat' dir='ltr'>ed-niiqnenteroninunr</span> 
     </span>
    </p>
   </div>
   <div class='ocr_carea' id='block_1_4' title="bbox 0 0 1010 3309">
    <p class='ocr_par' dir='ltr' id='par_1_4' title="bbox 0 0 1010 3309">
     <span class='ocr_line' id='line_1_41' title="bbox 0 0 1010 3309; baseline 0 0"><span class='ocrx_word' id='word_1_359' title='bbox 0 0 1010 3309; x_wconf 95' lang='lat' dir='ltr'> </span> 
     </span>
    </p>
   </div>
  </div>
 </body>
</html>
