1984 3309
143 142 188 189 15⁰
317 152 378 189 anus
391 153 414 197 ι,
430 153 521 197 ounsr.
536 152 632 199 urruns,
650 152 704 189 aar.
719 151 754 187 vr.

142 229 193 276 dnm
205 228 347 277 sentirecum
355 241 457 290 corpore,
468 231 492 277 et
501 228 602 290 quaedam
612 228 663 277 siue
671 239 781 289 corpore,
791 242 806 272 n
823 230 979 295 dupliciter

142 302 218 361 potest
237 298 342 362 intelligi.
357 300 407 349 Uno
421 300 500 361 nnodo,
515 302 540 347 ut
554 300 598 349 hoc
614 300 672 362 quod
686 297 735 349 dico
748 312 807 347 cuna
826 316 977 367 corpses-e,

142 370 179 419 vel
191 370 244 418 siae
256 384 370 434 ommes.
382 370 518 419 determinet
530 374 606 419 ncturn
619 369 730 421 sentiendi
744 372 886 423 secundum
903 381 976 439 quod

142 439 211 489 exile
221 442 345 505 sentiente3
356 444 380 490 et
388 441 422 490 sic
430 441 485 489 nihil
497 442 567 491 sentit
579 442 627 493 sine
638 440 805 504 corpor03quin
818 444 896 495 actio
915 463 982 499 sen·

142 511 214 561 tiendi
228 525 272 562 non
284 516 359 576 potest
375 513 496 575 procedere
509 513 537 562 ab
552 512 640 573 anima,
653 512 697 562 nisi
711 524 752 575 per
763 525 891 575 organum
914 534 978 571 cor-

142 584 228 647 porale.
239 584 288 635 illio
300 586 365 637 ruodo
376 587 451 647 potest
458 584 555 647 intelligi
567 584 599 634 ila
609 583 668 647 quod
679 584 782 647 predicta
793 585 980 643 determinent

143 660 218 705 aetum
230 656 343 707 sentiendi
351 669 380 705 ex
391 660 453 719 parte
462 656 545 719 objecti
555 658 614 719 quod
626 656 732 707 sentitur.
741 656 770 705 Et
780 655 813 705 sic
826 662 977 721 quadam

142 728 225 779 sentit.
233 743 291 776 cum
305 742 424 798 corpore,
438 727 460 777 id
479 732 516 779 est
528 728 551 777 in
563 741 656 791 corpore
671 726 804 789 exi‘slenlia3
818 728 896 780 sicul
914 748 975 785 cum

145 798 215 847 sentit
227 800 323 858 vulnus,
338 799 374 849 rel
393 798 475 861 ahquid
493 798 632 864 hujusmodi.
651 797 772 859 Qnoednm
789 786 854 849 vead
877 809 977 855 sentit

144 871 199 918 sine
212 883 323 933 corpore.
336 870 359 919 id
370 873 418 933 ost,
430 883 477 921 uon
489 870 612 925 existentia
622 869 645 919 in
655 881 762 933 corpore,
772 869 811 917 sed
828 870 923 923 solum
943 877 975 925 in

143 940 322 1003 apprehensione
337 940 433 1003 auimae3
449 940 508 1006 sicut
526 940 577 1002 clim
590 941 660 991 sentit
671 953 702 993 „se
721 938 820 999 tristani,
838 942 886 993 vel
904 959 974 1007 gau-

119 1024 124 1032 ·
144 1009 216 1072 dere,
231 1011 258 1060 de
267 1010 343 1073 aliquo
354 1008 438 1060 audito.

434 1124 595 1175 inuentus
611 1124 650 1173 Vl.

240 1231 326 1275 Utrnlm
334 1232 444 1289 poterrttu
452 1232 624 1287 ammoneant
636 1232 666 1275 alt
674 1230 726 1287 <ius
737 1230 848 1276 cucutia.

176 1340 209 1387 nd
222 1342 309 1389 sextum
321 1338 355 1388 sic
368 1339 496 1402 proceditur
509 1338 550 1398 (ll.
562 1339 655 1388 Videtur
668 1336 726 1401 quod
741 1336 852 1401 potentiae
869 1343 968 1397 animae

145 1421 191 1459 nou
204 1410 273 1458 ilunnt
286 1410 314 1459 nb
326 1409 376 1473 ejus
389 1409 495 1459 essentia.
511 1410 545 1459 nli
558 1423 603 1460 uuo
615 1410 675 1459 enim
695 1408 792 1471 simplici
806 1421 855 1457 non
870 1424 967 1475 proce-

145 1482 202 1530 dunt
218 1482 315 1531 diversa.
327 1480 430 1530 Essentin
441 1484 516 1529 auum
531 1480 611 1531 nuimae
625 1485 660 1531 est
674 1492 718 1529 uun
730 1483 752 1529 et
766 1478 877 1543 simplex.
895 1484 969 1537 Clrm

145 1563 198 1615 orgo
210 1551 316 1615 potentie
329 1551 411 1601 anirnae
424 1551 469 1599 sint
478 1552 556 1603 multe
571 1555 594 1601 et
607 1552 715 1615 diversa,
727 1564 771 1599 non
783 1548 885 1615 possunt
896 1570 963 1621 pro-

145 1625 223 1673 cedere
236 1624 265 1671 ab
276 1621 297 1685 ej
301 1636 327 1670 us
343 1623 452 1670 essentia.

176 1697 200 1742 n.
215 1694 341 1752 Praeterea,
353 1692 407 1741 illud
417 1692 429 1741 l
441 1706 486 1755 quo
497 1692 582 1757 aliquid
590 1692 700 1763 procedit,
710 1684 821 1743 est'cnusa
832 1693 888 1756 eJus
905 1698 958 1764 (2).

146 1766 190 1814 Sed
204 1764 303 1813 essentia
315 1762 395 1812 anime
403 1776 450 1813 nou
460 1768 533 1827 potest
541 1762 585 1813 dici
598 1777 664 1814 carisa
677 1764 836 1829 potentiarum,
848 1768 964 1830 atpatet

112 1894 116 1902 ἡ
147 1835 282 1887 discurrenti
290 1848 331 1898 per
342 1833 431 1897 singula
441 1848 557 1885 causarum
569 1847 659 1899 genera.
670 1832 728 1899 Ergo
740 1836 847 1899 polentiae
862 1838 961 1893 animas

146 1921 192 1957 non
205 1910 278 1956 llunnt
291 1907 319 1955 ab
332 1906 382 1968 ejus
396 1906 503 1957 essentia.
772 1963 775 1969 -
893 1900 898 1905 ’

165 1996 168 2008 ·
179 1982 201 2027 3.
213 1980 337 2038 preterea,
347 1979 458 2027 emanatio
468 1978 587 2041 quenndwn
598 1980 681 2026 molum
691 1976 800 2026 nominat.
811 1976 857 2026 Sed
869 1996 883 2024 «
891 1980 963 2035 nihil

147 2054 250 2101 moretur
264 2050 277 2099 l
291 2050 376 2113 seipso,
388 2065 401 2094 n
415 2054 442 2099 nt
457 2050 564 2113 probatur
576 2050 600 2099 in
614 2048 663 2098 Vll.
676 2048 753 2113 Phys.
772 2049 834 2111 (cap.
847 2052 887 2113 l),
906 2055 963 2105 nisi

147 2121 205 2172 forte
219 2121 304 2171 ratione
317 2121 390 2183 partis
401 2137 406 2169 :
417 2119 475 2171 sicut
485 2122 568 2173 animal
580 2120 659 2170 dicitur
670 2119 755 2169 moveri
766 2118 778 2169 l
788 2120 879 2184 seipso,
893 2128 959 2187 quia

146 2206 193 2241 una
205 2206 256 2257 pars
267 2192 318 2255 ejus
332 2195 366 2241 est
377 2198 487 2247 monens,
505 2196 528 2242 et
540 2190 582 2241 alin
594 2194 672 2241 mola.
689 2190 766 2253 Neque
781 2190 852 2239 etiarn
868 2194 959 2248 anima

148 2268 264 2324 movetur,
275 2263 424 2327 ut‘probatur
433 2264 458 2313 in
472 2265 490 2313 l.
511 2264 548 2313 De
562 2264 648 2312 animo
663 2263 737 2327 (tent.
754 2266 783 2310 66
792 2258 815 2324 ).’
827 2262 879 2311 Non
894 2276 961 2331 ergo

148 2336 223 2384 anima
234 2339 311 2385 causat
324 2334 347 2383 in
360 2348 385 2384 se
396 2348 449 2385 suns
458 2335 581 2399 potentias.

178 2406 222 2455 Sed
238 2410 328 2468 contra,
338 2406 446 2469 potentie
460 2406 541 2457 anime
555 2408 608 2454 sunt
621 2404 723 2466 quedam
736 2402 889 2467 proprietates
903 2420 959 2459 nn-

147 2477 229 2526 tnrales
238 2475 318 2540 ipsius.
328 2478 372 2527 Sed
380 2477 507 2541 subjectum
516 2479 551 2526 est
559 2486 626 2524 nausa
634 2475 774 2539 propriorum
785 2474 955 2543 accidentiirur3

147 2549 208 2597 unde
219 2553 243 2599 et
254 2548 346 2612 ponitur
364 2549 389 2598 in
397 2546 678 2609 diffinitioneaccidentis,
691 2549 717 2595 nt
729 2550 791 2609 patet
800 2545 823 2593 in
833 2546 885 2597 llll.
897 2550 957 2613 Me·

183 2663 214 2727 (l)
234 2670 266 2714 llo
281 2667 318 2713 lais
335 2668 406 2716 etiarn
421 2669 445 2725 1,
462 2668 541 2715 seul„
558 2664 611 2709 dist.
627 2662 657 2721 3,
672 2664 784 2721 quoestsl
796 2698 802 2722 ,
816 2672 860 2717 ert.
877 2666 907 2721 Ως
926 2675 954 2714 et

150 2736 231 2786 quest.
246 2728 286 2786 rt,
301 2730 336 2774 De
348 2731 433 2778 verit,
450 2734 493 2773 nrt.
507 2727 535 2781 53
550 2734 574 2771 et
587 2728 676 2784 Opone.
687 2728 728 2785 ΠΙ,
744 2740 796 2783 cap.
811 2727 850 2775 90.

184 2798 214 2860 (nl
230 2801 258 2845 ln
271 2800 354 2844 creatis
373 2798 522 2846 nimirumde
536 2798 619 2855 quihus
632 2799 721 2853 teutdrn
735 2798 772 2843 nic
785 2799 877 2855 spitum
894 2800 952 2846 clam

149 2863 173 2906 in
187 2860 271 2907 diriuis
287 2862 405 2917 processio
422 2860 452 2904 sit
467 2861 535 2905 unius
550 2860 579 2903 nl)
594 2859 638 2904 alio
651 2872 694 2907 nec
708 2866 784 2907 tannen
798 2866 824 2906 ut
838 2862 950 2909 donnes.
