1984 3309
167 193 201 230 nn
216 191 400 232 marmoratos
416 190 448 232 la
463 195 563 235 nonnae
578 196 707 238 tomorum.
796 193 843 241 617

32 268 90 333 galis
99 267 182 333 aliqua
195 271 345 334 apparuerunt
357 271 385 321 rle
395 271 508 336 ejunorli
516 274 638 339 mmmmm,
648 289 703 340 qua
710 277 841 330 anttomut

30 343 65 392 cis
81 341 186 393 occulta.
201 341 230 391 Et
242 355 282 406 par
295 343 357 392 lunc
373 343 465 393 modum
478 347 556 408 puteat
567 347 666 411 intelligi
680 349 741 412 qaod
755 350 839 402 lliero·

31 427 119 478 upmua
142 411 213 476 dicit,
229 411 289 478 quod
309 413 447 477 «apostolis
465 415 654 478 predicantium,
668 419 744 484 angeli
765 421 843 486 aliqua

31 484 146 548 mysteria
161 486 331 548 cognorerunt;
341 500 355 531 u
365 485 418 549 quia
432 485 520 537 scilicet
532 501 574 552 per
582 489 768 552 pradicationem
779 505 840 556 apo-

30 557 146 606 stolorum
160 555 292 620 huiuamodi
303 557 411 620 mysteria
425 557 576 622 explebantur
582 559 608 610 ia
617 560 686 612 reim
695 561 767 625 iptio:
781 563 842 616 aicut

30 627 175 690 praerlimnte
198 627 268 678 Paulo
292 627 395 691 apostolo
417 631 607 681 convertebantur
628 635 725 696 gentes,
743 634 771 684 rle
792 649 840 698 quo

32 698 161 762 apostolus
171 697 204 748 ihi
215 698 323 762 loquitur.

62 770 97 822 ld
107 769 237 822 secuntum
248 768 368 821 dicendum
373 808 382 835 ‚
396 771 457 837 quod
468 772 565 836 apostoli
574 773 745 825 instruebantur
757 775 838 828 imma-

31 841 90 894 orate
110 841 124 890 l
145 840 219 890 verbo
236 841 290 904 ltei,
305 855 352 892 aon
372 843 499 894 coeundum
516 844 569 908 eiua
586 844 741 909 diuinitatem,
755 849 794 898 aad
813 848 840 899 in

31 915 145 972 quantum
155 909 195 960 -cis
216 911 344 962 humanitus
359 913 501 976 loquabatur.
515 913 580 964 liade
594 914 654 963 ratio
667 927 712 965 nou
728 916 837 979 munitur.

63 980 211 1032 intertium
227 981 361 1046 dicendum,
376 983 435 1048 quod
454 985 524 1048 aliqui
539 985 644 1036 homiues
656 986 725 1036 etiam
741 987 765 1038 iu
779 991 839 1039 stata

31 1053 74 1105 ria
87 1057 145 1105 aunt
158 1054 262 1118 majores.
271 1054 383 1117 aliquibus
396 1057 499 1121 augelis,
508 1071 556 1108 uon
570 1058 663 1122 quidem
672 1063 731 1122 actu,
742 1061 783 1111 carl
791 1060 838 1110 rir-

32 1128 88 1187 tute,
99 1125 125 1174 in
138 1127 254 1188 qnantum
267 1125 355 1177 acilioet
367 1127 454 1177 hahent
466 1129 600 1180 charitatem
611 1132 683 1181 tante
697 1130 803 1196 rirtatlu,
813 1135 839 1182 ut

33 1196 124 1258 possint
135 1195 231 1246 mereri
247 1198 358 1261 majorem
378 1197 529 1250 maritumum
539 1201 647 1264 gradum,
661 1200 729 1263 onam
745 1201 838 1265 quirum

32 1268 106 1332 augeli
118 1267 224 1318 habeant
235 1283 240 1316 τ
250 1267 338 1320 sioutoi
348 1269 449 1320 dicamur
459 1283 539 1321 semen
547 1271 645 1336 alicujus
652 1283 741 1336 magau
751 1272 836 1323 arboria

33 1351 81 1388 esse
91 1337 172 1402 maias
183 1335 269 1388 virtute
280 1337 348 1401 quam
357 1337 455 1401 aliquam
465 1351 562 1402 parram
573 1340 690 1403 arborem,
698 1339 749 1389 cium
761 1343 838 1393 maron

36 1408 105 1460 multo
118 1406 202 1459 miuus
215 1407 245 1457 ait
256 1407 281 1458 in
293 1412 353 1459 actu.

334 1553 491 1605 laureolos
505 1555 544 1604 lll.

78 1661 165 1705 Uirium
186 1657 256 1722 homo
272 1671 315 1718 per
330 1660 445 1706 virtutem
461 1662 549 1707 auimo
562 1663 636 1720 possit
652 1664 798 1721 corporalem

297 1723 426 1768 materiam
441 1725 580 1769 immature.

67 1833 98 1882 lo
111 1831 209 1886 tertium
221 1831 254 1882 aiu
265 1832 403 1898 proceditur.
414 1833 509 1884 Videtur
520 1833 580 1898 quod
597 1835 666 1886 homo
678 1847 719 1898 per
728 1834 837 1885 uirtutem

36 1903 115 1956 auiam
128 1903 205 1968 posuit
218 1904 358 1968 corporalem
374 1904 491 1955 materiam
503 1904 632 1956 immutare.
639 1904 699 1954 llicit
710 1904 772 1956 cuim
782 1907 839 1956 Gro-

36 1976 124 2037 gorius¹
139 1976 170 2028 ll.
188 1974 293 2038 Dioloq.
315 1975 384 2040 (cap.
400 1975 462 2039 30),
477 1974 538 2039 quod
557 1976 657 2026 «arnoli
672 1975 779 2024 miracula
796 1975 839 2024 ali-

36 2047 124 2107 quando
132 2060 163 2098 cx
175 2057 245 2110 preca
255 2045 355 2107 fuciunt,
365 2045 487 2110 aliquando
498 2059 527 2096 ex
536 2048 666 2110 potestate:
680 2045 739 2094 sicut
748 2045 837 2107 Patrue,

37 2117 203 2178 quilaltitluam
213 2122 326 2167 mortuum
332 2117 555 2178 orandoausoitarit,
565 2116 677 2167 Amanum
686 2115 839 2179 elsaphiram

39 2187 173 2240 nannenten
187 2187 257 2239 morti
268 2188 407 2254 increpando
420 2189 521 2240 marmio.
533 2205 548 2234 u
560 2189 604 2238 Sed
617 2189 642 2236 in
655 2187 786 2252 operatione
795 2185 839 2236 mi·

39 2261 164 2310 raculurum
180 2259 208 2310 fit
222 2258 298 2324 aliqua
314 2259 441 2312 immulatio
459 2259 561 2310 maturio
576 2258 708 2324 corporalis.
726 2259 785 2323 Ergo
798 2259 840 2308 lro·

40 2331 110 2382 mines
123 2332 209 2382 virtute
226 2343 274 2382 sun
288 2332 370 2384 anime
389 2334 486 2396 possunt
504 2330 623 2383 materiam
637 2330 776 2395 corporalem
794 2329 839 2382 im·

40 2407 133 2454 mutare.

71 2477 94 2521 2.
112 2475 241 2537 Fraterno,
257 2487 326 2538 super
337 2474 392 2526 illud
407 2475 443 2525 od
458 2475 561 2535 Galat,
576 2473 626 2523 111:
644 2472 723 2532 «Quis
738 2485 780 2523 vos
793 2472 840 2524 lao-

41 2543 123 2596 riparii
136 2545 229 2597 tentati
243 2558 291 2596 uon
300 2545 410 2598 obedire?
420 2563 434 2593 a
444 2545 500 2596 (licit
512 2547 592 2598 Gloaaa
601 2542 644 2609 (l),
654 2543 714 2609 quod
725 2544 840 2608 aquilam

75 2661 104 2724 (l)
120 2665 188 2711 Nullo
203 2666 298 2712 nomine
312 2669 455 2722 prenotata,
468 2665 509 2710 ced
522 2677 551 2709 ex
564 2665 624 2710 Petri
637 2663 757 2709 lombardi
771 2663 840 2706 (lom-

45 2728 152 2772 rncnlario
165 2729 286 2786 desumpta
300 2732 348 2782 eut;
365 2725 405 2772 ubl
419 2733 472 2784 post
489 2728 615 2784 explicatus
632 2725 797 2772 laoolnationra
813 2723 841 2766 de

45 2789 133 2846 nagiclo
147 2789 353 2850 ludificationibus,
366 2801 418 2845 quoe
431 2790 497 2835 alitor
506 2789 579 2834 oculia
588 2801 627 2835 rea
636 2787 760 2834 natenlunt
771 2783 840 2840 qutun

45 2850 99 2909 siut,
113 2854 233 2912 subiungit
243 2871 249 2898 r
259 2854 449 2914 [mutuationem
460 2853 534 2897 etiem
544 2851 597 2896 utici
609 2850 672 2908 pauo
685 2847 759 2905 rotat
772 2849 840 2891 aocet

46 2912 177 2972 iurantem«
196 2935 204 2961 :
223 2923 250 2962 ut
263 2922 289 2962 et
309 2915 472 2974 quarteriorum
486 2914 568 2960 oculor
585 2913 638 2960 dior·
654 2913 711 2958 olm
727 2910 841 2956 eroum,
