1984 3309
119 140 165 187 edd
239 148 315 186 rme
331 144 460 194 emmeno,
475 142 568 189 onnon.
587 138 651 191 mr,
668 140 729 180 nus.
748 142 804 180 unu.

153 225 317 289 (Conclusio.
331 248 363 261 -
373 224 442 271 letus
459 219 541 269 animur
555 218 711 281 vegetatus,
726 218 782 269 edm
804 223 922 283 sequentur

120 298 247 361 appetitum
261 296 394 357 naturalem,
404 292 465 343 nullo
478 294 546 355 paeto
558 289 655 354 imperio
666 289 768 341 rationis
783 291 922 353 subduntur.)

153 369 286 433 despondeo
304 362 514 427 dicendum,un
531 364 621 411 actuum
639 361 737 425 quidem
753 363 880 427 procedunt
897 376 924 413 er

122 439 224 504 appetitu
235 437 345 499 nourrii,
355 436 447 500 quidum
459 438 536 484 autern
547 445 577 482 ex
587 432 693 495 appetitu
705 433 805 484 rumuli
813 436 851 485 rel
863 435 924 485 iutel-

122 508 221 561 leetueli.
234 509 306 557 Omne
323 507 385 557 enim
399 518 469 569 egens
480 504 556 567 aliquo
574 504 642 553 modo
656 504 750 568 appetit
764 507 850 569 lineiu3
864 520 927 570 eppe

122 579 178 629 titus
187 582 263 629 aurern
272 577 383 627 naturalis
392 590 438 626 nou
447 574 592 639 consequitur
602 574 703 637 aliquem
712 577 927 640 apprehensionem,

122 651 181 701 sieut
193 645 294 712 sediritur
302 648 418 713 appetitus
431 646 535 697 animalis
546 647 570 695 et
582 644 763 709 iutedeetualis3
780 650 840 699 ratio
854 652 927 699 auteur

123 722 221 785 imperat
236 720 377 782 posmodum
392 717 563 783 apprehensiuae
575 716 687 767 umus:
704 721 729 768 et
743 718 801 771 ideo
815 721 930 783 ueursilli,

125 793 164 856 qui
177 794 305 856 procedunt
316 793 344 842 ab
358 788 461 855 appetitu
473 788 613 839 intellectiuo
625 789 664 838 nel
677 788 793 853 mimuli,
809 797 905 857 possunt
921 793 933 841 l

125 863 213 914 ratione
233 862 356 926 imperari,
371 874 418 911 uon
437 863 514 909 autem
530 859 564 908 illi
581 859 622 921 qui
634 860 769 922 procedunt
785 876 818 913 ex
836 866 933 929 appetitu
974 891 976 894 ·

127 936 233 985 naturali.
248 932 382 997 llujusmodi
394 936 469 981 auteur
482 932 545 980 uetus
556 931 610 979 eunt
619 931 760 993 vegetabilis
770 934 865 986 anime.
875 938 933 985 Unde
974 973 976 990 ;

126 1006 246 1070 Gregorius
258 1006 374 1068 Nyssenus
388 1001 456 1063 dicit,
468 1000 529 1065 quod
543 1018 557 1066 p
566 1005 660 1051 voretur
668 1005 779 1055 naturale
792 1007 858 1069 quod
871 1021 935 1071 geue
974 1011 976 1050 l

126 1077 225 1127 nativum
233 1080 256 1126 et
266 1075 431 1125 nutritivum.»
440 1075 565 1137 Etpropter
573 1074 619 1124 hoe
627 1077 693 1126 aetus
705 1078 848 1139 vegetubilis
857 1080 934 1130 euius
974 1067 976 1132 f

127 1161 174 1198 uon
192 1148 318 1198 subduntur
332 1145 428 1210 imperio
441 1143 543 1194 rationis.
974 1143 976 1146 '

160 1220 195 1269 nd
210 1218 308 1283 primum
320 1230 374 1280 ergo
391 1216 526 1276 dioeudum,
539 1215 600 1279 qudd
613 1216 701 1279 quante
722 1219 813 1284 aliquis
826 1226 893 1273 actus
906 1228 938 1271 est
974 1243 976 1268 :

129 1290 312 1351 immaterialior,
327 1289 390 1339 tuutd
411 1292 446 1338 est
462 1287 559 1338 nobilior
580 1291 604 1337 et
622 1289 696 1351 magis
717 1292 829 1345 subditus
848 1296 938 1360 irnperio

131 1364 224 1414 rationis
241 1362 320 1411 :unde
334 1374 363 1411 ex
373 1362 424 1424 ipso
439 1358 570 1424 qudduires
581 1360 664 1411 emme
678 1366 825 1425 vegetabilis
834 1369 939 1418 uonole
974 1375 976 1424 ζ

132 1433 198 1485 diunt
210 1433 307 1494 rationi,
321 1434 416 1496 apparet
429 1432 471 1480 lius
484 1430 576 1479 ulmus
589 1442 650 1481 esse.

166 1506 332 1555 inserendum
344 1504 472 1563 dicendum,
484 1500 545 1565 qudd
555 1502 679 1554 similitudo
687 1498 821 1559 attenditur
833 1517 940 1575 quantur

133 1579 161 1627 ed
174 1576 259 1640 repud
267 1614 274 1638 ,
283 1577 337 1639 quie
349 1574 434 1625 seilicet
448 1574 508 1624 sieut
520 1574 580 1624 lleus
593 1580 671 1624 mouet
684 1580 817 1645 mnndum,
826 1582 861 1632 ita
872 1584 942 1633 anina

134 1652 210 1698 movet
219 1660 315 1710 eorpus3
331 1660 377 1695 non
387 1649 462 1695 auteur
474 1646 583 1708 paulum
594 1646 623 1695 ud
631 1648 723 1711 omniu,
734 1663 784 1700 nou
793 1653 860 1703 euim
872 1656 943 1708 anino
974 1661 976 1708 ξ

134 1718 221 1767 creauit
240 1731 321 1781 eorpus
334 1730 363 1767 en
376 1716 461 1780 nihilo,
481 1716 541 1766 sieut
553 1717 756 1788 lleusmundum,
774 1726 944 1790 propterquod
974 1759 976 1784 ;

135 1790 233 1839 totaliter
244 1788 347 1839 subditur
362 1788 412 1851 eJ'us
424 1787 526 1852 irnperio.
974 1793 976 1854 J

166 1860 201 1911 lid
210 1859 301 1910 tertium
312 1859 439 1922 dicendum,
456 1858 516 1922 quod
529 1861 601 1909 uirtus
612 1865 635 1911 et
648 1861 740 1924 uitium,
751 1865 806 1916 laus
819 1872 846 1918 et
860 1870 944 1931 vitnpu·
974 1889 976 1926 ε

135 1932 196 1981 rium
211 1945 256 1982 uou
271 1931 380 1981 debentur
398 1930 455 1993 ipsis
467 1930 554 1981 sutilius
567 1932 685 1983 nutritive
698 1934 736 1983 vel
747 1938 894 1998 generatiuae
909 1953 945 2002 po
974 1973 976 1980 .

137 2004 215 2053 teutiae
223 2038 232 2066 ,
250 2016 300 2065 que
317 2005 370 2052 sunt
388 2001 484 2064 digestio
497 2005 524 2051 et
540 1999 646 2053 formatio
658 2006 762 2068 eorporis
778 2010 894 2074 humani,
909 2017 944 2059 se!
974 1993 976 2048 i

138 2074 226 2124 selinus
237 2072 351 2123 seusitivae
359 2072 430 2137 pertis
441 2072 551 2123 ordinetis
565 2076 592 2124 ad
602 2080 665 2125 artus
673 2078 815 2139 generetivae
826 2083 867 2131 vel
876 2084 945 2131 nulri-
974 2085 976 2116 l

138 2144 207 2208 tivae,
221 2144 276 2209 pull
296 2144 321 2193 iu
340 2144 523 2207 concupiscendo
540 2145 713 2196 delectationem
730 2148 777 2198 eibi
795 2155 820 2201 et
837 2167 943 2204 venereo-

140 2229 202 2279 rnnr,
219 2220 242 2267 et
264 2208 348 2267 uteu'do
368 2216 490 2267 secuuddro
504 2219 566 2280 quod
579 2222 682 2281 oportet,
698 2222 739 2270 vel
751 2236 801 2272 nou
821 2226 943 2276 seeundum

139 2287 199 2348 quod
212 2292 309 2351 oportet.

141 2428 217 2487 potiris
231 2436 255 2475 et
272 2433 371 2489 pleniori
389 2445 458 2479 sensu
469 2435 534 2479 reddi
547 2436 627 2481 debuit
640 2450 692 2483 ooo
704 2438 822 2487 obediens
834 2446 944 2492 radoni:
974 2463 976 2498 ι

140 2504 186 2537 nou
198 2493 260 2538 enim
272 2496 345 2540 solum
360 2496 472 2553 signident
484 2501 595 2561 πειθεθαι,
608 2502 773 2557 persuaderi,
784 2506 826 2550 sed
841 2508 944 2555 adedo-e.
974 2547 976 2556 ,

142 2566 195 2622 quin
212 2567 291 2613 obedit
304 2580 373 2611 nemo
395 2568 510 2625 particeps
528 2570 624 2614 rationis
639 2572 685 2616 nisi
698 2585 843 2635 persuasus,
858 2586 883 2623 et
895 2594 944 2635 prr·
974 2577 976 2620 ξ

142 2630 256 2673 suasionis
265 2629 375 2683 judicium
396 2630 499 2675 estotim
517 2632 603 2677 obedit.
974 2645 976 2648 '
