1984 3309
175 144 207 183 nit
222 142 359 196 commu,
376 144 419 190 0111
434 144 476 183 EST
492 142 567 184 dem
582 143 739 187 volmarus.
811 142 859 189 Μ

47 228 102 287 tas,
118 221 195 286 cujus,
205 225 246 272 est
257 222 350 293 undere
368 224 395 273 ad
409 223 482 286 ipsam
502 235 564 285 rem,
584 224 657 287 magis
672 224 762 289 proprie
776 223 859 280 onim

46 295 201 358 consentiam
212 293 341 347 intellectus
351 298 436 357 autem,
444 295 512 359 cujus
519 296 622 359 operatio
632 310 679 347 non
688 300 723 347 est
733 298 858 349 securrdbm

47 370 144 419 motum
154 366 182 417 ad
198 380 261 429 rem,
273 368 312 417 sed
320 366 422 432 petiisse
436 380 563 432 converso,
573 368 633 419 utin
646 368 720 433 primo
731 369 815 420 dietum
824 376 860 423 est

47 442 113 502 (sen
124 440 145 489 l.
157 443 229 503 part,
241 452 281 503 qu.
291 443 331 501 tt,
343 441 386 489 art.
398 442 422 502 t,
432 442 456 489 et
466 453 507 502 qu.
517 443 562 503 bt,
574 444 618 492 art.
629 440 670 504 t),
682 442 756 505 magis
765 443 857 506 proprii

47 511 138 562 dicitnr
154 509 280 573 assentire,
294 509 398 573 quimus
412 524 482 561 unum
495 524 538 575 pro
551 511 596 563 alio
613 512 668 576 poni
686 515 766 565 soleat.
781 516 859 566 Potest

47 584 126 635 etiam
137 582 198 645 diei,
212 581 272 647 qudd
289 581 419 635 mutemus
431 582 543 646 assentit,
557 582 704 649 inquantum
718 585 857 639 aroluntste

48 657 169 707 movetur.
481 692 484 696 -

354 726 517 777 neomutus
529 726 560 777 ΙΙ.

127 822 129 826 ’
153 833 239 879 Utrum
249 844 375 879 cousensus
384 833 508 878 conveniet
519 833 595 878 mm
607 834 760 881 animalibus.

83 946 120 997 Ad
134 944 262 995 soeundmn
276 942 309 993 sic
325 942 464 1007 proceditur.
478 942 573 994 Videtur
588 944 650 1009 qabd
659 956 786 996 consensus
804 960 858 997 con·

48 1018 135 1071 ueniat
146 1014 221 1067 brutis
232 1014 376 1067 annualibus.
391 1016 521 1066 Consemm
533 1016 595 1067 enim
607 1015 714 1081 importat
723 1017 858 1069 determina-

49 1093 144 1143 tionem
157 1087 274 1153 appetitis
289 1088 317 1138 ad
329 1101 408 1137 unum.
417 1086 462 1138 Sed
475 1087 590 1152 appetitus
600 1089 719 1139 bmtorum
726 1089 858 1139 animalium

49 1166 110 1215 sunt
127 1158 275 1213 determinati
288 1160 316 1211 ad
333 1172 413 1210 unum
432 1160 493 1223 Ergo
506 1173 634 1211 consenum
647 1160 673 1211 in
685 1162 760 1213 brutis
774 1160 859 1213 amma·

48 1236 114 1287 libus
124 1231 251 1285 invenitur.

82 1314 111 1359 2.
126 1307 256 1367 traderes,
270 1307 356 1357 remoto
374 1304 444 1369 priori
457 1306 586 1355 removetur
600 1303 722 1369 posterius.
741 1304 787 1354 Sed
804 1316 857 1354 con-

50 1394 141 1433 sensus
160 1377 270 1443 precedit
289 1376 364 1442 operis
381 1376 548 1427 executionem.
566 1375 590 1425 Si
604 1388 660 1439 ergo
678 1374 701 1424 in
718 1375 792 1425 brutis
814 1388 860 1425 non

50 1455 118 1505 esset
132 1463 275 1513 consensus,
289 1460 335 1500 non
350 1451 411 1501 esset
421 1448 446 1497 in
457 1448 491 1499 eis
506 1447 582 1513 operis
595 1446 713 1509 executio,
726 1447 788 1511 qnod
796 1449 861 1511 patet

48 1538 103 1577 esse
116 1523 210 1575 laisum

83 1601 110 1646 a.
120 1597 244 1658 praterea,
255 1594 360 1645 homines
367 1593 482 1645 interdum
493 1591 623 1644 consentire
633 1590 768 1643 dicuntnrin
776 1590 860 1655 aliquid

50 1668 169 1733 agendum
180 1680 209 1717 ex
221 1665 298 1730 aliqua
313 1666 429 1730 passione,
443 1664 499 1729 puta
509 1663 695 1730 concupiscentia
706 1662 743 1714 uel
758 1663 800 1713 ira.
815 1663 860 1713 Sed

49 1743 122 1791 bruta
135 1738 244 1789 animalia
258 1751 287 1789 ex
305 1737 411 1802 passione
424 1741 503 1800 agunt.
518 1737 578 1799 Ergo
591 1736 661 1787 ineis
676 1739 712 1786 est
725 1748 858 1787 consensus.

82 1812 131 1863 Sed
145 1813 225 1862 contra
235 1813 278 1873 est,
291 1810 351 1872 quod
367 1810 522 1859 Damascenus
536 1808 593 1859 dicit
605 1809 658 1874 (lib.
671 1810 706 1871 ll,
715 1806 755 1858 ubi
768 1806 858 1871 supra),

50 1884 116 1951 pubd
129 1898 143 1946 a
153 1884 206 1946 post
218 1880 331 1945 judicium
345 1882 414 1931 homo
425 1880 524 1945 disponit
539 1883 563 1931 et
575 1884 635 1929 amat
648 1880 708 1943 quod
725 1892 755 1929 ex
766 1878 860 1929 consilio

51 1958 182 2023 judicatum
194 1958 243 2016 est,
255 1953 316 2017 quod
329 1956 423 2005 uocatm
435 1953 558 2015 sententia,
569 1952 659 2002 »idest
670 1964 803 2001 consensus.
815 1950 859 2001 Sed

52 2028 179 2082 consilium
199 2038 246 2077 non
259 2028 294 2076 est
307 2024 331 2075 in
345 2025 418 2076 brrrtis
432 2024 576 2075 animalibus.
588 2024 648 2086 Ergo
664 2035 708 2073 nec
724 2034 858 2072 consensus.

87 2103 295 2165 (coscemn.-
304 2097 433 2149 Cbmuulla
442 2096 506 2147 sitin
516 2094 589 2145 brutis
596 2094 731 2144 animaibm
740 2092 860 2157 appositivi

54 2178 133 2227 notras
148 2170 271 2237 applicatio
288 2170 317 2221 ad
332 2169 450 2235 quippiam
465 2168 591 2232 agendum,
606 2164 748 2231 impossibiie
765 2169 801 2215 est
815 2163 860 2215 illis

54 2256 199 2299 consensum
210 2243 309 2307 aliquem
322 2242 467 2304 consonus.)

87 2316 229 2382 Respondes
247 2315 380 2376 dicendum,
394 2312 454 2378 quod
473 2324 612 2374 consensus,
630 2308 722 2373 pmprib
735 2310 861 2379 loquendo,

55 2404 103 2443 non
122 2390 158 2439 est
171 2386 197 2437 in
213 2386 286 2437 bnrtis
298 2384 449 2437 animalibus:
463 2384 529 2449 cuius
541 2382 597 2432 ratio
609 2385 658 2446 est,
672 2381 726 2446 qnia
738 2394 864 2433 consensus
896 2390 901 2397 ’

56 2462 170 2528 importat
189 2458 364 2523 applicationem
379 2456 500 2523 appositivi
512 2458 588 2507 motus
599 2454 629 2505 ad
641 2453 728 2517 aqud
741 2454 862 2517 agendum.

57 2537 118 2600 Ejus
134 2534 212 2583 auum
224 2534 261 2581 est
275 2530 387 2593 applicare
403 2529 552 2593 appetitivum
563 2529 651 2577 motum
661 2526 690 2577 ad
703 2525 787 2589 abqnid
796 2537 865 2586 agen·

58 2609 128 2669 dum,
141 2604 168 2653 in
180 2602 247 2667 cujus
258 2604 369 2666 potestus
386 2604 422 2653 est
436 2600 574 2665 appositivas
589 2604 665 2650 motus
679 2614 685 2647 :
697 2597 755 2648 siem
771 2599 864 2657 tangere

59 2678 162 2743 lapidem
180 2676 287 2725 convenit
305 2674 398 2738 quidem
416 2674 511 2733 bacrio,
524 2673 564 2722 sed
579 2671 693 2735 applicare
713 2667 819 2719 baculum
835 2666 865 2717 ad

59 2754 147 2801 tactum
157 2746 249 2813 lapidis,
260 2749 295 2797 est
305 2746 402 2810 ejusqui
413 2746 483 2795 habet
492 2744 517 2793 in
527 2746 641 2808 potestate
649 2737 863 2793 morerebacnlam.

62 2823 133 2873 Bruta
145 2824 225 2871 autem
238 2818 345 2869 animalia
356 2830 402 2869 uon
410 2817 496 2867 habent
505 2814 531 2865 in
543 2828 584 2865 saa
593 2815 705 2878 potesne
714 2808 864 2874 appetitivum

61 2897 168 2958 notam,
183 2888 288 2945 moruus
301 2893 376 2943 motu
389 2889 413 2941 in
431 2888 466 2941 eis
475 2890 511 2941 est
521 2900 552 2939 ex
568 2885 677 2940 instinctu
689 2886 784 2936 natum.
799 2880 864 2934 Unde
