1984 3309
244 113 275 148 ua
290 110 362 149 rurus
377 112 477 151 uolentis
494 111 675 162 anonumum,
689 114 741 152 nc.
847 106 894 152 333

87 186 240 250 productione
262 188 359 239 huminis
378 192 488 252 quantum
512 190 541 239 ud
561 190 674 254 auimam3
693 194 722 240 30
737 194 847 254 quaumm
866 194 894 241 ad

87 271 171 323 eorpus
182 258 244 321 uiri3
260 264 286 308 30
294 262 402 323 quantum
415 262 444 309 al
455 260 630 324 productionem
639 261 751 312 mulieris.

116 330 183 380 Circa
196 331 298 394 primum
313 336 442 396 queruntur
452 335 565 395 quatuor:
579 336 606 382 10
616 331 695 383 Utrum
706 333 783 385 anima
794 335 894 385 humana

86 402 114 451 sit
130 402 220 466 aliquid
234 403 335 466 factum,
350 404 431 454 vulsit
447 404 475 453 de
493 404 622 453 substantia
637 404 710 468 ipsius
724 405 774 456 Dei.
790 408 817 455 2⁰
836 407 894 471 Sup-

86 474 159 536 posito
170 474 237 539 quud
250 475 281 525 sit
292 474 362 537 laute,
373 474 449 525 utrium
459 476 488 526 sit
502 480 586 525 creata.
594 501 596 510 ν
603 481 628 525 30
637 476 717 527 Uirium
731 476 762 527 sit
772 476 831 527 iacta
845 489 895 527 me-

85 545 201 597 diantibus
216 546 316 610 augelis.
333 548 451 605 t⁰slltrrlur
466 547 496 599 sit
506 547 567 598 lucta
581 551 635 598 aute
649 562 741 613 mrpus.

393 702 550 753 tumemus
563 703 583 751 l.

164 818 256 863 Utrum
265 818 348 861 areima
357 819 389 862 sit
397 819 477 875 sautu,
492 819 530 862 uel
539 818 571 862 εἰι
580 819 609 862 de
617 819 752 863 substantia
761 820 815 863 Dei,

115 936 264 1001 ltprimum
280 935 314 985 sie
327 936 455 999 proceditur
465 935 510 1000 (1).
524 936 619 986 Videtur
632 935 691 1000 quid
709 936 785 987 anima
797 951 844 988 nou
862 938 893 987 sit

89 1004 147 1070 iaetu,
167 1008 212 1057 secl
223 1007 257 1057 sit
270 1008 299 1057 de
309 1007 437 1057 substantia
445 1007 495 1058 Dei.
508 1007 594 1057 Dicitur
600 1008 661 1058 enim
674 1009 744 1070 Gen„
756 1010 794 1058 ll:
811 1026 825 1056 «
834 1010 892 1059 Fur·

87 1078 150 1127 mavit
168 1080 235 1129 Deus
255 1077 371 1128 huminem
386 1078 414 1129 de
427 1078 481 1129 limo
496 1083 577 1142 terrae,
591 1083 614 1130 et
628 1079 748 1143 inspiravit
766 1078 790 1129 iu
807 1080 889 1130 taciem

86 1146 131 1209 ejus
143 1148 289 1213 spiraculum
301 1150 355 1200 vitat
370 1165 376 1199 ε
393 1150 502 1201 etractus
520 1154 556 1201 est
573 1152 641 1201 homo
655 1149 789 1200 inanimam
806 1151 890 1201 riven-

84 1220 136 1267 tem.
145 1236 159 1267 u
173 1222 221 1272 Sed
234 1220 274 1270 ille
284 1220 324 1285 qui
334 1220 418 1285 spirat,
428 1220 514 1285 aliquid
526 1221 571 1272 ase
582 1222 673 1271 emittit.
689 1222 747 1283 Ergo
759 1221 833 1273 anima
845 1236 890 1287 qua

85 1290 147 1343 hume
166 1293 242 1357 vivit,
257 1297 293 1343 est
309 1292 392 1357 aliquid
407 1295 434 1343 de
450 1294 577 1344 substantia
589 1293 639 1343 liei.

113 1368 136 1415 3.
152 1366 284 1428 Praeterea,
300 1366 360 1415 sieut
372 1365 440 1431 supra
454 1367 556 1417 habitum
567 1369 602 1415 est
615 1366 663 1429 (2),
679 1365 754 1415 anima
769 1369 804 1415 est
817 1367 888 1416 turma

84 1434 186 1499 simplex.
205 1438 253 1488 Sed
274 1438 347 1490 forma
360 1441 395 1487 εει
408 1441 480 1487 actus.
496 1438 556 1500 Ergo
576 1436 649 1486 anima
669 1441 704 1486 est
723 1440 787 1486 aetus
803 1451 887 1500 purus,

85 1508 140 1568 quud
154 1512 189 1558 est
202 1508 277 1559 solius
289 1507 338 1558 liei.
351 1508 407 1571 Ergo
416 1508 491 1558 anima
504 1512 538 1558 est
551 1509 578 1558 de
594 1507 721 1559 substantia
734 1508 786 1558 liei.

115 1584 135 1627 3.
152 1581 281 1641 Praeterea,
296 1592 437 1644 quacunque
449 1582 503 1629 suut
517 1584 539 1630 et
551 1580 612 1630 uullo
623 1580 689 1630 modu
703 1579 810 1631 differunt
817 1619 826 1645 ‚
837 1586 890 1631 sunt

85 1647 149 1699 idem.
167 1654 214 1703 Sed
230 1653 293 1701 Deus
312 1652 336 1701 ει
349 1664 413 1701 meus
433 1654 485 1701 sunt
499 1656 523 1701 ει
538 1652 600 1701 nullo
619 1650 817 1715 praemiserunt,
835 1653 889 1716 quia

86 1727 196 1783 oporteret
213 1721 277 1788 quid
295 1722 407 1785 aliquibus
422 1723 558 1774 differentiis
575 1724 706 1785 differrent,
721 1726 744 1773 ει
763 1722 797 1773 sie
814 1726 907 1792 esseut⁸

86 1796 216 1858 composita.
235 1796 296 1859 Ergo
311 1795 370 1845 Deus
381 1798 404 1845 et
420 1808 484 1845 mens
495 1796 594 1845 humanu
604 1796 665 1845 idern
680 1798 740 1844 suut.

113 1865 156 1917 Sed
171 1871 254 1919 contra
270 1871 319 1930 est,
335 1868 395 1931 quud
408 1867 549 1930 Augustinus
562 1868 586 1916 in
599 1867 637 1917 lib.
662 1868 699 1917 De
712 1867 781 1931 orig.
799 1868 888 1915 animm

87 1934 137 1997 (lib.
153 1940 184 1990 lll
193 1978 202 2004 ‚
212 1952 264 2007 cap.
279 1941 341 1999 15),
357 1942 475 1988 enumerat
486 1940 602 2002 quedam,
614 1952 665 2002 quae
680 1936 736 1987 dicit
745 1950 796 1989 esse
812 1939 890 1987 «mul-

88 2004 130 2056 ltlm
142 2010 267 2074 apertique
278 2022 385 2073 perversa
397 2013 421 2059 ει
433 2008 487 2058 iudei
496 2009 611 2059 catholicae
625 2008 730 2057 aduersa.
741 2023 755 2053 u
770 2008 889 2071 interque

88 2078 182 2139 primum
202 2084 252 2146 est,
271 2078 332 2145 quiid
345 2080 438 2144 quitum
454 2078 560 2129 dixemut
574 2099 587 2127 u
598 2082 670 2130 lleum
683 2079 782 2128 animaru
797 2092 843 2128 uun
861 2079 890 2129 de

89 2148 164 2217 nihilo,
180 2154 221 2204 sed
235 2153 263 2203 de
280 2152 355 2217 seipso
366 2152 457 2203 iecisse.
469 2166 483 2199 „

120 2222 275 2283 (Coactusro.
282 2250 312 2261 -—
319 2222 376 2273 eum
385 2223 460 2273 anima
469 2225 568 2272 humana
577 2222 606 2272 sil
613 2222 749 2285 quandoque
756 2221 889 2290 intelligens

90 2289 111 2340 iu
122 2296 237 2359 putentia,
252 2298 313 2346 lteris
324 2298 400 2345 autem
415 2296 445 2346 sit
459 2310 530 2359 purus
541 2298 618 2355 aetus,
633 2291 773 2358 impossibile
789 2297 825 2345 est
839 2308 890 2345 eam

91 2375 135 2414 esse
150 2368 177 2418 de
191 2367 233 2419 liei
249 2367 387 2431 substantia,
401 2368 440 2418 sed
453 2367 536 2417 laetam
548 2380 598 2417 εεεε
609 2366 724 2430 oportet.)

118 2436 254 2503 Respondeo
268 2440 388 2489 licendum
397 2478 403 2499 ,
412 2436 472 2502 quid
484 2438 559 2488 (licere
570 2438 667 2487 animam
681 2451 733 2489 εεεε
745 2438 772 2489 de
784 2439 890 2489 substau-

121 2580 149 2643 (1)
164 2588 197 2631 Ιιε
217 2583 253 2631 iris
268 2586 338 2630 etiarn
351 2584 376 2629 in
388 2586 424 2641 ll,
437 2584 515 2633 Sept„
528 2584 582 2629 list.
598 2581 641 2642 17,
662 2596 702 2641 qu.
721 2583 748 2644 l,
764 2590 807 2630 art.
823 2584 850 2637 1;
867 2592 892 2629 ει

93 2642 367 2706 CortruGeut.,lib.11,
378 2660 430 2705 cap.
441 2646 479 2700 833
493 2654 517 2691 ει
528 2648 742 2706 0puec,‚111‚eap.
754 2647 785 2691 95
798 2652 822 2692 et
832 2645 889 2691 att.

122 2713 149 2777 (2)
164 2721 277 2765 Nimirum
290 2733 331 2777 qu.
341 2718 384 2777 ⁷5,
396 2726 440 2764 art.
454 2718 481 2775 5,
493 2719 533 2763 ubi
543 2718 666 2775 probatum
678 2732 706 2763 ex
718 2720 824 2775 professu
837 2729 891 2761 eam

94 2788 118 2819 ⁰¹
129 2785 225 2829 materia
233 2790 258 2828 ει
266 2784 341 2829 torma
351 2794 397 2828 uon
406 2782 529 2839 eompuui3
538 2781 599 2837 quud
615 2781 675 2827 idem
685 2788 722 2827 est
733 2794 761 2827 ae
772 2782 792 2825 si
802 2781 891 2825 alluatur

95 2836 159 2891 formu
175 2846 283 2904 simplex.
