1984 3309
155 168 200 215 tlt
338 176 399 215 runs
413 178 435 227 r,
451 175 546 219 oonsr.
563 174 651 223 mm,
667 174 722 213 ur.
741 174 768 211 ιι.

155 257 260 316 utroque,
267 252 320 316 qnia
331 251 489 315 iqnihuslihet
499 251 594 302 diversis
604 250 716 314 mnungtt
723 250 856 303 abstrahere
864 252 957 318 aliquod

154 336 273 375 eommune
289 323 441 386 intelligibile.
454 324 518 382 Quod
532 326 568 375 εει
585 326 661 373 eontra
675 321 784 373 rationem
799 322 933 376 intellectus
949 342 955 375 ι
973 315 974 397 l

154 396 209 459 quia
226 396 259 445 sio
270 408 317 445 non
328 395 443 445 videretur
455 395 564 459 distingui
578 395 709 445 intellectus
723 392 736 442 d
749 393 834 445 virtute
846 395 958 460 imaginu-
973 400 974 413 ¹

154 468 212 519 lira.
224 467 316 517 Videtur
332 479 386 530 ergo
399 466 499 531 relinqui
511 466 571 531 quod
590 465 620 515 sit
633 480 692 516 nnus
708 464 838 516 intellectis
851 469 955 518 omnium

154 538 280 591 hominnm.
645 566 649 572 ·

187 616 210 662 t,
228 613 357 671 Preterea,
375 609 428 661 elim
440 609 564 675 discipulus
577 609 664 673 uooipit
674 608 792 661 seientiam
802 608 817 659 l
829 612 955 675 magistro.
974 647 975 669 ι

154 696 201 736 nou
219 685 295 747 potest
313 682 359 733 dici
377 683 438 747 qnod
455 682 552 734 seientia
567 681 668 745 magistri
687 685 780 745 generet
796 680 921 733 seientiam
938 686 959 733 in

154 754 274 819 discipulo;
282 755 336 818 qnia
344 753 377 805 sic
384 754 452 805 elium
459 754 556 805 scientia
564 758 624 805 esset
632 754 705 804 forma
716 753 800 815 εειιεε,
807 754 955 807 sient-enlm:

153 826 214 891 quod
233 830 296 891 patet
315 839 367 877 esse
386 826 477 879 laisum.
493 826 586 877 Videtur
607 839 660 889 ergo
678 826 738 889 quod
760 826 841 877 eudem
861 840 959 878 numero

153 898 263 960 seientia,
276 913 328 963 qne
342 902 377 949 εει
393 898 417 948 in
428 898 549 962 magistro,
567 896 746 950 communiretur
755 896 879 961 discipulo.
893 900 957 958 Quod

153 984 203 1022 esse
220 984 267 1021 non
279 974 355 1035 potest
367 1009 373 1032 ,
386 970 431 1021 nisi
448 970 479 1020 sit
495 982 555 1019 nnus
573 969 703 1019 intellectus
719 968 848 1031 utriusque.
861 970 961 1022 Videtur

153 1055 208 1107 ergo
228 1044 289 1105 quod
307 1041 336 1092 sit
356 1056 416 1093 unns
434 1042 563 1091 intellectus
580 1039 685 1105 discipuli
700 1043 724 1091 ει
740 1040 852 1104 magistri.
869 1042 903 1093 Et
919 1058 959 1107 per

153 1127 295 1177 consequens
307 1114 409 1165 omnium
423 1114 549 1165 hominnm.
947 1166 953 1181 ⁸

187 1192 209 1236 6.
220 1186 342 1245 Praeterea,
352 1188 491 1248 Augustinus
501 1185 557 1235 dicit
566 1184 590 1234 iu
599 1184 639 1235 lih.
646 1184 684 1233 De
693 1184 838 1249 quontitate
845 1188 961 1236 animo:

156 1276 171 1307 ε
181 1258 206 1309 si
220 1259 298 1322 plores
306 1258 494 1309 tontum-unimus
503 1258 614 1310 humanus
622 1256 727 1315 dixerim,
740 1255 790 1320 ipse
798 1270 836 1305 me
846 1257 959 1311 ridebo.»

154 1331 198 1381 Sed
219 1328 316 1381 maximo
329 1329 417 1379 videtur
429 1328 504 1379 animo
515 1340 567 1379 esse
579 1341 625 1379 nna
637 1332 746 1392 quantum
760 1328 788 1377 ud
803 1327 961 1383 intellectum.

154 1402 214 1464 Ergo
224 1405 260 1453 est
270 1415 330 1450 nnus
342 1400 472 1451 intellectus
481 1400 581 1451 omnium
594 1399 719 1450 horridum.

187 1474 231 1524 Sed
248 1477 326 1524 contre
344 1477 396 1531 est,
413 1473 474 1535 quod
496 1472 646 1534 Philosophus
664 1470 720 1521 dicit
741 1470 766 1523 iu
783 1471 814 1520 ll.
841 1472 960 1539 Physic„

156 1548 211 1595 lent.
223 1549 263 1607 58,
276 1546 337 1608 quod
354 1560 368 1591 u
381 1543 441 1593 siout
454 1556 479 1593 se
489 1544 574 1593 hubent
586 1556 661 1593 oausae
674 1541 813 1593 universales
821 1545 852 1593 ad
863 1547 962 1597 univer-

156 1617 227 1680 salia,
241 1617 273 1666 itu
286 1630 311 1666 se
324 1617 408 1665 hahent
418 1628 492 1666 cause
504 1615 649 1679 particulares
667 1616 695 1666 ad
710 1615 866 1680 particularia.
884 1636 901 1667 n
921 1622 964 1671 Sed

156 1689 294 1754 impossihile
306 1686 412 1749 estquod
424 1699 468 1735 unu
481 1687 557 1737 enimn
571 1688 692 1739 secuudum
707 1687 823 1753 speeiem,
838 1690 870 1740 sit
881 1692 962 1743 diver-

156 1774 232 1812 sorum
253 1758 383 1810 animalium
404 1758 529 1807 seeundum
549 1758 659 1822 speeiem,
679 1760 738 1823 llrgo
757 1760 905 1823 impossihile
927 1769 963 1814 ost

156 1834 216 1897 quod
228 1832 304 1883 enimn
318 1829 456 1881 intellectiva
469 1844 516 1881 uon
526 1844 621 1882 numero
629 1830 665 1883 'sit
677 1831 819 1883 diversorum
831 1837 964 1887 seeundum

156 1918 281 1955 numerum.

188 1977 346 2035 (Couunusro.
356 2000 387 2011 —
397 1974 455 2036 Cirm
472 1973 612 2038 impossihile
626 1974 657 2024 sit
668 1974 773 2039 plurium
782 1988 882 2029 numero
897 1980 965 2031 dille-

156 2049 253 2101 reutinm
266 2060 318 2097 esse
330 2060 397 2096 unam
411 2048 520 2106 lormam,
533 2045 591 2096 dont
604 2045 744 2109 impossihile
754 2050 791 2096 est
808 2049 871 2111 quod
881 2063 966 2101 eorum

156 2123 187 2172 sil
205 2135 277 2178 unum
295 2134 361 2182 esse;
378 2122 467 2182 oportet
481 2119 620 2185 principium
638 2117 801 2169 intellectirnm
813 2121 968 2187 multiplicari

157 2194 279 2244 seeundum
289 2190 501 2255 multiplicationem
511 2189 655 2255 oorporum.)

187 2265 324 2329 Respondeo
337 2262 469 2325 dicendum,
482 2262 544 2326 quod
557 2263 695 2313 intellectum
709 2274 760 2313 esso
771 2276 845 2313 unum
857 2269 967 2317 omnium

156 2337 274 2389 homiuum
287 2334 380 2385 omniuo
392 2339 428 2385 εει
440 2333 590 2398 impossibile.
606 2336 635 2384 ut
645 2335 689 2384 hoo
701 2333 792 2397 quidem
806 2338 882 2400 putet,
895 2338 918 2389 si
932 2354 969 2389 εε-

157 2409 256 2459 eundum
265 2405 369 2457 Platonis
382 2406 517 2456 seutentiam
529 2408 596 2457 homo
609 2406 639 2455 sit
652 2405 704 2469 ipse
720 2406 848 2456 intellectus
861 2424 867 2457 :
881 2424 969 2473 seque-

157 2484 218 2533 retur
230 2477 331 2539 enimsi
343 2477 445 2529 Socratis
457 2482 482 2529 et
494 2478 597 2528 Platonis
608 2482 644 2529 est
654 2492 713 2529 unns
723 2477 852 2537 intellectus
863 2484 969 2545 tantum,

157 2550 217 2615 quod
235 2553 341 2601 Socrates
351 2553 375 2598 ει
387 2550 453 2601 Ριειε
466 2549 514 2600 εἰει
531 2564 590 2605 unus
603 2551 688 2608 homo,
707 2552 730 2599 ει
744 2549 802 2613 quod
818 2562 868 2599 non
882 2552 970 2603 distin-

158 2626 255 2685 guantur
275 2622 302 2671 nh
314 2620 428 2684 iuuioem,
447 2622 492 2672 nisi
508 2634 549 2685 per
564 2622 608 2673 hoo
623 2622 682 2684 qnod
698 2624 734 2671 εει
754 2624 818 2671 extra
834 2627 969 2675 essentiam

158 2694 287 2757 utriusque,
301 2697 324 2743 ει
337 2693 381 2743 erit
391 2697 446 2743 tuno
456 2692 572 2744 distinctio
586 2692 683 2744 Socratis
695 2696 718 2743 ει
732 2692 834 2743 Plutonis
845 2708 897 2747 non
909 2698 966 2759 alia,

158 2780 225 2831 quum
236 2766 335 2816 hominis
347 2766 441 2816 tunicati
455 2769 479 2815 et
489 2766 592 2830 cappati,
603 2767 663 2829 quod
676 2768 711 2815 est
723 2765 815 2815 omnino
827 2764 968 2819 absurdum.

158 2838 267 2889 Similiter
281 2838 351 2887 etium
365 2840 428 2901 patet
442 2838 487 2885 hoo
503 2850 552 2887 esse
563 2836 714 2903 impossibile,
730 2837 750 2887 si
762 2837 891 2888 secumdum
909 2855 969 2891 sen-

158 2910 256 2961 tentiam
267 2908 392 2961 Aristotelis
405 2907 534 2959 intellectus
544 2911 640 2971 ponatur
649 2920 701 2972 pars
712 2921 753 2958 seu
761 2907 866 2973 potentia
878 2913 967 2975 animm
