1984 3309
204 116 234 155 on
251 116 458 162 mnsmururrsus
474 118 692 159 remansuros.
801 110 847 159 sl'l

343 249 503 301 riRTlCULUS
517 251 554 301 lV.

41 354 142 402 [Μαι
161 357 230 401 actua
248 355 379 410 hamanus,
390 356 418 401 ite
430 361 548 414 quantum
564 359 687 404 ecthactus
700 359 738 405 oct
756 360 846 414 molus,

114 418 202 463 habear
216 419 334 463 rationem
348 420 429 463 meriti
444 422 482 465 vel
496 421 606 465 demeriti
619 422 685 479 apud
695 422 781 467 Deum.

72 527 112 578 Ad
123 528 230 591 quarum
246 524 279 577 sic
295 527 432 591 proceditur.
448 527 542 579 Videtur
556 529 618 594 qudd
636 532 702 581 actas
719 533 847 592 humanus,

33 606 120 653 bonus
131 597 272 663 volmarus,
286 611 332 649 non
345 598 426 649 habeat
441 602 553 651 rationem
562 600 638 652 meriti
648 602 684 653 vel
695 601 799 654 demeriti
809 616 849 667 per

34 669 240 736 comparationem
254 670 283 719 ad
295 670 375 720 ileum.
387 669 452 730 Quia,
467 674 492 721 ut
505 670 636 723 dictumest
648 669 710 735 (art.
722 670 764 737 3),
773 674 849 723 oreri-

36 750 102 795 tum
118 746 143 795 et
161 742 313 793 demeritum
329 741 435 807 importat
452 740 557 794 ordinem
569 744 597 794 ad
613 745 848 810 recompensationem

33 814 166 883 profectus
176 808 213 863 vel
226 814 302 863 damni
314 814 343 865 ad
354 812 450 865 alterum
459 814 525 865 illati.
536 815 582 865 Sed
589 815 663 867 bonus
672 820 736 867 actus
748 816 849 867 bominis

34 886 78 939 vel
90 884 171 937 malus
184 898 231 936 non
249 884 309 937 cedit
324 881 456 950 mellonem
467 884 594 950 profectum
609 887 645 937 vel
657 888 765 937 damnum
778 886 850 950 ipsius

33 960 99 1024 θεὶς
118 956 275 1009 diciturenim
289 956 347 1015 dod,
360 956 440 1009 XXXV
457 974 462 1006 :
480 956 530 1008 «si
545 958 689 1023 peccaveris,
705 958 760 1023 quid
773 958 796 1009 ei
807 971 849 1008 uo-

33 1029 124 1084 cebisi
139 1028 208 1093 porrb
227 1028 247 1079 si
264 1024 328 1093 justi
345 1026 432 1092 egeris,
447 1028 503 1093 quid
517 1027 612 1084 donabis
628 1030 667 1082 eit
680 1047 693 1078 »
706 1030 766 1093 Ergo
784 1033 849 1079 actus

33 1102 146 1155 hominis
163 1100 236 1152 bonus
248 1095 287 1153 vei
306 1100 379 1153 malus
395 1114 440 1151 non
456 1102 525 1154 lrabet
539 1102 650 1154 rationem
669 1102 746 1154 meriti
759 1103 797 1153 rel
810 1102 849 1153 do·

33 1173 122 1227 mariti
132 1172 195 1237 apud
208 1172 288 1225 ileum.

68 1248 97 1297 2.
110 1246 238 1307 Praeterea,
248 1238 424 1295 instrumentum
434 1244 490 1297 nihil
500 1251 598 1297 meretur
607 1246 645 1296 rel
652 1246 779 1297 demeretur
789 1247 852 1310 apud

34 1333 95 1371 eum
113 1312 156 1381 qni
170 1315 242 1365 ulitur
254 1314 421 1379 instrumento,
436 1316 489 1379 quia
512 1320 559 1367 tota
574 1315 633 1368 actio
653 1316 799 1367 instrumenti
816 1319 852 1367 est

36 1388 136 1443 utentis
156 1384 215 1451 ipso.
231 1386 272 1437 Sed
294 1387 362 1438 homo
374 1389 398 1437 in
414 1388 504 1451 agendo
520 1393 555 1438 est
569 1387 744 1439 instrumentum
765 1387 851 1438 diuina

35 1458 139 1513 virtutis
152 1458 306 1522 principaliter
323 1456 399 1523 ipsum
414 1458 526 1510 moventis
542 1475 548 1509 :
562 1459 622 1509 unde
636 1458 718 1509 dicitur
728 1460 829 1519 lsai.,ll
843 1476 849 1510 a

39 1528 190 1594 «Numquid
210 1528 341 1593 gloriabitur
360 1532 446 1581 securis
462 1535 542 1581 contra
557 1545 610 1581 enm
629 1528 671 1593 qni
682 1534 745 1581 secat
764 1531 789 1579 in
805 1531 851 1580 eal

37 1610 80 1657 aut
100 1598 243 1654 exaltabitur
256 1613 318 1652 serra
331 1605 409 1653 contra
422 1616 476 1653 eum
489 1600 504 1651 a
518 1618 563 1667 qno
573 1601 685 1653 trahitur?
696 1619 710 1650 u
725 1602 764 1653 ubi
775 1601 849 1651 mani·

37 1676 103 1731 leste
124 1672 242 1726 hominem
264 1678 366 1736 agentem
387 1678 502 1738 comparat
518 1674 679 1725 instrumento.
696 1676 768 1737 Ergo,
789 1672 850 1725 bend

37 1746 136 1814 agendo
151 1741 189 1795 vel
201 1742 272 1807 male,
288 1758 333 1795 non
346 1749 444 1797 meretur
457 1744 493 1795 vel
507 1746 635 1796 demeretur
648 1746 707 1810 apud
722 1748 802 1796 heum.

72 1827 99 1871 a.
118 1820 250 1879 Praeterea,
262 1820 325 1867 actus
336 1818 449 1867 humanus
462 1818 533 1871 habat
545 1817 656 1868 rationem
669 1817 745 1868 meriti
753 1818 790 1867 rel
805 1818 850 1867 de-

37 1890 124 1945 meriti
138 1888 282 1953 inquantum
293 1888 410 1941 ordinatur
421 1886 562 1939 adulterum.
578 1889 623 1939 Sed
638 1902 683 1939 non
692 1889 768 1938 omnis
784 1892 849 1939 actus

37 1968 163 2016 humanus
179 1960 294 2013 ordinatur
309 1961 336 2009 ad
351 1960 429 2010 Deum.
445 1957 505 2025 Ergo
519 1973 564 2010 non
580 1972 660 2011 omues
671 1963 736 2009 actus
748 1960 802 2010 boni
813 1958 849 2011 uel

38 2034 97 2086 mali
112 2032 202 2083 habent
216 2030 326 2081 rationem
341 2030 415 2081 meriti
430 2031 466 2081 vel
484 2027 589 2081 demeriti
603 2030 663 2094 apud
678 2030 755 2080 heum

70 2104 124 2158 Sed
139 2104 220 2153 contra
235 2104 281 2163 est,
304 2102 364 2166 quod
378 2102 459 2151 dicitur
472 2100 577 2162 nuclea,
588 2102 631 2151 ult.
650 2117 655 2149 :
671 2118 684 2148 «
694 2102 782 2152 Cuncta
797 2116 848 2165 que

39 2182 101 2230 liunt
114 2174 211 2227 adducit
218 2175 279 2225 Dens
292 2174 317 2223 in
328 2173 451 2238 judicium,
463 2174 604 2227 eleborum
614 2174 663 2224 aive
675 2173 768 2223 malum.
778 2188 792 2219 »
804 2174 849 2224 Sed

36 2250 160 2317 judicium
174 2246 282 2310 importat
295 2244 475 2310 retributionem,
488 2250 594 2311 respectu
605 2246 672 2309 cujus
682 2246 801 2294 meritum
813 2247 851 2296 vel

39 2320 208 2373 demeritum
230 2314 318 2367 dicitur.
339 2314 396 2381 Ergo
417 2317 491 2382 omnis
513 2321 576 2368 actus
595 2316 710 2381 hominis,
725 2316 798 2366 bonus
813 2317 851 2366 rel

39 2396 138 2454 malus,
154 2390 224 2441 babet
238 2386 348 2439 rationem
364 2388 438 2439 meriti
456 2388 492 2441 vel
506 2387 608 2439 demeriti
621 2389 680 2453 apud
694 2390 773 2440 [lenm.

73 2467 245 2531 (Coretusro.
256 2487 287 2499 -
296 2460 352 2512 Cium
365 2460 424 2513 heus
440 2460 469 2512 sit
481 2462 618 2527 gubernator
631 2463 655 2511 et
670 2459 740 2511 totins
753 2460 851 2511 universi

40 2596 113 2641 unius
138 2588 252 2649 membri,
269 2602 320 2648 quar
345 2591 448 2647 corporis
471 2591 624 2649 integritatem
645 2589 801 2634 dehonestat:
818 2586 851 2631 sic

39 2662 104 2704 enlm
122 2655 265 2700 dehonestat
279 2654 469 2699 communitatem
485 2654 552 2708 cujus
567 2654 694 2697 membrum
710 2656 746 2695 est
759 2650 796 2694 ille
811 2650 851 2705 qul

39 2722 103 2767 malo
120 2719 161 2763 vel
174 2717 289 2763 nonsatis
303 2716 400 2761 honeste
417 2716 486 2773 alell,
501 2719 580 2761 atah
596 2713 712 2760 contrario
723 2715 799 2757 autem
811 2712 851 2767 qui

40 2784 103 2829 hene
121 2780 186 2840 agit,
198 2780 259 2827 sicut
270 2786 293 2826 et
304 2780 344 2838 qul
354 2778 509 2825 membrorum
521 2778 676 2835 integritatem
686 2789 714 2822 ae
726 2775 850 2823 mitatem

42 2851 123 2894 clim.
