1984 3309
147 152 192 198 out
332 159 393 196 enas
409 160 430 209 r,
444 157 536 205 nonen.
551 157 614 208 uvir,
630 157 685 194 aar.
703 158 740 194 ur.

177 241 201 285 r.
217 235 342 298 Praeterea,-
359 235 421 298 loqui
438 239 473 284 est
487 234 590 285 ordinare
610 237 745 297 conceptum
766 234 899 286 intellectis
917 237 944 284 ad

146 308 256 369 alienam,
267 311 293 356 nt
304 307 390 359 dictum
399 310 436 358 est
445 307 497 370 (ert
513 307 545 370 ll.
554 307 597 356 Sed
608 307 702 369 angelus
712 319 803 373 semper·
813 313 946 372 conceptum

146 393 194 430 sne
207 379 292 430 mentis
303 378 392 428 ordinat
401 379 427 427 in
440 379 519 428 ileum
534 378 557 428 Si
569 391 620 441 ergo
641 377 760 440 aliqnando
776 377 825 429 lieo
841 380 946 444 loquitur,

147 464 237 515 semper
253 451 300 500 ileo
316 449 425 512 loquitur.
440 451 505 508 Quod
522 452 597 514 potest
612 449 683 499 rideri
699 449 817 512 aliquibus
833 451 948 511 ‚inconve-

148 523 227 586 niene,
242 521 293 571 cdm
307 521 428 585 aliqnando
443 523 537 585 angelus
549 522 629 584 angelo
648 522 763 586 loquatur.
779 523 882 574 Videtur
898 537 949 588 ergo

148 593 208 658 qood
223 594 316 657 angelus
331 607 446 659 nunquam
460 595 564 657 loquatur
579 596 634 644 Deo.

181 666 225 716 Sed
234 669 314 716 contra
329 669 374 726 est,
386 667 446 728 qnod
462 662 544 714 dicitur
555 663 673 722 chd.,l:
688 665 840 729 «Respondit
854 667 950 729 Angelus

149 738 209 799 lleo,
223 741 247 788 el
261 736 335 788 dixit:
350 737 445 787 Domine
456 736 608 798 exercituum,
622 749 737 802 usquequo
749 749 797 787 non
807 736 950 789 misereberis

149 809 284 859 Jerusalem.
302 826 317 857 a
332 807 441 872 Loquitur
453 821 506 872 ergo
523 808 616 870 angelus
630 808 684 858 lieo.

185 881 346 944 (Conccosro.
355 907 385 918 -
397 879 477 942 lngeli
492 893 539 930 non
552 879 675 942 loquuntur
688 879 734 928 ileo
748 883 774 928 ut
786 879 821 928 illi
836 879 951 944 quidpiam

151 951 314 1015 manifestent,
324 952 365 1002 sed
373 951 405 1002 illi
414 950 477 1014 loqni
487 950 592 1000 dicuntur
602 951 638 1000 vel
647 951 788 1001 consulendo
797 949 862 1000 illius
873 952 952 1001 volun·

152 1027 223 1083 talem
234 1024 261 1074 de
277 1024 383 1088 agendis,
399 1023 436 1073 vel
451 1022 512 1074 illius
527 1021 681 1072 excellentiam
698 1021 859 1084 admirando.)

183 1096 317 1158 Respondeo
334 1095 463 1155 dicendum,
475 1093 534 1157 quod
551 1093 610 1144 sicut
620 1093 704 1143 dietum
716 1097 769 1155 est,
780 1090 871 1144 locutio
881 1094 954 1158 angeli

152 1170 187 1218 est
199 1179 240 1229 per
254 1169 299 1217 lnoc
314 1165 375 1230 qnod
389 1167 506 1230 conceptio
521 1165 604 1216 mentis
618 1165 733 1215 ordinetur
749 1167 776 1216 ad
791 1165 900 1216 alterum.
915 1167 954 1216 Sel

152 1238 239 1301 aliquid
258 1237 374 1288 ordinatur
394 1240 422 1288 ad
445 1239 540 1288 altemm
559 1235 685 1300 dupliciter.
708 1237 759 1287 Uno
778 1237 892 1288 modoad
916 1239 956 1287 lroe

153 1308 214 1372 qudd
228 1303 381 1360 communicet
402 1309 486 1373 aliquid
503 1307 579 1372 alteri,
601 1308 660 1357 sicut
680 1309 704 1358 in
725 1307 794 1358 nehus
813 1310 955 1360 naturalibus

152 1395 223 1445 agens
242 1383 356 1433 ordinatur
374 1383 401 1432 ad
420 1381 523 1446 patiens,
538 1383 560 1430 et
580 1381 604 1429 in
625 1380 739 1430 locutione
758 1382 860 1430 humana
877 1377 954 1432 doctam

154 1453 270 1503 ordinatur
282 1455 310 1505 ad
325 1453 469 1517 discipulum.
486 1453 515 1501 Et
531 1455 640 1514 qnantum
652 1453 680 1502 ud
693 1453 737 1502 hoc
750 1452 813 1502 nullo
829 1453 901 1503 modo
918 1467 953 1502 an·

153 1527 217 1587 gelus
229 1525 326 1590 loquitur
339 1527 399 1588 Deo,
411 1537 485 1587 neque
500 1525 526 1573 de
537 1523 632 1586 hisquae
646 1524 674 1573 ad
685 1537 761 1574 rernm
772 1524 895 1574 veritatem
907 1539 954 1589 per-

154 1597 240 1657 tinent,
253 1610 327 1660 neqne
341 1598 369 1647 de
381 1596 417 1645 his
430 1609 480 1658 qnae
497 1595 626 1659 dependent
640 1593 653 1645 d
666 1594 782 1645 voluntate
795 1599 888 1660 creata,
902 1598 953 1660 qnia

153 1667 212 1716 lleus
229 1671 264 1717 est
280 1665 355 1717 omnis
371 1665 474 1716 ueritatis
493 1669 517 1716 ct
538 1666 612 1716 omnis
633 1665 755 1717 voluntatis
772 1666 919 1731 principium
935 1673 953 1717 el

155 1737 264 1787 conditor.
279 1737 328 1788 illio
345 1739 412 1788 modo
428 1736 543 1788 ordinatur
562 1737 648 1800 aliquid
664 1737 817 1798 adulterum,
837 1742 865 1787 ut
881 1739 911 1788 ab
931 1753 955 1789 eu

155 1808 238 1870 aliquid
248 1809 344 1872 accipiat
352 1827 359 1856 :
368 1808 458 1858 sicutin
467 1808 537 1858 relus
545 1807 695 1870 naturalibus,
707 1809 825 1872 passivum
835 1810 866 1859 ad
876 1823 955 1873 agens,

156 1882 179 1929 et
191 1878 216 1928 in
228 1879 342 1930 locutione
353 1882 450 1930 humana
466 1879 591 1942 discipulus
605 1881 632 1930 ad
644 1880 783 1943 magistrum.
794 1881 824 1929 lit
832 1881 878 1932 lioc
890 1885 956 1932 modo

156 1951 249 2016 angelus
266 1952 366 2017 loquitur
378 1955 439 2012 lteo,
451 1951 489 2001 uel
505 1951 642 2002 consulendo
656 1952 756 2001 divinam
768 1953 912 2005 voluntatem
931 1956 956 2004 de

157 2025 263 2090 agendis,
273 2026 313 2076 uel
321 2026 372 2090 ejus
383 2024 555 2087 excellentiam,
565 2038 633 2088 quam
643 2037 759 2088 nunqnam
770 2029 955 2090 comprehendit,

156 2094 294 2149 admirando.
310 2098 372 2146 Slcnt
382 2095 503 2160 Gregorius
515 2096 582 2159 dicit,
595 2097 623 2146 ll.
634 2097 723 2147 Morul.
738 2096 780 2160 (nt
789 2097 885 2162 suprd),
897 2100 955 2162 qndd

158 2186 172 2216 «
181 2169 256 2233 angeli
268 2170 391 2232 loquuntur
403 2169 462 2231 neo,
473 2168 526 2218 edm
542 2181 582 2231 per
595 2170 639 2218 hoc
658 2169 719 2232 quod
736 2183 806 2232 snper
820 2172 956 2236 sernatipsos

154 2240 332 2304 respiciunt,in
346 2243 432 2290 molum
447 2239 604 2290 admirationis
618 2244 722 2304 surgunt.
735 2257 748 2287 a

187 2313 219 2361 dd
227 2312 325 2375 primum
335 2311 464 2371 dicendum,
475 2311 536 2375 quod
545 2312 629 2365 locutio
640 2325 685 2363 non
695 2325 785 2376 semper
799 2317 835 2363 est
845 2315 875 2366 ud
886 2315 956 2364 mani-

155 2384 284 2433 testandum
303 2383 381 2444 alteri,
401 2384 439 2433 sed
457 2384 592 2448 quandoque
612 2384 640 2434 ad
657 2384 702 2434 hoc
722 2383 841 2436 ordinatur
862 2386 956 2436 finaliter

156 2459 180 2504 nt
198 2454 299 2517 loquenti
315 2454 399 2517 aliquid
414 2455 585 2520 manifestetur,
602 2456 661 2507 sicut
674 2455 726 2506 clim
736 2455 865 2520 discipulus
879 2459 954 2523 quadril

154 2525 239 2589 aliquid
252 2524 266 2575 t
278 2524 394 2644 madgistro.
777 2534 783 2543 ·

185 2598 218 2647 ml
239 2609 363 2647 senonum
383 2596 518 2661 dicendum,
538 2595 599 2661 qndd
621 2599 736 2650 locutione
762 2613 806 2662 qua
824 2602 901 2666 angeli
927 2603 954 2651 lo·

154 2672 254 2732 qunntm
270 2669 330 2727 lleo,
345 2667 464 2718 laudantes
478 2669 553 2733 ipsum
569 2673 592 2720 et
608 2671 760 2735 admirantes,
775 2685 869 2736 semper
885 2673 954 2737 angeli

154 2741 201 2790 ltco
217 2739 350 2814 loquentum
366 2739 405 2787 sed
422 2740 536 2791 locutione
555 2755 599 2804 qua
616 2744 665 2808 ejus
684 2743 820 2806 sapientiam
836 2747 954 2796 consulunt

155 2825 223 2874 super
237 2806 346 2871 agendis,
358 2811 446 2859 luncei
460 2812 598 2876 loquuntur,
612 2817 702 2879 quando
713 2814 804 2877 aliquod
821 2829 906 2866 nonum
918 2830 954 2882 per

155 2894 195 2931 eos
210 2880 321 2942 agendum
336 2879 447 2944 occurrit,
462 2896 532 2946 super
542 2897 587 2947 quo
597 2885 726 2938 desiderant
736 2885 872 2940 illuminari.
