1984 3309
187 178 221 215 n!
237 178 392 217 olrannum
408 180 544 219 sessionum
561 180 591 219 ΔΙ
607 180 716 220 lltVlffl·
806 175 852 219 9³⁸

30 258 79 308 sic
94 254 173 307 motui
188 254 229 305 iro
244 268 291 305 non
304 256 453 307 contrariatur
464 257 540 321 aliqua
552 258 630 322 passio
644 258 782 309 secandam
801 275 854 309 con·

35 328 216 377 trarietatem
225 340 337 377 accessus
345 330 370 376 et
384 342 500 378 recessus.
517 327 626 380 Similiter
635 330 703 381 etiam
714 343 757 381 noc
768 344 853 379 secus-

33 401 114 449 dum
126 399 337 448 contrarietatem
350 399 408 449 boot
419 409 442 449 et
458 402 534 464 aaa&
549 403 603 465 quia
616 402 675 453 mmo
683 402 731 466 jam
745 401 855 466 injacenii

35 469 178 536 opponitur
192 470 276 519 bouum
287 471 335 534 jam
348 472 469 535 adeptum,
483 474 543 535 quod
557 473 606 537 jam
619 486 666 523 non
678 476 753 537 potest
770 474 853 524 habere

34 542 165 593 rationem
184 541 249 591 ardui
267 542 304 591 vel
320 541 434 601 difficilis;
451 557 493 594 neo
507 548 559 607 post
577 544 722 609 adeptionem
744 546 797 596 boni
818 560 854 597 re·

34 617 128 665 manet
142 612 202 663 alius
219 615 304 674 motus,
321 613 367 663 uisi
384 614 493 677 quietatis
512 615 626 679 appetitos
644 617 668 666 in
681 617 741 667 bono
758 618 852 681 adepto,

36 700 97 751 qum
109 684 250 749 pertinetarl
260 684 376 747 gaudium,
386 686 446 747 quod
455 690 490 737 est
500 687 577 750 passio
589 687 778 751 concupiscibilis.
790 688 854 738 Unde

36 762 127 810 motus
148 756 189 805 irae
202 768 249 806 non
267 758 343 819 potest
358 756 442 807 habere
456 757 553 820 aliquem
569 761 654 807 motum
668 758 750 810 anime
766 763 853 809 coutra-

36 830 108 879 rium
119 844 126 890 ;
138 828 180 877 sed
195 827 335 877 solummodo
345 826 466 891 opponitur
477 829 500 878 ei
511 828 607 879 cessatio
619 828 717 889 imam,
728 829 787 879 sieut
801 832 855 881 Phi-

38 900 163 963 losoplrus
178 898 234 948 dicit
249 898 272 947 in
296 912 337 949 sua
356 898 436 959 litet,
451 902 510 963 quod
530 917 544 947 «
559 899 678 951 mitescere
692 901 813 965 opponitur
832 904 853 952 ei

37 972 108 1035 quod
125 972 164 1021 est
178 969 260 1032 irasci,
272 986 286 1017 o
298 971 358 1033 quod
371 984 416 1022 non
431 975 466 1021 est
476 973 605 1037 oppositum
619 972 746 1035 contrarie,
758 973 797 1023 sed
813 986 853 1023 ne-

39 1041 127 1107 gative
143 1041 183 1091 vel
197 1039 318 1104 privative.

77 1116 112 1163 Et
124 1125 169 1177 per
179 1112 222 1163 noc
232 1116 295 1176 patet
311 1114 428 1177 responsio
437 1113 465 1164 ad
478 1114 577 1177 objecta.

342 1265 505 1315 laricanus
520 1266 557 1316 lV.

78 1382 172 1429 Uertice
182 1380 232 1424 sint
245 1380 330 1437 atique
337 1382 459 1437 passiones
472 1380 608 1438 differentes
617 1382 692 1437 specie
705 1384 731 1427 io
748 1384 828 1428 cadem

210 1444 327 1499 potentia,
345 1456 393 1487 cco
409 1444 536 1488 contrariae
551 1445 584 1489 ad
599 1444 706 1488 invicem.

81 1565 120 1616 nd
134 1564 241 1626 manum
251 1562 284 1612 sic
298 1561 426 1626 proceditur
439 1561 482 1627 (a).
494 1562 588 1613 Videtur
599 1562 714 1625 quodnon
730 1562 819 1625 possint
833 1564 855 1613 iu

45 1637 133 1700 aliqua
152 1632 253 1696 potentia
268 1644 318 1683 esse
333 1632 451 1697 passiones
466 1633 543 1697 specie
559 1633 688 1683 differentes
702 1636 726 1683 et
741 1647 786 1683 non
804 1648 856 1683 coo·

46 1706 133 1759 trariae
148 1704 178 1753 ad
191 1702 297 1753 invicem.
308 1704 430 1754 Passiones
441 1705 502 1755 enim
515 1706 598 1755 animae
612 1704 718 1756 differunt
730 1706 856 1756 secundum

44 1780 154 1843 objecta.
173 1774 264 1837 tlbjectn
278 1778 352 1825 autem
364 1774 496 1839 passionum
510 1780 592 1826 anlmae
607 1779 661 1826 sunt
672 1777 757 1828 bonnm
771 1780 796 1827 et
808 1790 856 1827 ma-

45 1853 116 1910 lum,
129 1846 255 1897 secuudum
269 1860 364 1909 quorum
379 1846 531 1897 differentiam
544 1848 660 1911 passiones
670 1849 756 1899 nonem
767 1852 856 1899 contra-

44 1922 171 1972 rietatem.
184 1917 243 1981 Ergo
258 1918 325 1967 nullm
336 1918 453 1981 passiones
462 1920 563 1982 ejusdem
575 1921 682 1982 potentia
690 1932 736 1969 nou
746 1920 856 1970 habentes

46 1990 244 2045 contrarietatem
257 1989 407 2052 adinvicem,
425 1990 531 2039 differunt
545 1990 628 2053 speeie.

82 2070 110 2113 a.
132 2063 258 2122 materen,
276 2060 401 2112 differentia
424 2060 510 2125 speciei
531 2064 566 2109 est
585 2059 712 2110 differentia
731 2062 856 2111 secuudum

48 2140 156 2187 lormam
173 2132 216 2195 (a).
227 2132 271 2182 sed
285 2148 299 2180 u
312 2132 385 2182 omnis
398 2131 525 2183 differentia
534 2133 657 2182 secundm
668 2132 763 2181 formam
771 2136 811 2181 est
821 2146 857 2182 se-

49 2206 159 2257 cuudum
174 2202 271 2266 aliquam
286 2203 484 2267 contrarietatem,
498 2219 512 2249 u
527 2207 552 2252 nt
563 2202 645 2254 dicitur
661 2202 685 2251 iu
702 2203 732 2252 ll.
748 2203 855 2266 mctapd.

48 2280 119 2342 Ergo
133 2274 255 2339 passiones
268 2274 370 2339 ejusdem
384 2275 509 2339 potentiae,
527 2288 579 2339 qaae
593 2288 641 2325 non
654 2279 706 2325 snut
719 2274 856 2337 contraria,

49 2363 101 2401 uon
120 2346 229 2397 differunt
243 2346 327 2410 speeie.

84 2426 113 2470 3.
132 2419 260 2478 Proterea,
277 2432 327 2468 cum
343 2417 416 2469 omnis
427 2418 504 2481 passio
514 2418 595 2468 animae
608 2416 715 2467 consistat
731 2416 859 2468 inaccesso

88 2554 128 2620 (1)
143 2558 177 2601 De
191 2555 306 2602 bisetiam
315 2556 432 2614 inrumpo.
443 2555 483 2615 25,
499 2563 543 2602 art.
555 2556 655 2601 detnrt.
668 2556 697 2610 ὂς
709 2561 732 2602 et
741 2557 766 2601 iu
775 2558 817 2601 lib.
826 2556 856 2600 ll.

51 2624 155 2671 Elicio„
168 2619 222 2664 leet.
233 2616 257 2663 5.

89 2688 129 2756 (ἢ)
145 2692 205 2736 Hinc
228 2691 289 2747 apud
306 2692 397 2738 drceccs
413 2691 474 2737 idem
495 2703 580 2736 nomen
596 2694 697 2750 speciem
713 2688 825 2747 significat
838 2696 861 2734 et

52 2761 167 2817 [ormam
179 2746 283 2821 (ιῖδος),
300 2760 325 2799 ιιι
334 2754 485 2809 Philosophus
500 2754 550 2810 ipse
560 2760 668 2813 usurpet,
683 2753 735 2798 edm
745 2752 774 2796 de
787 2751 860 2797 torma

53 2826 177 2885 loquitur,
197 2825 252 2881 quis
270 2824 371 2881 speciem
389 2824 510 2869 coustituit
520 2858 525 2882 ,
536 2826 641 2881 quamvis
654 2829 678 2868 et
691 2821 780 2890 μορφὴν
794 2829 860 2867 vocnt

53 2903 176 2959 imm·
