1984 3309
151 108 185 144 DE
198 107 315 145 ΒΟΜΤΑΤΕ
329 109 562 148 nuntiatarum.
574 110 671 148 town!
681 111 774 150 ndtsan.
816 102 861 151 9οῗ

46 186 181 245 obruetur,
192 187 216 235 et
227 184 344 235 dominum
358 186 419 236 illius
429 186 546 251 occident3
558 204 572 235 o
581 200 627 238 non
641 191 716 238 autern
726 190 864 241 oecideretur

46 259 69 307 si
88 259 136 307 bos
160 268 208 305 non
232 256 351 308 occidisset
377 258 504 320 hominem,
523 258 592 308 etiam
611 273 663 309 nou*
677 260 786 311 reclusus.
805 261 868 325 Ergo·

49 334 158 381 eventus
174 341 272 391 sequeus
285 328 347 381 addit
357 331 385 380 ad
396 330 520 381 bonitatam
535 331 571 380 vei
585 331 694 382 malitiam
703 335 778 383 aetus.

85 404 111 450 t.
128 402 245 451 Praetema
253 436 261 463 ,
277 399 391 463 nationis
406 400 495 465 ingerat
510 402 693 454 cauom-moitis
705 404 864 467 percutiendo,

51 473 91 523 vel
102 471 247 521 sententiam
260 472 349 535 dando,
362 476 386 521 et
399 486 461 523 mors
475 486 522 524 non
535 478 655 539 sequatur,
665 488 712 526 nou
724 475 866 526 contrahitur

52 542 225 607 irregndaritas.
240 542 415 594 contraheretur
434 548 511 594 antam
530 545 550 594 si
570 559 631 596 mors
651 551 790 610 sequeretur.
805 547 865 611 Ergo
965 568 968 573 ·

51 618 159 665 eventus
175 627 272 677 sequens
288 614 350 665 addit
363 616 391 665 ad
407 615 533 666 bonitatam
548 618 586 667 uel
599 617 708 667 malitiam
719 622 791 668 amus.

86 688 136 737 Sed
146 688 239 748 eontra,
252 689 345 735 eventus
354 698 451 750 sequens
464 700 512 737 nou
520 687 575 737 tacit
584 691 659 736 aetum
671 689 756 738 maium
767 689 865 754 quierat

51 761 147 823 honus,
163 768 206 805 nee
217 756 303 806 bonum
320 757 359 821 qui
373 760 421 807 eret
440 758 515 807 malus
530 773 535 805 :
549 757 605 821 puta
620 759 640 808 si
658 759 740 822 aliquis
753 763 792 812 det
804 762 868 812 elee-

52 840 183 893 mosynam
201 827 365 892 puppemque
381 827 420 878 ille
436 828 542 878 abnmtnr
560 828 589 877 ad
604 832 735 893 peecatum,
748 829 806 884 nihil
819 833 864 882 do-

52 902 119 966 perit
130 899 154 949 ei
168 898 208 962 qui
220 899 389 964 eleemosynam
399 898 466 959 faeit3
479 903 504 949 et
514 898 644 952 similitersi
655 900 736 964 aliquis
750 901 865 965 patienter

49 974 114 1023 ferat
127 968 238 1033 injuriam
248 970 293 1019 sibi
310 971 408 1033 factam,
421 982 466 1019 uon
479 974 572 1034 propter
584 972 628 1021 hot
639 973 760 1021 excusatur
772 971 810 1022 ille
821 974 863 1037 qui

53 1043 126 1094 feeit.
142 1043 204 1104 Ergo
218 1045 313 1105 optentus
328 1054 424 1104 sequens
438 1054 485 1093 non
503 1041 565 1091 addit
578 1042 606 1092 ad
615 1041 742 1094 bonitatem
751 1044 790 1095 ue}
799 1044 865 1095 mad-

53 1116 114 1165 tiam
132 1114 209 1165 aetus.

90 1178 259 1249 (Concunsro.
274 1184 414 1235 -Eventus
424 1185 708 1248 sequeuspraoogitatus‚
720 1190 789 1249 auget
797 1188 864 1239 noui-

54 1263 136 1323 tatem
150 1258 190 1307 vol
202 1255 313 1307 malitiam
327 1256 445 1307 exterioris
461 1258 539 1319 antus3
549 1270 596 1307 uou
609 1256 768 1320 praeoptatus
779 1261 870 1321 autern,-

56 1334 78 1384 si
90 1344 137 1396 per
151 1328 255 1378 accidens
271 1328 342 1388 veljn
355 1327 499 1391 paucioribus
511 1327 626 1390 seqnitur,
639 1340 686 1377 uon
704 1331 785 1391 auget3
803 1328 866 1379 aliud

56 1409 95 1459 est
109 1402 130 1453 si
142 1402 168 1451 in
180 1400 283 1463 pluribus
296 1400 334 1450 vel
344 1414 385 1464 per
399 1414 423 1450 se
438 1399 571 1463 sequatur.)
821 1430 824 1433 ⁴

90 1472 232 1537 Respondeo
241 1469 373 1533 dicendum,
388 1470 448 1534 qudd
462 1474 559 1521 euentus
572 1483 668 1533 sequens
682 1474 721 1520 ant
734 1474 769 1521 est
778 1484 865 1535 praepo-

55 1548 147 1609 gitatus
171 1545 210 1593 aut
229 1556 283 1592 non.
303 1542 328 1590 Si
343 1545 377 1592 est
396 1540 570 1605 praecogitatus,
588 1540 733 1591 manifestum
754 1545 794 1600 eat
806 1543 868 1604 quod

57 1616 127 1669 addit
138 1614 167 1665 ad
179 1613 304 1665 bonitatem
320 1615 357 1665 vel
373 1612 483 1663 maiitiam
497 1617 570 1663 aetus.
585 1614 642 1663 Cum
657 1612 718 1663 enim
735 1612 816 1676 aliquis
828 1627 867 1663 oo

57 1690 142 1753 gitans
153 1686 213 1749 qnod
221 1698 250 1735 ex
258 1698 327 1749 opere
337 1698 379 1735 suo
388 1684 459 1735 multa
468 1684 528 1733 mala
536 1687 633 1749 possunt
642 1683 715 1747 sequi,
725 1698 768 1735 neo
776 1687 868 1749 propter

57 1764 108 1811 droa
126 1756 237 1819 dimittit,
249 1770 277 1807 ex
290 1758 334 1806 hoe
348 1760 441 1820 apparet
458 1756 563 1808 voluntas
576 1758 627 1822 ejus
637 1770 687 1808 esse
700 1758 773 1821 magis
781 1757 868 1809 inordi-

56 1836 125 1882 nata.
145 1828 170 1878 Si
187 1831 264 1877 antem
279 1831 377 1879 eventus
391 1841 488 1891 sequens
506 1841 553 1878 uon
573 1828 604 1877 sit
625 1829 799 1892 praeoptatus,
812 1831 868 1878 tuno

59 1900 253 1963 distinguendum
269 1905 317 1962 est,
334 1898 388 1961 quia
402 1894 421 1948 si
434 1910 474 1962 per
487 1912 512 1949 se
523 1899 625 1972 sequitur
638 1913 667 1950 ex
677 1900 719 1949 tali
732 1904 799 1959 autu,
811 1903 834 1949 et
844 1904 869 1949 ut

57 1976 84 2025 in
99 1970 220 2036 pluribus,
231 1970 355 2019 seeundum
366 1970 410 2018 hoo
424 1972 519 2019 eventus
528 1983 626 2031 sequeus
637 1969 699 2019 addit
707 1970 736 2019 ad
745 1968 868 2020 nomnen

59 2045 100 2096 vel
114 2040 224 2092 maiitiam
238 2043 309 2091 aetus.
325 2039 468 2091 Manifestum
480 2043 515 2091 est
528 2039 589 2092 enim
601 2040 717 2091 meliorem
729 2043 804 2089 aetum
815 2053 869 2091 esse

60 2132 91 2167 ex
103 2128 146 2165 suo
159 2126 254 2175 genere,
269 2125 297 2162 ax
308 2125 353 2175 qno
367 2114 464 2175 possunt
476 2112 540 2176 pinna
557 2112 617 2161 dona
632 2111 706 2174 sequi,
717 2115 741 2161 et
751 2111 869 2175 pejmem,

60 2204 92 2241 ex
102 2199 149 2251 quo
161 2188 215 2235 nata
229 2187 282 2235 sunt
293 2185 357 2247 plura
374 2183 433 2233 mala
448 2181 556 2246 sequi.Si
566 2195 620 2233 uero
632 2181 797 2246 peremimus,
812 2184 871 2232 etut

60 2261 87 2309 iu
100 2255 256 2322 paucioribus,
271 2259 325 2306 tuno
339 2258 434 2305 euentus
448 2268 547 2319 sequens
558 2267 605 2304 nou
621 2252 684 2304 addit
701 2254 729 2303 ad
745 2252 871 2303 bonitatem

62 2330 101 2383 vel
118 2331 146 2379 ad
161 2328 270 2381 malitiam
282 2331 359 2391 aetus3
377 2340 422 2377 non
439 2327 501 2377 enirn
515 2328 580 2376 datur
592 2325 704 2389 judicium
716 2324 745 2373 de
756 2337 781 2374 re
795 2324 871 2388 aliqua

63 2400 193 2452 secundnm
207 2397 261 2449 illud
280 2400 340 2461 quod
356 2401 392 2449 est
405 2412 446 2461 per
458 2398 580 2459 accidens,
596 2397 638 2445 sed
657 2395 730 2446 solum
746 2398 871 2447 seeundum

65 2473 122 2523 illud
135 2472 197 2533 quod
216 2475 250 2519 est
266 2485 307 2533 per
323 2484 356 2521 se.

99 2544 134 2593 ad
148 2542 247 2606 primurn
263 2556 317 2605 ergo
335 2542 467 2604 dicendum,
482 2540 543 2605 qudd
557 2540 629 2589 uirtus
642 2552 715 2589 causae
731 2540 873 2591 existimatur

66 2615 193 2667 secuudum
211 2614 304 2664 attentus
317 2628 357 2677 per
371 2626 411 2677 se,
428 2626 474 2663 noo
492 2615 569 2661 autem
587 2612 710 2663 seeundum
723 2611 819 2661 effeetus
831 2623 872 2673 per

67 2686 185 2737 accidens.

100 2758 135 2809 ad
147 2754 270 2806 seeundum
283 2757 416 2818 dicendum,
430 2756 490 2818 quod
503 2756 563 2805 bona
572 2768 623 2818 qua
639 2752 753 2804 auditores
766 2752 869 2816 taoiunt,

68 2832 240 2893 consequuntur
250 2841 279 2877 ex
295 2826 455 2891 predicatione
468 2825 579 2891 dmtoris,
593 2828 653 2877 siout
666 2822 760 2876 effaetus
772 2836 815 2889 per
824 2832 869 2874 aaz
909 2862 918 2877 a
