1984 3309
140 184 174 222 m
188 184 270 224 inme
286 185 432 229 cocmsrorm
449 188 568 227 omisero
583 188 762 229 comessum.
808 184 857 233 ios

51 262 76 312 in
88 261 144 327 ips
161 267 223 313 mut.
237 263 327 327 Tertio,
341 265 455 328 quomodo
469 266 578 329 intelligit
593 267 730 319 submotos
751 269 855 323 immme

50 335 131 398 riolos,
148 349 201 402 que
212 340 268 385 sont
283 350 354 399 sopra
362 337 447 401 ipsam.

78 407 147 460 Circe
153 408 310 471 cognitionem
319 408 374 460 uero
383 409 534 475 corporalium
549 410 591 461 tria
599 411 762 465 musiderenda
775 428 855 467 occur-

50 482 109 530 mnt.
124 479 205 531 Primo
225 481 334 544 quidem,
348 495 390 545 per
405 481 460 545 quid
475 495 503 533 eo
520 483 643 545 cognoscit.
663 485 781 552 Secundo,
798 502 855 552 quo·

49 550 115 603 modo
126 555 153 606 et
161 565 209 615 ooo
221 551 311 606 ordine.
327 551 414 616 Tertio,
423 553 478 617 quid
487 553 514 603 iu
524 552 558 603 eis
568 554 692 618 cognoscit.

79 621 144 673 Circo
157 622 260 687 primum
273 627 405 687 queruntur
421 629 472 676 octo
486 641 491 673 :
507 629 533 675 l⁰
548 624 627 675 Ulrbm
641 626 716 677 enims
734 635 855 691 cognoscet

51 708 143 760 corpora
156 709 202 761 per
214 697 369 750 intellectum.
382 704 409 748 2⁰
423 698 503 756 Utrum
515 699 627 763 intelliget
640 715 667 753 ee
678 715 719 765 per
732 702 854 756 cosentiam

51 780 127 831 uum,
136 770 177 820 vel
188 783 231 833 per
242 768 331 833 miluus
339 769 435 834 species.
450 775 476 819 3⁰
487 770 513 820 Si
522 784 563 833 per
574 770 661 834 clipeos
671 771 768 836 species,
778 773 855 823 utrum

51 839 136 901 species
155 840 264 892 omnium
283 840 463 904 intelligibilium
486 841 534 892 siut
553 842 736 900 comouritur
760 845 855 897 inuste.

53 914 77 957 υ·
89 912 168 963 dirim
181 912 283 963 effluent
292 912 401 977 inipoum
411 914 440 964 eb
450 914 568 978 aliquibus
578 914 657 966 lormis
666 916 854 969 immaterialibus

53 983 298 1045 composuerim
306 985 384 1038 enims
396 990 473 1036 nostra
481 986 558 1037 omnis
566 1001 617 1051 que
625 987 815 1051 intelligiloidcsl
830 988 855 1037 in

53 1053 405 1109 umuousmomisoootmm
412 1057 855 1123 cogitationcmintelligibilemucqoirot

53 1126 855 1196 imnuiooutrbmintellectuoposoiteotuintelligerclpcrspecics
893 1125 898 1136 '

50 1198 221 1265 ineligibiles,
238 1214 296 1265 ques
315 1214 388 1265 penes
402 1214 427 1251 se
442 1202 526 1264 hebet,
545 1216 591 1253 non
611 1203 766 1254 convertendo
783 1216 808 1254 sc
827 1204 855 1253 sd

50 1272 217 1333 pbentesmetu.
239 1277 267 1323 8⁰
283 1272 365 1323 Utrum
379 1272 491 1336 judicium
513 1272 642 1325 intellectos
662 1274 800 1338 impedietur
815 1288 857 1339 per

50 1341 242 1408 impedimentum
252 1344 415 1395 mnudrcmm
426 1344 545 1397 sumtum.

349 1480 514 1541 ‚loolcooos
531 1482 550 1531 l.

125 1561 314 1635 Utntm'aoiinu
322 1589 447 1643 eognoscat
457 1600 556 1643 corpora
565 1598 608 1643 per
616 1586 773 1663 intellectum.

74 1699 107 1748 lod
113 1699 221 1763 primum
229 1696 409 1761 sicprocedilm.
418 1695 513 1747 tidelm
521 1694 582 1760 qood
590 1694 665 1745 anima
676 1708 723 1749 nou
733 1702 854 1759 cognoscat

48 1780 137 1833 comta
152 1784 201 1835 per
216 1768 367 1819 intellectum.
382 1767 442 1818 llicit
462 1767 525 1819 euim
540 1766 678 1831 Augustinus
692 1768 718 1817 in
731 1768 760 1818 ll.
778 1769 853 1821 solil.

48 1840 102 1904 lcep.
120 1842 159 1906 l),
174 1840 240 1905 quod
251 1856 266 1888 «
277 1851 375 1903 corpora
387 1838 503 1889 intellectu
513 1837 673 1903 comprehendi
686 1852 732 1891 uon
747 1846 854 1905 possunt,

48 1921 86 1960 uec
95 1913 195 1977 aliquod
204 1924 341 1975 corporeum
349 1911 395 1961 uisi
404 1911 509 1963 sensibus
518 1910 590 1961 videri
598 1913 701 1973 polest.»
709 1911 768 1961 Dicit
779 1912 851 1963 etiem

47 1981 90 2033 llll.
104 1988 197 2049 Super
210 1983 272 2033 Gen.
281 1983 318 2033 ad
331 1982 375 2033 lit.
388 1982 448 2048 (cup.
461 1982 516 2046 25),
528 1981 588 2045 quod
599 1982 679 2035 «visio
691 1982 853 2035 intellectualis

46 2058 78 2103 ost
89 2068 237 2119 corumque
246 2057 352 2119 suntper
360 2054 482 2106 essentiam
492 2067 556 2105 suam
565 2053 590 2102 in
598 2053 681 2117 animu3
695 2070 709 2100 o
721 2053 852 2117 hujusmodi

46 2130 120 2178 ouem
133 2141 186 2179 non
201 2130 258 2177 sunt
270 2138 376 2190 corpore.
394 2128 452 2190 Ergo
466 2125 542 2177 enirm
554 2138 596 2191 per
606 2124 747 2177 intellectum
759 2138 852 2190 corpora

46 2209 185 2260 cognoscere
198 2211 246 2248 nou
259 2200 345 2262 potest.

75 2274 97 2319 2.
108 2274 248 2333 Praeterea‚
262 2268 324 2319 sicul
337 2282 362 2321 se
374 2270 444 2322 babet
458 2284 538 2321 seuero
552 2270 581 2319 sd
598 2268 767 2331 intelligibilia,
783 2268 814 2319 ile
830 2282 854 2320 sc

47 2338 112 2393 lubet
119 2343 258 2401 intellectus
265 2342 295 2392 ad
302 2341 480 2393 mnsloiosooo
488 2341 562 2392 areima
570 2354 610 2407 per
617 2354 708 2391 sensum
718 2340 853 2393 nullomodo

46 2417 119 2473 polest
129 2427 274 2478 cognoscere
284 2412 412 2478 spiritualia
422 2451 428 2474 ,
439 2406 557 2478 quesuot
567 2411 726 2476 intelligibilia.
744 2414 802 2475 Ergo
812 2427 854 2463 nec

48 2496 85 2545 per
94 2485 243 2535 intellectum
254 2486 334 2549 potest
343 2497 477 2547 cognoscere
488 2497 593 2548 corpora,
604 2497 655 2549 que
664 2487 718 2536 sunt
728 2484 852 2535 sensibilia.

77 2562 99 2607 3,
111 2561 249 2621 procrea,
258 2556 391 2607 intellectus
403 2560 438 2607 est
447 2556 627 2617 necessariorum
636 2559 660 2604 ct
672 2568 761 2619 semper
774 2556 853 2606 eodem

49 2627 111 2679 modo
126 2643 154 2680 se
172 2628 320 2679 habentium.
337 2627 382 2677 Sed
395 2639 488 2693 corpore
502 2626 578 2692 ommia
589 2631 642 2677 sono
659 2625 762 2691 mobilia,
773 2631 797 2678 et
807 2640 853 2679 non

48 2699 126 2751 codem
135 2700 209 2751 modo
222 2712 248 2749 se
260 2697 381 2749 habentia.
395 2699 475 2750 inimo
486 2712 540 2763 ergo
554 2711 595 2763 per
608 2697 747 2749 intellectum
759 2711 852 2763 corporo

48 2782 188 2832 ltogrnoocere
201 2785 250 2824 non
264 2774 352 2835 potest.

77 2842 123 2893 Sed
139 2848 221 2893 contro
235 2846 286 2906 est,
299 2840 362 2905 quod
374 2840 471 2893 scientio
486 2844 522 2893 est
535 2840 559 2893 iu
570 2840 695 2893 intellecto.
711 2840 736 2890 si
749 2854 802 2902 crgo
812 2840 851 2889 io-

49 2912 152 2965 lellectns
166 2928 214 2965 non
226 2910 346 2977 cognoscit
364 2926 472 2977 corpora,
487 2913 591 2981 sequitur
606 2914 665 2977 quod
681 2912 744 2961 nulla
757 2909 851 2961 scientie
