1984 3309
164 181 197 222 ll}
211 179 408 224 mmmm
422 177 699 224 mom-dm.
785 173 833 222 tlt

31 260 101 312 sulem
110 259 214 324 quidem,
221 266 289 325 prout
301 260 427 312 mcuudhm
438 273 476 313 res
484 261 601 313 luveritur
610 259 833 326 selprelermittilur

30 332 131 384 modium
146 332 239 383 uirtutis
251 332 276 382 hr
288 333 397 384 humanis
417 334 504 385 actibus
521 336 545 384 ct
560 332 712 398 passionibus.
725 333 759 384 lid
774 331 833 397 poli·

31 405 99 455 sicum
113 408 192 456 aulem
209 409 234 455 ct
246 407 372 467 rhetorem,
392 405 517 456 secuudum
534 405 595 470 qaod
611 417 640 456 er
659 403 833 456 circumstantiis

30 482 94 528 actus
112 477 239 528 redduntur
256 478 380 534 laudabiles
391 477 429 528 rel
441 477 621 542 vituperabiles,
636 475 777 528 excusabiles
795 475 833 527 acl

30 549 184 613 accusabiles,
195 548 346 600 dirersimedt
359 553 450 614 umen,
462 561 515 598 mm
533 549 594 613 quod
607 549 684 599 rhetor
697 547 829 614 persuadet,

30 622 146 686 politicus
151 621 269 686 dijudicat.
282 622 317 672 lld
329 621 459 684 theologum
473 625 558 684 autem,
571 621 607 671 cui
621 633 699 672 omncs
708 620 759 672 alia
771 623 833 672 artes

31 695 176 756 desoniuut,
188 693 288 758 pertinet
299 694 405 744 omnihus
419 693 491 744 modis
500 691 626 756 predictis,
639 693 751 758 cumipse
763 692 834 747 habel

32 765 227 818 considerationes
239 766 268 816 de
283 766 370 815 actibus
383 764 491 815 virtuosis
505 767 528 815 et
539 764 629 816 vitiosis
639 777 690 814 eum
702 763 794 827 morali,
810 767 833 814 ct

31 839 161 890 considerat
183 840 246 888 actas
263 837 388 889 secuudum
403 836 464 900 pudd
482 841 599 888 merentur
616 847 708 901 poenam
725 838 763 887 rel
776 851 835 901 prae·

31 911 166 960 miumeum
178 911 270 960 rhetore
283 913 308 960 ot
321 909 421 974 politico.

325 1064 486 1116 samonaos
502 1066 540 1115 ΙΙΙ.

46 1174 136 1220 Utrum
149 1172 315 1218 munienter
324 1174 495 1279 emffiealur
511 1171 696 1216 circumstantie
709 1171 737 1216 tas
751 1169 821 1216 tertio

419 1245 504 1279 conam.

60 1346 96 1395 ad
105 1331 203 1396 tertium
215 1343 250 1395 sic
261 1343 399 1408 proceditur.
408 1339 503 1393 Videtur
516 1339 575 1406 qudo
585 1340 775 1392 inconvenienter
790 1340 834 1390 cir-

32 1418 176 1469 cumstarrtia
182 1420 331 1469 numerentur
341 1417 366 1466 iu
371 1415 411 1466 ΙΙΙ.
422 1413 504 1466 ditate.
516 1413 688 1465 circumstantia
697 1411 759 1462 crim
769 1415 834 1462 acius

33 1491 127 1551 rricius,
141 1489 204 1554 quod
222 1487 322 1539 merids
335 1500 362 1538 se
375 1488 446 1538 hahet
462 1487 491 1536 ad
505 1489 587 1537 actum.
602 1483 738 1550 hujusmodi
757 1485 834 1534 autem

33 1567 86 1611 sunt
98 1566 190 1626 tempus
201 1564 227 1611 et
237 1561 308 1611 locus.
323 1561 384 1624 Ergo
394 1558 448 1610 solo
460 1557 512 1610 dua
526 1562 578 1610 suut
588 1553 776 1619 circumstantiae,
791 1553 836 1605 sci-

33 1634 86 1684 licet
103 1633 209 1698 quondo
219 1635 245 1683 et
257 1632 310 1682 udi.

63 1712 88 1756 Ξ.
101 1707 229 1766 merca,
239 1718 267 1755 ex
279 1703 455 1754 circumstantiis
471 1702 581 1768 accipitur
592 1699 645 1766 quid
658 1697 716 1752 ocra
730 1696 766 1748 sel
776 1695 836 1748 malt

34 1778 81 1827 fiat.
93 1776 140 1828 sert
155 1777 200 1827 hoc
214 1775 316 1840 pertiuel
328 1775 357 1825 ud
373 1774 464 1825 modum
480 1778 552 1825 actus.
571 1773 629 1838 Ergo
648 1781 728 1822 omues
742 1769 837 1822 circum-

34 1847 124 1898 stantie
139 1847 287 1897 inctudmrtur
299 1845 342 1896 suh
353 1857 408 1906 ura,
420 1857 471 1909 que
482 1849 520 1905 est
530 1845 609 1896 modus
620 1843 710 1907 agendi.

64 1925 89 1969 a.
107 1919 236 1980 Prulerea,
248 1916 424 1968 circumstantiae
442 1928 488 1968 nou
507 1919 559 1968 suut
576 1917 604 1966 de
621 1914 747 1966 substantia
761 1916 835 1963 actus.

34 1994 75 2040 Sed
87 1991 117 2040 ad
126 1988 353 2040 nhslautimaclus
360 1988 475 2053 pertinere
484 1987 590 2038 ridentur
598 1997 673 2036 cause
683 1984 754 2048 ipsius
762 1986 835 2032 udus.

36 2066 94 2127 Ergo
105 2064 169 2113 sulla
181 2061 354 2112 circumstamie
362 2059 430 2112 dehet
439 2059 499 2111 sumi
508 2073 537 2111 ex
552 2069 623 2109 causa
632 2057 705 2121 ipsius
716 2058 789 2106 actus.
800 2055 838 2104 Sic

36 2150 88 2198 crgo
107 2147 182 2198 neque
196 2135 269 2198 quis,
283 2146 357 2198 neque
367 2135 476 2196 propter
490 2130 569 2195 quid,
586 2141 661 2192 neque
675 2128 743 2177 circo
758 2123 837 2189 quid,

37 2212 89 2256 suut
104 2205 297 2268 droumstantis3
308 2218 362 2255 uam
374 2204 540 2269 quispertluet
548 2203 577 2251 ad
590 2211 681 2251 causam
689 2197 837 2261 efficientem,
885 2229 887 2235 ι

37 2280 142 2342 propter
156 2277 221 2342 quid
234 2277 263 2326 ad
276 2276 381 2337 dualem
394 2271 540 2339 circopetici
553 2273 581 2324 ad
594 2267 743 2321 materialem.

66 2350 114 2400 Sed
126 2352 203 2399 rostra
221 2352 258 2399 est
274 2347 398 2398 causulas
410 2345 543 2410 Philosophi
557 2343 581 2395 in
597 2341 635 2392 lll.
649 2341 729 2392 Etlrtc.
744 2341 838 2406 (capa

38 2425 73 2474 vei
85 2429 100 2472 8
110 2423 129 2486 l.

67 2496 267 2559 (dorcassro.-
275 2493 301 2542 ln
312 2489 513 2540 humauisactihus
522 2487 573 2552 quis
581 2485 643 2548 tecit,
656 2483 738 2549 quihus
749 2482 840 2536 auritis
893 2531 895 2536 .
956 2543 959 2550 ¹

39 2582 78 2617 scu
96 2564 267 2625 instrumentis,
282 2562 353 2626 quid,
369 2574 424 2623 cur,
441 2559 569 2625 quomodo,
584 2563 607 2608 et
626 2557 715 2622 quaudo
720 2595 728 2621 ,
742 2564 766 2608 el
779 2557 839 2607 eirca

40 2639 92 2702 quiid
108 2635 209 2700 meeth,
220 2633 363 2698 inspicienda
375 2631 451 2695 suut.)

68 2709 207 2774 Respondes
221 2703 358 2768 (licendum,
371 2703 433 2768 quhd
444 2702 532 2758 'tullius
544 2701 569 2752 iu
584 2713 624 2752 sua
638 2701 768 2754 lllctcrico
781 2696 839 2749 assi-

41 2787 93 2842 mut
113 2784 204 2844 septem
221 2776 416 2840 circumstantias,
440 2787 490 2838 que
513 2773 558 2824 hoc
579 2784 646 2824 vcrsu
667 2771 838 2823 condreatur:

43 2855 133 2916 «Quis,
143 2850 213 2916 quid,
224 2848 278 2914 uhi,
288 2848 373 2913 pathus
385 2847 490 2910 auxiliis,
501 2859 554 2910 cur,
570 2845 696 2910 quomodo,
711 2839 809 2908 quaudo.
824 2856 839 2888 s

42 2922 235 2978 thaddeuudrm
243 2926 279 2974 est
293 2921 355 2994 euim
368 2918 500 2983 ineditus,
512 2917 565 2982 quis
577 2919 646 2982 tout,
660 2915 740 2981 ochus
751 2911 840 2964 auritis
