1984 3309
161 189 207 236 672
318 193 391 234 rama
408 193 536 247 seccanae,
550 193 644 239 omnam
662 197 693 244 n,
705 193 761 232 aar.
776 193 810 234 m.

160 275 229 325 tabet
246 272 380 323 inanitatem
393 275 501 336 respecta
517 272 591 336 ipsius
609 271 711 336 corporis
722 276 748 322 et
767 272 869 337 panium
880 274 953 323 anima

159 346 247 411 corpori
261 347 430 396 acaemetarum
450 359 456 392 :
471 343 531 392 sinant
542 343 666 393 invisibilia
680 337 737 394 siant
748 345 915 407 quodammodo
924 346 954 394 in-

159 418 223 468 tinita
233 420 339 484 respecta
352 415 512 478 materialium,
522 427 551 466 eo
559 415 620 479 qnod
629 415 703 466 torma
716 429 760 480 per
769 417 892 468 materiam
902 433 953 482 qno

160 490 278 541 dammodo
292 487 432 540 contraditur
445 492 469 538 et
480 487 559 538 duitor
574 503 580 536 :
597 487 657 537 unde
670 485 745 537 forma
759 487 774 537 a
788 490 885 540 matema
898 492 953 540 alno

160 564 207 612 luta
225 567 273 624 est,
291 561 456 625 quodammodo
478 559 576 610 infinita.
594 560 623 608 lit
636 559 688 610 ideo
706 573 801 621 sensns,
816 561 859 625 qni
877 567 911 614 ast
925 563 952 611 nis

160 633 296 698 corporalis,
312 633 427 696 cognoscit
450 631 564 696 singulare
584 631 645 696 qaod
666 635 702 682 eet
723 632 902 686 determinatum
922 649 953 698 per

160 704 290 766 materiam,
304 704 434 755 intellectae
446 699 517 766 vend,
534 703 574 766 qni
594 707 630 754 est
645 702 682 752 als
700 702 825 754 amatoria
846 707 952 765 absoluta,

160 776 276 840 cognoscit
286 775 413 826 universale
424 775 483 838 quod
495 779 531 824 est
541 775 680 825 abstractam
692 774 814 826 imaoeria
823 780 851 827 et
862 779 952 828 monet

152 849 203 898 ‘aab
213 859 237 898 se
248 845 338 898 indulta
350 846 481 911 singularia.
495 847 560 896 llnde
573 850 635 910 palat
648 848 708 910 qood
716 847 804 898 bonnm
819 850 952 900 conveniens

162 919 264 984 corpori,
279 919 338 982 quod
354 931 394 982 per
410 916 614 981 apprenensionem
629 931 711 968 mneos
722 919 902 972 delectationem
915 935 953 971 cor·

161 991 261 1055 poralem
275 992 368 1051 causat,
384 1001 430 1040 oon
448 988 623 1054 capemenas
635 990 720 1060 mom
733 990 852 1056 hominis;
865 995 905 1045 sed
920 996 953 1042 mi-

163 1063 246 1112 nimum
269 1061 375 1126 quiddam
391 1060 416 1110 in
435 1061 602 1124 comparatione
624 1061 652 1112 ad
674 1061 760 1112 mnam
780 1063 868 1116 anime
885 1081 891 1115 t
906 1066 953 1116 node

162 1135 286 1198 Sopieal„
301 1133 356 1195 llll,
368 1131 450 1182 dieitur
457 1169 465 1196 ,
480 1133 566 1196 qnod«
584 1145 651 1183 omna
664 1145 745 1183 aarum
758 1133 783 1184 in
794 1139 952 1201 comparatione

161 1203 295 1268 sapientia,
307 1217 376 1254 arena
392 1208 427 1254 est
438 1203 530 1267 exigua.
544 1202 608 1253 »Sic
621 1203 691 1268 igitar
703 1217 779 1269 neque
792 1207 900 1273 voluptas
913 1223 951 1259 cor·

162 1274 245 1338 peratis
266 1279 300 1326 est
313 1274 363 1338 ipsa
382 1275 514 1336 beatitudo,
529 1289 572 1326 nec
591 1279 627 1327 est
642 1289 684 1340 par
696 1289 723 1326 se
743 1277 855 1332 accidens
866 1281 954 1332 matin-

162 1347 230 1398 diois.

193 1420 225 1470 dd
235 1419 334 1484 patinam
341 1431 395 1483 argo
407 1419 543 1480 dicendum,
556 1419 615 1484 qnod
628 1419 732 1484 ejusdem
744 1421 843 1474 rationis
851 1428 894 1486 est,
904 1425 952 1488 quot

161 1494 280 1556 appetatur
292 1492 389 1554 bonnm,
405 1494 428 1542 ct
442 1491 502 1554 qnod
513 1495 634 1556 appelatur
646 1492 780 1557 delectatio,
793 1497 913 1560 quae-mitit
927 1502 953 1545 est

160 1565 222 1614 alind
235 1563 302 1627 quim
316 1563 425 1628 qnietatio
441 1563 556 1628 appetitas
568 1564 593 1613 in
608 1565 669 1615 tono
686 1580 692 1614 z
709 1565 769 1615 sicot
782 1580 814 1617 ex
826 1570 905 1620 eadem
918 1569 953 1617 aar·

161 1637 209 1686 tote
230 1639 316 1686 maturae
338 1638 373 1686 ast
391 1635 453 1699 qudd
472 1647 542 1699 grave
561 1636 650 1687 feratur
667 1637 789 1702 deorsum,
808 1644 833 1691 et
851 1640 910 1705 quot
928 1639 953 1687 iii

161 1707 271 1771 quiescat.
285 1708 349 1756 Unda
362 1707 421 1758 sicut
437 1707 525 1758 ionum
536 1711 628 1772 propter
640 1709 742 1772 seipsam
754 1712 880 1777 appetitur,
894 1712 924 1762 ita
937 1718 953 1759 et

161 1767 280 1829 delectatio
297 1783 390 1844 propter
403 1793 441 1842 se,
461 1783 484 1830 et
500 1789 547 1830 aon
566 1784 658 1844 propter
676 1779 736 1830 aliud
754 1784 887 1848 appetitur,
899 1785 918 1834 si
934 1783 953 1845 lg,

163 1849 286 1915 (propter)
300 1849 360 1901 dicat
379 1863 471 1902 causam
491 1851 596 1915 finalem,
614 1851 635 1901 si
655 1850 709 1902 rard
729 1852 791 1903 dicat
814 1868 907 1906 mnsam
920 1857 955 1904 tor-

162 1922 258 1987 malam,
273 1924 311 1973 vel
320 1923 396 1987 potius
408 1936 500 1974 oausam
514 1923 633 1987 motivam,
648 1923 681 1974 sio
696 1924 821 1977 delectatio
834 1931 870 1978 est
889 1941 954 1992 appa·

162 1995 233 2047 tibilis
247 1999 339 2060 propter
356 1996 432 2060 aliud,
442 1996 465 2046 id
484 2000 518 2046 est
526 2033 535 2059 ,
549 2001 642 2060 propter
652 1997 739 2048 Mum
754 2001 817 2062 qnod
831 2003 868 2050 est
884 2002 956 2050 delen·

162 2069 254 2120 tationis
268 2069 397 2134 objectum
412 2072 435 2120 et
452 2083 494 2133 per
509 2078 652 2132 commonens
664 2074 700 2120 est
712 2070 927 2136 principiendos,
939 2078 957 2120 et

162 2144 201 2193 dat
215 2141 237 2192 ei
248 2141 344 2193 formam
357 2157 362 2192 :
376 2154 404 2192 er
414 2143 458 2192 troo
469 2141 531 2191 enim
547 2140 669 2192 delectatio
681 2141 753 2192 habet
762 2145 825 2206 qaod
836 2149 955 2208 appetatur.

163 2213 215 2278 quia
230 2217 266 2264 est
279 2213 345 2276 quies
357 2213 381 2264 in
396 2213 455 2264 bono
469 2213 606 2264 desiderato.

195 2285 228 2335 ttd
242 2285 366 2336 meandum
377 2285 511 2348 dicendam,
525 2284 586 2349 qnod
595 2286 722 2337 vehemens
733 2287 853 2352 appetitus
864 2289 957 2339 delecta-

162 2355 231 2406 tionis
244 2357 358 2408 sansibllis
373 2357 482 2420 contingit
501 2370 530 2408 ex
550 2359 594 2408 laoc
606 2359 667 2422 qnod
681 2360 827 2422 operationes
839 2368 956 2410 sensnum.

163 2426 216 2490 qnia
233 2432 286 2478 snat
303 2429 417 2494 principia
429 2435 513 2480 nostrae
530 2429 682 2493 cognitionis,
697 2434 750 2480 sunt
766 2430 839 2493 magis
851 2430 957 2494 percepti-

163 2497 219 2548 lites
235 2514 240 2546 :
256 2500 316 2550 ande
339 2502 407 2550 etiam
426 2501 439 2552 a
458 2501 561 2565 pluritas
578 2501 738 2552 delectationes
755 2503 876 2552 sensibiles
896 2514 957 2565 appe

163 2573 251 2619 tantur.

194 2642 227 2690 dd
238 2641 332 2692 tertiam
344 2643 482 2708 dicendum,
493 2644 552 2708 qndd
563 2658 591 2696 eo
602 2645 668 2696 modo
678 2658 758 2697 omnes
768 2649 881 2710 appetant
890 2646 957 2695 delea-

162 2711 261 2762 tationes
286 2713 344 2762 sicam
363 2718 386 2762 et
402 2717 513 2778 appetunt
529 2715 631 2780 donnm3
647 2720 672 2767 et
692 2721 768 2766 tamen
786 2717 956 2768 delectationen

163 2782 370 2846 appetnat'ratiane
379 2785 446 2848 honi,
457 2791 480 2836 et
494 2801 540 2838 non
553 2787 699 2850 econverso,
710 2792 735 2838 nt
745 2789 831 2840 dictum
842 2793 885 2841 eet
899 2788 956 2838 Unde

163 2865 207 2902 noo
222 2853 324 2915 sequitur
341 2857 400 2915 qnod
419 2857 540 2911 delectatio
552 2859 583 2910 sil
596 2861 720 2910 maximnm
741 2865 763 2911 et
775 2875 817 2925 per
831 2870 855 2913 se
866 2862 955 2920 bonnm
974 2856 976 2931 ξ

163 2923 202 2971 sed
216 2923 278 2985 quod
296 2935 438 2988 arnaqnaeque
452 2929 572 2983 delectatio
589 2937 741 2998 consentiatur
753 2933 844 2997 aliquod
856 2934 954 2990 donam,
974 2948 976 2969 ε
