1984 3309
253 147 284 184 na
299 146 462 184 oanruarroue
477 147 632 186 anemonen.
799 139 843 186 stt

48 224 124 273 licitur
136 235 189 274 esse
202 222 287 288 atbairi
297 224 322 273 in
332 237 358 273 re
369 223 453 287 aliqua,
464 225 526 288 quod
538 226 669 288 adaquatur
681 227 706 274 at
717 225 845 289 proportio-

48 300 106 344 netur
119 299 211 346 nature
221 295 301 359 ipsius.
315 297 359 346 Per
370 310 497 345 excessum
515 301 601 359 antem,
611 297 701 360 quando
716 296 771 346 illud
784 299 844 360 quea

47 367 173 417 attribuitur
181 366 262 430 ebeni,
272 371 308 418 est
316 367 468 431 mirusquiur
477 382 515 419 res
525 369 562 420 eui
572 369 708 430 attribuitur,
716 369 755 418 sed
768 372 845 419 tamen

47 439 149 491 convenit
162 438 198 488 illi
214 439 249 489 rei
262 453 303 504 per
313 441 436 503 quemdam
453 454 586 503 excessum,
598 441 656 490 sieut
669 440 754 490 dietum
771 443 807 490 est
818 441 845 491 de

47 511 148 562 omnibus
161 511 356 575 nominibusque
374 511 525 562 attribuuntur
539 514 593 562 lieo.
609 513 651 562 Per
666 511 846 575 perticipatio-

48 587 198 646 remantem,
212 584 304 646 mando
312 584 368 634 illul
382 585 443 646 quod
454 583 584 634 attribuitur
593 583 674 646 alicui,
686 597 731 633 nun
745 583 846 646 plenarie

48 656 159 707 iuvenitur
172 655 198 705 iu
213 669 253 718 eo,
267 657 308 705 sed
323 655 468 718 deiicientem
485 657 548 707 sieut
567 656 639 706 sensti
655 655 758 706 homines
776 649 845 720 parli-

48 727 142 791 r'rpatiu'e
159 727 265 776 dieuutm
277 726 317 779 att.
332 727 357 776 Si
371 741 426 790 ergo
438 727 522 790 abquid
538 727 649 777 nominari
662 728 744 778 debeat
755 727 846 779 nomine

48 800 180 861 designante
190 797 352 862 proprietatem
362 798 444 862 ipsius,
454 812 502 850 uon
514 800 580 850 debet
589 799 702 849 nominmi
711 801 739 848 ab
750 813 777 849 en
787 801 846 863 quod

48 869 178 934 imperfecti
195 870 420 934 participat,ner1ne
439 872 467 920 ab
487 883 515 922 eo
534 872 593 934 quod
611 872 745 922 excedentes
765 872 845 932 babet,

49 943 83 991 sed
93 943 124 992 ab
134 955 163 992 eo
176 942 237 1004 quod
253 946 290 992 est
302 941 345 991 sibi
359 941 426 1005 quasi
436 945 579 1006 eoaqnmum
597 957 602 991 :
616 942 676 993 sieut
691 941 776 1005 siquis
790 941 846 994 velit

48 1012 135 1078 proprie
149 1012 270 1063 nominare
286 1012 418 1076 bominem,
435 1014 497 1063 lieet
512 1027 564 1064 eum
578 1014 748 1063 substanttam
767 1015 847 1062 rette-

47 1085 140 1147 eolem,
157 1097 205 1134 nou
222 1089 298 1134 autem
315 1083 485 1134 substmrttom
506 1085 710 1141 intellectualem,
730 1085 790 1148 quod
810 1089 847 1134 est

48 1156 162 1219 proprium
175 1168 260 1206 nomen
278 1156 369 1218 augeli,
384 1156 438 1220 quia
459 1156 555 1221 simplex
573 1157 722 1220 intelligentia
742 1156 849 1208 convenit

47 1229 125 1288 angelo
141 1240 184 1292 per
200 1227 379 1292 proprietatem,
395 1228 481 1278 bomini
500 1227 555 1279 verb
574 1242 614 1293 per
635 1228 846 1292 perticipationem

48 1313 120 1362 reque
135 1299 307 1349 substantiam
322 1299 478 1357 sensibilem,
494 1301 554 1364 quod
569 1305 605 1351 est
622 1312 705 1350 nomen
723 1300 783 1349 bruti
797 1314 848 1363 pro·

48 1371 131 1432 prium,
145 1370 201 1434 quia
219 1383 301 1420 seusus
321 1373 357 1421 est
376 1371 451 1422 minus
473 1372 543 1435 onim
561 1373 583 1421 io
603 1373 662 1434 quod
681 1373 717 1421 est
732 1369 847 1434 proprium

48 1442 144 1506 bomini,
160 1445 184 1492 et
198 1442 405 1492 eonvenitbomini
422 1445 558 1494 excedentes·
573 1457 619 1507 prae
634 1441 685 1492 aliis
703 1441 846 1492 animalibus.

47 1514 83 1562 sic
103 1512 174 1577 igitur
194 1512 385 1564 considerandum
404 1519 439 1564 est
455 1515 480 1565 in
497 1515 613 1566 ordinibus
628 1513 774 1578 angelorum,
789 1511 848 1575 qubri

47 1599 123 1638 omnes
131 1585 264 1649 spirituales
274 1585 430 1649 perfeetiones
438 1593 492 1637 suut
500 1586 604 1637 ornoibus
612 1584 848 1650 angeliacommunes,

47 1662 69 1707 et
83 1671 163 1708 omnes
179 1656 333 1707 aburrdmtiis
345 1657 446 1709 existunt
459 1658 485 1707 iu
504 1657 657 1722 superioribus
671 1656 739 1721 quim
753 1655 777 1704 in
791 1655 850 1705 inie-

47 1728 215 1790 erubeseo
234 1727 286 1776 citu
306 1729 331 1776 in
351 1728 408 1792 ipsis
427 1729 495 1780 etiam
515 1729 691 1794 perfectionibus
711 1727 740 1778 sit
758 1726 849 1790 quidam

48 1801 128 1860 guars
140 1797 259 1863 superior,
269 1799 379 1864 perieetio
393 1799 523 1850 attibuitur
536 1801 646 1864 superiori
658 1797 732 1850 ordini
745 1811 786 1862 per
797 1811 849 1860 pro-

49 1869 610 1936 prietatem,inlerioriuerbperpartisipationem.
620 1873 755 1922 [leonaerso
764 1873 848 1930 auteur,

50 1943 142 1994 interior
157 1941 289 1992 attribuitur
297 1941 400 1992 interiori
409 1955 451 2006 per
463 1944 637 2007 proprietatem,
651 1939 762 2006 superiori
775 1942 849 1988 autern

50 2028 88 2076 per
105 2027 239 2076 eroessum3
259 2016 284 2064 et
301 2013 333 2063 ita
350 2015 454 2078 superior
468 2016 523 2065 ordo
546 2014 559 2064 i
580 2013 692 2077 superiori
710 2010 850 2075 perlectione

51 2085 185 2136 nominatur.
201 2084 241 2134 Sia
255 2083 326 2148 igitur
343 2085 466 2151 Dionysius
480 2084 576 2150 exponit
588 2085 693 2134 ordinum
710 2080 803 2132 usmiua
814 2095 851 2130 se·

52 2158 148 2208 enaiim
171 2155 355 2215 wnreuient'taru
379 2159 407 2208 ad
431 2157 562 2222 spirituales
584 2153 738 2219 perfectiones
762 2165 849 2203 eorum.

51 2229 168 2294 Gregorius
180 2228 236 2280 aer'o
244 2229 270 2278 in
280 2228 424 2293 expositione
432 2231 513 2279 borum
524 2229 640 2278 nominum
652 2227 723 2288 magis
734 2224 851 2275 attendere

53 2301 138 2353 videtur
151 2301 266 2352 exteriora
281 2300 421 2363 mimatensi,
433 2300 488 2350 dieii
499 2300 559 2350 enirn
571 2298 631 2362 quoi
646 2299 737 2362 Ampelr'
746 2295 852 2347 dieantur

52 2374 85 2435 qui
97 2373 195 2424 minima
203 2373 325 2437 nuntiant,
336 2372 498 2437 anteeant,
513 2370 553 2435 qui
562 2383 661 2432 strurma3
674 2371 799 2430 Virtutes,
811 2383 852 2433 per

53 2458 104 2506 quas
119 2444 232 2495 miracula
245 2445 317 2507 liunt,
332 2445 487 2502 Potestotes,
507 2443 590 2506 quibus
607 2443 708 2494 adrersae
727 2445 852 2505 potestates

54 2520 157 2567 aroeutur
168 2517 208 2566 rei
221 2515 375 2579 repelluntur;
392 2515 571 2579 Priomputus,
584 2514 622 2578 qui
635 2513 690 2578 ipsis
703 2513 769 2564 bouis
784 2512 850 2576 spiri-

54 2586 110 2638 tibus
124 2592 237 2652 prosunt.

83 2659 117 2709 iti
131 2661 232 2724 primum
248 2672 304 2722 ergo
316 2657 450 2721 dieendm,
465 2659 525 2721 qarbd
538 2659 632 2722 angelus
643 2658 749 2706 nuutios
762 2655 851 2706 dieitur.

56 2730 137 2782 Omnes
146 2744 203 2794 ergo
215 2731 321 2782 comtes
332 2729 426 2794 spiritus
430 2765 439 2792 ,
449 2729 473 2778 in
486 2733 595 2794 qnantum
607 2733 660 2780 sunt
673 2727 853 2778 manifestatores

58 2800 198 2866 diuinorum,
219 2801 501 2866 emmerammensis
523 2801 652 2866 superiores
673 2798 746 2862 angeli
767 2796 853 2874 habeut

60 2876 175 2932 quamdam
186 2872 378 2926 excelentiamiu
389 2874 432 2924 bae
442 2873 638 2937 rnaniiestotione,
649 2872 715 2934 aqua
725 2879 852 2931 superiores
