1984 3309
155 203 200 250 too
352 211 413 248 runs
428 211 451 260 r,
466 209 556 255 ouesr.
575 209 645 259 rtur,
663 207 717 245 unr.
733 207 751 246 r.

153 293 205 342 Non
217 292 294 339 autem
308 287 388 338 luisset
402 287 434 337 ibi
450 286 602 337 necessarium
616 284 781 348 ministerium,
796 285 816 335 si
831 285 900 336 bomo
913 299 948 350 per

153 360 252 425 seipsum
263 358 395 409 animalibus
402 358 569 409 dominabatur.
581 359 633 408 Non
641 371 695 420 ergo
707 356 731 405 iu
739 360 802 406 statu
816 356 949 408 innocentio

153 433 232 483 babuit
245 432 313 482 bomo
326 431 449 481 dominium
462 444 532 494 super
544 429 588 479 alia
598 429 712 479 animalia.

185 510 210 554 t.
227 505 355 564 Praeterea,
367 517 395 554 ea
406 518 456 566 qua
467 503 495 553 ab
507 501 604 553 inuicem
616 502 761 561 discordant,
778 512 825 552 non
837 501 899 553 rectt
913 501 949 550 sub

154 591 199 627 uno
212 575 313 627 dominio
326 577 499 638 congregantur.
515 572 559 624 Sed
573 574 644 624 multa
661 573 767 624 animalia
781 572 915 622 naturaliter
926 572 949 621 ab

154 647 250 698 inuicem
263 646 405 710 discordant,
418 646 477 696 sicut
490 647 541 696 ovis
555 649 579 695 et
592 645 667 709 lupus.
679 645 737 709 Ergo
754 658 800 695 nou
815 645 894 696 omnia
905 643 946 694 aui-

152 720 221 770 matia
233 719 275 770 sub
285 719 384 770 bominis
398 717 498 770 dominio
511 718 694 768 continebantur.

186 795 208 840 3.
224 791 349 851 Praeterea,
365 789 517 853 Hieronymus
533 789 600 850 dicit,
613 788 673 852 cpudd
686 807 699 836 u
708 787 796 840 bomini
808 792 865 839 ante
875 801 949 853 pecca-

154 867 203 912 tnrn
217 877 263 913 non
271 861 384 924 indigenti
394 863 454 912 Dens
467 859 598 910 animalium
611 859 790 911 dominationem
804 860 885 923 dedit3
902 873 952 924 pra-

154 935 240 986 soiebat
248 935 309 986 enim
319 934 435 985 bominem
449 933 586 984 adminiculo
595 932 725 982 animalium
738 932 898 995 adjuvandum
910 932 952 982 tore

153 1011 207 1072 post
220 1008 318 1071 lapsum.
334 1023 348 1053 n
367 1007 425 1068 Ergo
441 1005 469 1056 ad
489 1005 565 1054 minus
579 1019 635 1054 usus
652 1003 748 1054 dominii
762 1017 832 1068 super
848 1004 951 1056 animalia

155 1093 201 1131 nou
214 1079 357 1142 competebat
369 1078 456 1128 bomini
471 1079 526 1128 ante
540 1079 668 1140 peccatum.

186 1155 207 1201 t.
223 1152 351 1211 Praeterea,
364 1151 479 1214 proprium
493 1149 641 1200 domini'esse
659 1148 747 1198 uidetur
764 1149 902 1213 praecipere.
913 1149 952 1198 Sed

154 1227 293 1288 preceptum
307 1237 353 1273 non
365 1222 426 1273 rectd
440 1223 512 1272 lectur
522 1221 568 1272 nisi
581 1221 609 1270 ad
624 1221 748 1272 habentem
759 1219 885 1272 rationem.
899 1222 952 1283 Ergo
977 1253 978 1282 3

154 1298 222 1346 bomo
233 1309 279 1346 nou
295 1296 393 1345 babebat
410 1293 533 1345 dominium
548 1306 616 1357 super
630 1291 736 1341 animalia
750 1291 904 1343 irrationalia.

185 1368 229 1418 Sed
247 1370 324 1418 contro
346 1372 397 1431 est,
412 1367 472 1430 quod
488 1364 572 1414 dicitur
596 1365 680 1414 Genea.
700 1363 774 1427 primo
792 1363 821 1414 de
841 1365 952 1415 bomine:

156 1442 258 1492 «Praesit
268 1441 368 1504 piscibus
379 1439 457 1497 maris,
468 1441 491 1488 et
501 1437 630 1488 volatilibus
643 1436 709 1499 coeli,
721 1438 746 1486 et
754 1435 838 1486 bestiis
854 1441 928 1488 terrae.
939 1452 950 1481 n

186 1510 470 1576 (coacens10.·-.tdam
486 1509 511 1558 iu
526 1511 587 1558 statu
601 1507 738 1558 innocentiae
751 1507 842 1558 cunetis
856 1508 952 1558 domina·

153 1585 220 1634 batur
232 1583 378 1645 animalibus,
389 1580 450 1645 qudd
460 1581 482 1631 ei
491 1580 568 1630 omnia
582 1579 686 1628 animalia
700 1577 838 1629 naturaliter
856 1580 952 1644 subjectu

153 1658 248 1705 esseut:
263 1656 322 1705 uude
337 1655 362 1704 in
375 1667 466 1718 poenam
481 1652 640 1703 inobedientia
652 1650 752 1702 bominis
766 1651 794 1700 ad
808 1651 894 1716 Deum
907 1652 951 1702 ani-

154 1726 223 1776 malia
236 1740 326 1790 ortoque
342 1725 430 1775 bomini
441 1723 531 1774 obedire
545 1722 720 1784 contemnunt.)

187 1799 323 1861 despondeo
337 1797 467 1858 dicendum,
483 1795 543 1860 qubd
554 1796 613 1846 sicut
624 1793 691 1859 suprd
702 1794 834 1845 dictumest
849 1798 907 1862 (qu.
918 1799 953 1856 ot,

154 1873 195 1920 art.
212 1868 257 1933 1),
269 1869 420 1919 inobedientia
437 1869 467 1918 ad
479 1869 609 1930 bominem,
623 1877 701 1917 eorum
715 1880 765 1930 quae
776 1867 799 1916 ei
808 1867 896 1918 debent
909 1880 953 1918 esre

153 1943 271 2007 subjecta,
284 1943 405 1992 subsecuta
417 1945 452 1991 est
466 1942 490 1990 iu
505 1953 593 2005 pronam
604 1939 662 2003 ejus,
676 1951 704 1989 eo
713 1937 773 2003 qrrbd
783 1939 834 2003 ipse
849 1941 895 1990 luit
907 1940 954 1989 iuo-

154 2015 250 2066 bediens
263 2014 317 2065 beo.
329 2013 359 2064 ltt
371 2013 439 2077 ideo,
449 2013 473 2062 in
490 2015 550 2062 statu
561 2009 697 2061 innocentia
710 2014 764 2060 ante
776 2009 952 2063 inobedientium

152 2088 300 2154 praedictam,
315 2086 372 2136 nibil
390 2085 412 2136 ei
424 2085 579 2150 repugnabat,
600 2085 657 2146 quod
676 2083 809 2136 naturaliter
823 2084 919 2136 deberet
935 2082 953 2132 ei

154 2175 204 2212 esse
217 2159 353 2224 subjectum.
366 2157 444 2208 Omnia
457 2162 533 2207 autem
543 2155 649 2206 animalia
661 2160 714 2206 sunt
722 2154 809 2206 bomini
819 2157 954 2210 naturaliter

153 2234 256 2296 subiecta
270 2248 275 2281 :
291 2231 351 2296 quod
362 2234 455 2295 apparet
471 2243 501 2279 ex
514 2228 595 2278 tribus.
606 2225 683 2278 Primi)
694 2241 723 2276 ex
736 2227 788 2290 ipso
800 2231 891 2280 naturae
902 2241 952 2291 pro-

153 2318 232 2367 cessu3
251 2304 309 2353 sicut
327 2303 389 2353 enim
407 2301 432 2349 in
452 2299 598 2363 generatione
616 2311 692 2347 rerum
712 2297 849 2360 intelligitur
863 2299 951 2362 qnidam

153 2375 208 2424 ordo
213 2411 221 2437 ‚
232 2389 277 2439 quo
286 2373 417 2438 proceditur
425 2366 453 2424 dc
461 2373 596 2438 imperfecto
605 2372 631 2422 ad
641 2371 768 2435 perlectum
779 2371 844 2435 (nam
860 2370 951 2422 materia

153 2449 189 2496 est
202 2451 293 2512 propter
305 2447 413 2508 formam,
425 2449 449 2495 et
463 2445 535 2494 forma
552 2443 707 2508 imperfectior
725 2446 818 2508 propter
830 2443 953 2508 perlectio-

155 2532 202 2567 rem
211 2517 233 2582 );
248 2519 280 2567 ita
294 2517 363 2568 etiam
377 2520 412 2566 est
424 2517 449 2565 in
462 2531 505 2566 usu
517 2528 591 2565 rerum
603 2515 746 2566 naturalium.
762 2516 818 2564 Nam
832 2513 950 2580 imperter-

156 2590 213 2639 liora
224 2591 306 2639 cedunt
318 2589 342 2638 iu
354 2603 418 2639 usum
432 2587 600 2653 perfectiorum.
612 2588 697 2638 Plauto
712 2587 773 2638 euim
787 2590 883 2646 utuntur
895 2584 949 2637 terrai
976 2647 977 2653 ¹

155 2701 274 2746 bominem
286 2704 307 2745 et
314 2702 438 2746 mortalem
446 2701 568 2758 peccando
576 2701 707 2759 fcturum,
715 2711 784 2757 qoem
793 2699 949 2744 immortalem

155 2765 207 2822 ipse
218 2764 322 2809 creontis
332 2764 433 2821 Ideoque
444 2778 471 2809 eo
482 2765 525 2808 itta·
534 2764 621 2808 solatio
628 2761 830 2822 primordialiter
841 2760 947 2807 instituit

155 2827 242 2886 guidam
253 2827 413 2886 fragilitatem
424 2838 493 2871 suom
503 2827 580 2885 possit
591 2827 701 2872 mortalis
713 2825 792 2875 tueri,
801 2826 839 2870 nel
849 2825 948 2870 alimen-

157 2895 207 2934 tum
217 2889 330 2935 videlicet
342 2902 373 2933 en
384 2890 423 2933 tir
432 2887 535 2941 todem,
549 2889 586 2934 oel
595 2888 781 2939 iod-umentem,
792 2889 830 2934 oet
839 2885 946 2934 lotorem

156 2958 178 2998 et
187 2953 287 2999 itineris
298 2952 475 3010 adjumentum.
